2222 3762
389 160 457 212 78
998 155 1469 213 PLATONIS

387 304 547 377 σμόν,
582 309 636 360 τί
660 307 812 375 λέγει,
858 307 945 358 ἐπὶ
970 302 1232 368 ἅπαντας
1257 302 1387 369 τούς
1425 327 1478 361 τι
1517 309 1828 370 δοκοῦντας
1860 308 2074 362 εἰδέναι.

282 400 351 452 ‘22
389 394 480 445 καὶ
517 388 580 456 νὴ
623 388 719 443 τὸν
744 386 898 452 κύνα,
935 380 974 442 ὦ
1017 387 1214 456 ἄνδρες
1234 386 1551 456 Ἀθηναῖοι,
1581 424 1663 432 -
1697 395 1776 446 δεῖ
1803 388 1910 463 γὰρ
1937 388 2076 460 πρὸς

383 473 529 545 ὑμᾶς
554 473 786 540 τάληθῆ
813 476 983 541 λέγειν
1005 505 1080 513 -
1125 465 1156 538 ἦ
1191 469 1303 543 μὴν
1331 470 1429 542 ἐγώ
1458 474 1683 530 ἔπαθόν
1709 497 1760 530 τι
1785 477 2043 529 τοιοῦτον
2061 495 2072 506 ·

388 564 440 614 οἱ
461 562 561 628 μὲν
587 558 827 628 μάλιστα
856 557 1273 625 εὐδοκιμοῦντες
1295 558 1490 624 ἔδοξάν
1502 581 1596 630 μοι
1621 559 1812 627 ὀλίγου
1840 562 1952 614 δεῖν
1977 562 2079 613 τοῦ

387 647 646 697 πλείστου
684 644 877 704 ἐνδεεῖς
919 640 1058 695 εἶναι
1092 643 1350 706 ζητοῦντι
1375 642 1514 697 κατὰ
1541 645 1639 698 τὸν
1655 642 1812 706 θεόν,
1836 641 2001 698 ἄλλοι
2019 646 2076 698 δὲ

387 730 680 789 δοκοῦντες
715 725 1050 798 φαυλότεροι
1086 731 1464 795 ἐπιεικέστεροι
1513 727 1650 781 εἶναι
1692 723 1889 799 ἄνδρες
1938 726 2078 799 πρὸς

389 809 451 865 τὸ
507 814 792 883 φρονίμως
839 814 994 880 ἔχειν.
1075 813 1154 864 δεῖ
1204 809 1269 876 δὴ
1321 807 1452 880 ὑμῖν
1509 809 1612 878 τὴν
1665 809 1800 881 ἐμὴν
1859 810 2078 878 πλάνην

386 893 645 959 ἐπιδεῖξαι
695 890 872 963 ὥςπερ
912 891 1119 958 πόνους
1160 891 1316 958 τινας
1348 897 1676 962 πονοῦντος,
1724 900 1814 949 ἴνα
1854 917 1951 965 μοι
1986 898 2079 950 καὶ

385 976 763 1047 ἀνέλεγκτοςὴ
791 983 1025 1049 μαντεία
1068 987 1299 1046 γένοιτο.

1390 978 1553 1033 Μετὰ
1596 978 1704 1052 γὰρ
1729 976 2079 1043 τοὺςπολιτι-

505 1172 554 1215 P.
593 1172 663 1215 22.
728 1171 775 1211 Β.
837 1170 1010 1224 ἔγνων
1051 1164 1152 1211 οὖν
1193 1171 1280 1211 καὶ
1324 1169 1446 1222 περὶ
1479 1170 1542 1223 τ.]
1605 1163 1663 1210 αὖ
1701 1172 1828 1224 vulgo
1867 1177 1967 1225 post
2000 1165 2082 1211 οὖν

389 1229 579 1271 additum
624 1241 709 1271 om.
756 1228 878 1270 Bodl.
924 1230 1021 1270 -Vat,
1063 1229 1172 1270 Ven.
1217 1229 1256 1272 b.
1296 1228 1423 1270 Vind.
1465 1228 1504 1271 1.
1532 1226 1574 1270 4.
1605 1229 1645 1272 6.
1688 1227 1790 1270 Flur
1821 1229 1862 1272 d.
1895 1244 1934 1271 e.
1966 1243 2005 1269 σ.
2038 1231 2080 1270 h.

450 1360 500 1400 P.
537 1360 607 1402 22.
668 1357 752 1398 καὶ
793 1355 853 1411 νὴ
896 1353 990 1397 τόν
1027 1355 1185 1412 κύνα]

393 1418 490 1468 „De
535 1415 697 1468 origine
748 1420 791 1457 et
841 1416 878 1456 vi
919 1415 1188 1456 iurisiurandi

392 1475 588 1516 Socratis
644 1486 737 1527 per
795 1486 972 1515 canem
1025 1476 1188 1514 alias-

392 1545 498 1586 que
529 1533 841 1573 animantes
874 1533 1017 1571 variae
1050 1531 1191 1572 ferun-

393 1598 461 1630 tur
503 1598 547 1630 et
587 1597 778 1630 veterum
825 1594 868 1629 et
907 1590 1189 1629 recentiorum

393 1649 649 1702 sententiae,
678 1660 783 1698 quas
805 1648 1073 1699 collegerunt
1100 1659 1191 1686 ma-

391 1719 475 1757 gno
495 1706 638 1746 studio
661 1705 699 1745 Μ
715 1706 944 1758 enagius
963 1703 1015 1745 ad
1044 1705 1194 1746 Laert.

390 1764 451 1804 11.
481 1762 551 1806 40.
593 1777 635 1816 p.
666 1763 724 1806 92
756 1775 818 1814 sq.
870 1768 913 1802 et
949 1762 1065 1803 Pet.
1099 1762 1195 1802 Pe-

391 1822 535 1862 titus
596 1821 843 1862 observati.
909 1819 1091 1864 Miscell.
1150 1818 1192 1862 4.

392 1879 447 1928 7.,
479 1879 549 1930 qni
581 1891 658 1931 per
692 1890 841 1918 canem
865 1877 1040 1930 intelligi
1069 1883 1193 1930 puta·-

391 1938 467 1977 bat
491 1935 759 1976 daemonium
784 1935 992 1975 Socratis.
1013 1934 1191 1977 Ioach.

392 1994 748 2035 Camerarius
779 1993 940 2045 opusc.
974 1993 1028 2034 de
1056 1994 1111 2034 R.
1137 1993 1190 2035 R.

391 2067 417 2106 p
476 2050 546 2095 28.
588 2063 733 2092 canem
775 2051 1062 2092 arbitrabatur
1095 2064 1192 2092 esse

390 2110 488 2151 fidei
522 2109 781 2161 symbolum,
817 2113 944 2161 atque
977 2110 1090 2150 adeo
1128 2109 1192 2148 iu—

389 2166 616 2209 risiurandi
654 2165 883 2206 formulam
923 2164 976 2220 νὴ
1010 2162 1088 2207 τὸν
1118 2162 1192 2206 κύ-

389 2239 442 2266 να
474 2225 564 2265 fere
594 2222 860 2276 respondere
880 2224 1060 2265 Latinae
1095 2237 1192 2264 me·

391 2284 514 2326 dius
575 2279 762 2323 fidius.
859 2280 1194 2335 olympiodorus

390 2342 429 2383 in
462 2340 548 2380 vita
583 2341 786 2380 Platonis
819 2353 870 2381 ex
910 2341 1001 2382 eius
1032 2338 1195 2391 Gorgia

390 2411 538 2441 canem
572 2397 761 2439 ostendit
792 2398 925 2440 fuisse
965 2398 1195 2452 Aegyptio-

392 2468 483 2498 rum
532 2454 679 2496 deum.
720 2467 757 2494 v.
806 2457 1014 2497 Aelian.
1050 2456 1104 2495 V.
1141 2455 1194 2496 Η.

390 2513 445 2556 Χ.
475 2512 545 2556 45.
611 2513 705 2564 Ego
744 2524 847 2553 vero
891 2518 938 2554 ut
978 2513 1018 2552 in
1049 2525 1096 2553 re
1134 2514 1198 2552 in-

393 2576 510 2612 certa
553 2577 596 2610 et
640 2569 825 2610 obscura
873 2571 926 2610 iis
965 2570 1195 2621 assentior,

391 2628 462 2681 qui
503 2628 733 2680 opinantur
763 2626 988 2668 Socratem
1031 2628 1195 2668 iurasse

391 2697 470 2740 per
491 2697 658 2734 canem,
679 2696 894 2734 anserem,
917 2684 1042 2740 etiam
1069 2697 1194 2737 quer-

393 2755 489 2784 cum
524 2741 582 2794 (v.
615 2741 758 2796 Cyrill.
794 2740 1026 2783 Alexandr.
1062 2756 1098 2782 c.
1120 2741 1194 2782 In-

394 2800 494 2842 lian.
526 2799 565 2842 6.
600 2812 643 2852 p.
674 2798 759 2842 190
783 2799 863 2852 Α.),
899 2799 1013 2852 quod
1037 2799 1195 2841 noluis-

394 2861 488 2908 set,
541 2855 856 2898 Rhadamanthi
904 2860 1104 2909 exemplo
1153 2862 1196 2899 et

393 2914 668 2966 anctoritate,
702 2927 779 2966 per
807 2914 928 2968 ipsos
949 2914 1054 2956 deos
1077 2918 1193 2956 inra-

395 2986 456 3015 re.
497 2985 533 3011 v.
569 2970 821 3025 Porphyt.
866 2971 920 3012 de
955 2973 1193 3015 Abstinent.

394 3030 483 3071 111.
522 3029 588 3073 16
603 3031 633 3052 “
678 3029 975 3072 Fischerus.
1026 3029 1091 3072 Cf.
1141 3029 1193 3071 ad

396 3087 532 3139 Gurg.
545 3086 685 3141 p..482
703 3087 751 3127 Β.
765 3091 808 3127 et
820 3086 1195 3128 deRhadamanthi

397 3145 669 3186 iureiurando
688 3144 742 3186 ad
766 3145 800 3186 1
785 3158 901 3214 agg.
921 3145 1026 3186 XII.
1048 3160 1086 3196 p.
1095 3145 1194 3189 948.

399 3202 504 3246 BHG
527 3202 726 3244 Snidas
757 3217 790 3243 s.
814 3215 854 3243 v,
871 3197 1198 3254 Ῥαδαμάνθυος

401 3256 577 3313 ὅρκος,
605 3267 647 3302 et
686 3273 720 3302 s,
767 3275 806 3302 v.
847 3260 955 3314 χῆνα
1001 3256 1196 3312 ὀμνύναι.

397 3316 664 3361 Philostr.
736 3318 801 3360 De
851 3318 942 3360 Vita
998 3321 1198 3390 Apollon.

399 3388 436 3418 c.
466 3375 506 3418 9.
540 3373 775 3430 Σωκράτης
806 3372 881 3417 τὸν
902 3374 1011 3417 κύνα
1032 3377 1101 3418 καὶ
1124 3374 1200 3418 τόν

398 3433 505 3487 χῆνα
557 3434 625 3474 καὶ
671 3432 747 3487 τὴν
796 3432 1011 3475 πλάτανον
1066 3430 1197 3485 ὤμνυ,

1965 1263 1991 1283 0

1277 1351 1355 1426 οὐχ
1383 1351 1442 1395 ὥς
1463 1353 1618 1404 θεούς,
1652 1351 1734 1397 ἀλλ’
1766 1355 1835 1396 ἵνα
1857 1353 1913 1410 μὴ
1942 1355 2083 1397 θεοὺς

1279 1410 1431 1465 ὀμνύῃ.
1491 1414 1704 1455 Nimirum
1739 1415 1915 1456 callidus
1955 1415 2083 1468 εἴρων

1279 1485 1374 1513 cum
1420 1473 1696 1513 cavillatione
1741 1472 1927 1526 quadam
1963 1473 2079 1513 vide-

1279 1535 1350 1571 tur
1398 1530 1450 1570 ita
1486 1525 1707 1572 inraviss‘e.
1771 1531 1906 1570 Aliter
1937 1536 2083 1571 tamen

1281 1588 1407 1629 etiam
1430 1586 1574 1627 Schol.
1597 1587 1648 1627 ad
1668 1586 1935 1639 aristoph.
1950 1588 2082 1640 Vesp.

1283 1658 1321 1685 v.
1359 1644 1438 1688 83·
1482 1658 1598 1684 ουτω
1640 1642 1707 1684 διὰ
1752 1642 2085 1694 δεισιδαιμονίαν

1284 1700 1470 1753 ὤμνυον.
1503 1698 1530 1755 ἢ
1561 1699 1662 1754 τάχα
1682 1708 1858 1753 μιμεῖται
1877 1700 1981 1744 τοὺς
2013 1717 2083 1755 φι-

1283 1758 1508 1812 λοσόφους
1531 1759 1593 1800 εἰς
1616 1758 1723 1802 κύνα
1742 1761 1810 1802 και
1831 1762 1938 1815 χῆνα
1954 1756 2083 1812 ὀμνύ-

1283 1829 1424 1860 οντας.

1340 1930 1556 1975 ἔπαθόν
1609 1947 1655 1973 τι
1703 1934 1983 1974 τοιοῦτον·
2033 1935 2088 1974 οἰ

1279 1991 1371 2044 μὲν
1415 1989 1647 2042 μάλιστα
1677 1991 1760 2045 —]
1810 1992 1963 2033 Solent
2004 2007 2083 2034 eae

1279 2050 1545 2100 sententiae,
1579 2063 1688 2102 quae
1718 2050 1812 2090 aliis
1849 2051 2083 2091 subiiciun-

1281 2115 1352 2149 tur
1371 2107 1671 2161 explicationis
1692 2120 1859 2158 caussa,
1891 2109 1947 2148 ita
1969 2107 2083 2158 addi,

1279 2172 1326 2207 ut
1346 2167 1650 2219 particularum
1673 2171 1715 2206 et
1737 2165 2082 2207 coniunctionum

1279 2224 1447 2264 vincula
1474 2223 1738 2266 omittantur.
1759 2222 1896 2276 Gorg.
1919 2237 1961 2277 p.
1982 2222 2083 2267 450.

1279 2282 1346 2325 A.
1380 2281 1447 2321 καὶ
1478 2277 1561 2333 μὴν
1594 2282 1660 2321 καὶ
1703 2280 1750 2321 αἱ
1778 2277 1896 2321 ἄλλαι
1937 2281 2084 2333 τέχναι,

1284 2332 1318 2378 ὦ
1364 2333 1543 2408 Γοργιά,
1589 2335 1731 2379 οὕτως
1773 2340 1942 2390 ἔχουσι·
1986 2338 2082 2380 ἑκά-

1286 2409 1363 2464 ⁰¹⁷⁷.
1423 2391 1566 2436 αυτιῦν
1622 2397 1716 2450 περὶ
1777 2394 1939 2449 λόγους
1997 2395 2084 2438 ἐστὶ

1286 2451 1591 2503 τούτους,οὶ
1634 2451 1918 2507 τυγχάνουσιν
1962 2452 2084 2495 ὄντες

1284 2513 1366 2552 κτλ.
1405 2512 1518 2553 Ibid.
1569 2526 1607 2565 p.
1655 2511 1754 2556 465.
1809 2513 1857 2553 D.
1906 2509 1953 2553 τὸ
2006 2514 2084 2554 τοῦ

1282 2564 1575 2622 Ἀναξαγόρου
1607 2584 1661 2610 αν
1691 2567 1800 2610 πολὺ
1846 2563 1915 2638 ᾖν,
1947 2563 1982 2610 ὦ
2011 2573 2083 2623 φί-

1283 2629 1326 2667 λε
1374 2625 1515 2675 Πῶλε,
1569 2650 1625 2658 -—-
1682 2623 1794 2678 ὁμοῦ
1839 2623 1894 2668 ἂν
1947 2625 2084 2670 πάντα

1282 2682 1468 2738 χρήματα
1479 2681 1679 2738 ἐφύρετο.
1718 2686 1828 2726 Huic
1850 2687 1948 2728 loco
1969 2689 2083 2728 omni

1284 2755 1335 2783 ex
1405 2749 1526 2796 parte
1581 2746 1731 2784 similia
1798 2750 1898 2785 sunt
1957 2744 2082 2786 haec:

1285 2799 1501 2843 Phaedon.
1535 2813 1560 2852 p
1608 2801 1677 2846 68.
1714 2801 1762 2843 Ε.
1796 2803 1839 2841 τί
1867 2797 1902 2842 δ’
1931 2805 1975 2843 οἱ
2009 2799 2082 2842 κό-

1283 2870 1398 2908 σμιοι
1435 2853 1600 2910 αυτῶν;
1653 2854 1706 2899 οὐ
1756 2855 1914 2901 ταύτὸν
1954 2860 2083 2900 τοῦτο

1282 2913 1577 2969 πεπόνθασιν;
1628 2913 1836 2959 ἇκολασια
1878 2932 1953 2959 τινι
1999 2917 2082 2959 σαῖ-

1282 2972 1444 3028 φρονές
1476 2973 1580 3024 ει’,·σι
1614 2976 1747 3029 legg.
1783 2977 1814 3018 l.
1842 2991 1883 3031 p.
1908 2974 2008 3021 635.
2032 2977 2082 3020 D.

1282 3031 1403 3072 ἕνεκα
1435 3033 1508 3085 τῆς
1538 3033 1838 3086 γλυκυθυμίας
1869 3034 1942 3087 τῆς
1973 3033 2084 3087 πρὸς

1283 3086 1356 3131 τὰς
1423 3086 1586 3139 ἡδονὰς
1644 3089 1799 3133 ταύτὸν
1866 3094 2082 3134 πείσονται

1284 3151 1372 3188 τοῖς
1402 3145 1655 3202 ἡττωμένοις
1672 3152 1754 3192 τῶν
1774 3145 1954 3202 φόβων·
1979 3140 2080 3191 δοῦ-

1283 3203 1485 3247 λεύσουσι
1526 3206 1691 3262 τρόπον
1733 3206 1879 3262 ἕτερον
1918 3209 1986 3249 καὶ
2018 3205 2081 3248 ἔτ’

1283 3262 1442 3315 αἰσχίω.
1477 3266 1671 3321 Gorg.p
1677 3265 1811 3310 ,513
1834 3270 1883 3308 Α.
1920 3266 2079 3308 Phaed.

1283 3335 1323 3375 Ρ.
1367 3322 1465 3367 251.
1511 3326 1559 3368 D.
1592 3280 1765 3366 Menex.
1803 3338 1843 3377 p.
1884 3323 1986 3368 235
2028 3324 2077 3365 Β.

1283 3379 1463 3448 Eurip.
1519 3379 1972 3437 Heraclid.v.179
2022 3381 2079 3436 μὴ

1286 3434 1433 3490 πάθῃς
1464 3437 1518 3480 οὐ
1549 3441 1691 3488 τοῦτο,
1722 3435 1826 3481 τούς
1853 3435 2081 3491 ἀμείνονας
