2158 3718
858 71 1120 163 PHAEDo
1151 121 1198 162 p.
1219 109 1287 150 60.
1321 163 1324 166 Δ
1881 107 1944 159 91

178 246 456 318 πρότερον
501 234 672 301 οὐδὲν
717 246 940 300 πώποτε
986 245 1239 317 ποιήσας.
1317 246 1368 300 εί
1410 238 1518 300 οὖν
1564 248 1622 300 τί
1662 260 1752 300 σοι
1799 247 1951 316 με’λει

179 336 280 386 τοῦ
318 334 465 402 ἔχειν
505 331 601 402 ἐμὲ
628 329 834 402 Εὐηνςό
863 330 1298 402 ἀποκρίνασθαι,
1338 330 1474 385 ὅταν
1510 352 1577 402 με
1616 325 1785 394 αὖθις
1822 333 1950 402 ἔρη-

178 437 298 486 ται,
339 409 404 471 εὖ
441 413 567 470 οἶδα
603 416 710 485 γὰρ
749 415 834 470 ὅτι
874 416 1157 486 ἐρήσεται,
1198 418 1343 486 εἰπέ,
1382 420 1439 470 τί
1481 416 1588 488 χρή
1624 436 1691 486 με
1737 417 1949 484 λέγειν,

178 502 322 570 Λέγε
375 504 599 570 τοίνυν,
657 503 792 572 ἔφη,
845 499 1025 572 αὐτῷ,
1083 493 1127 555 ὦ
1164 502 1373 571 Κέβης,
1420 499 1664 571 τάληθῇ,
1722 498 1808 554 ὅτι
1845 499 1951 555 οὐκ

179 587 376 657 ἐκείνῳ
413 586 757 655 βουλόμενος
783 584 915 640 οὐδὲ
941 595 1055 650 τοῖς
1080 586 1384 656 ποιήμασιν
1421 584 1597 640 αὐτοῦ
1636 584 1953 655 ἀντίτεχνος

179 668 324 725 εἶναι
351 671 586 741 ἐποίησα
610 674 811 725 ταῦτα·
851 669 1014 742 ᾔδειν
1050 672 1176 742 γάρ,
1217 668 1292 734 ὥς
1329 669 1397 724 οὐ
1437 671 1635 742 ῥᾴδιον
1674 675 1783 741 εἴη·
1825 668 1950 723 ἀλλ’
1976 686 2008 725 Ε

179 756 467 810 ἐνυπνίων
505 759 679 809 τινῶν
716 744 1199 826 ἀποπειρώμενος,
1237 758 1294 809 τί
1329 758 1504 826 λέγει,
1545 757 1638 809 καὶ
1675 754 1953 825 ἀφοσιού-

175 860 368 911 μενος,
421 842 472 895 εί
515 838 625 911 ἄρα
671 841 939 904 πολλάκις
985 839 1195 910 ταύτην
1242 838 1346 910 τὴν
1383 842 1662 911 μουσικήν
1699 860 1792 910 μοι
1832 841 1954 894 ἐπι-

170 925 362 980 τάττοι
408 935 606 980 ποιεῖν.
682 921 755 995 ἦν
799 924 907 995 γὰρ
964 923 1030 994 δὴ
1081 924 1216 978 ἄττα
1263 925 1475 978 τοιάδε·
1542 926 1813 988 πολλάκις
1860 946 1954 994 μοι

177 1014 391 1080 φοιτῶν
429 1009 490 1064 τὸ
528 1007 665 1064 *auto
707 1010 980 1064 ἐνύπνιον
1008 1010 1071 1063 ἐν
1097 1013 1172 1079 τῷ
1210 1008 1555 1076 παρελθόντι
1591 1012 1715 1079 βίῳ,
1757 1007 1954 1062 ἄλλοτ’

177 1095 242 1150 ἐν
279 1094 423 1165 ἄλλῃ
462 1094 588 1161 ὄψει
627 1095 992 1165 φαινόμενον,
1031 1092 1098 1147 τὰ
1123 1091 1266 1147 αὐτὰ
1304 1093 1365 1147 δὲ
1405 1094 1589 1162 λέγον,
1618 1086 1687 1146 Ὧι
1715 1093 1954 1161 Σώκρα-

175 1198 290 1249 τες,
339 1181 476 1249 ἔφη,
524 1179 804 1249 μουσικὴν
841 1180 988 1232 ποίει
1035 1179 1127 1232 καὶ
1177 1177 1428 1248 ἐργάζου.
1505 1178 1599 1231 καὶ
1638 1175 1746 1247 ἐγώ
1790 1180 1852 1232 ἔν
1891 1197 1954 1246 γε

289 1353 338 1395 D.
378 1345 586 1409 Εὖηνῷ
628 1345 1094 1405 ἀποκρίνασθαι]
1140 1351 1209 1392 Sic
1231 1351 1350 1393 Bodl.
1375 1351 1481 1391 Tub.
1505 1351 1603 1391 Vat.
1626 1351 1732 1391 Ven
1758 1350 1808 1392 H
1827 1351 1953 1393 Vind.

178 1410 217 1451 Φ
239 1410 334 1450 Pa1.
356 1410 388 1449 L
409 1411 559 1450 Ambr.
583 1409 692 1450 F101.
715 1409 742 1449 d
763 1416 803 1448 et
824 1421 849 1449 a
870 1408 1170 1451 1e00m.F.lor
1192 1409 1230 1449 b.
1253 1408 1394 1460 Vulgo
1418 1402 1786 1473 ἀποκρίνεσθαι.
1831 1408 1953 1449 Cete-

177 1479 271 1506 rum
288 1457 478 1520 Ευηνος
500 1473 539 1505 et
556 1458 728 1520 Εὐήνῳ
759 1472 939 1505 retracto
969 1471 1145 1504 accentu
1172 1464 1240 1505 hic
1270 1473 1310 1505 et
1330 1464 1371 1504 in
1395 1464 1599 1518 proximis
1621 1464 1813 1504 scribunt
1830 1463 1951 1505 Bodl.

136 1556 139 1558 ,
175 1524 271 1566 Vat.
295 1524 405 1566 Ven.
427 1522 475 1564 Π
494 1523 623 1566 Vind.
648 1522 687 1564 Φ
718 1523 813 1565 Pa1.
838 1520 872 1562 G
892 1520 925 1561 L
946 1520 1091 1562 Ambr.
1118 1527 1156 1562 et
1177 1533 1285 1562 corr.
1309 1521 1435 1565 Coisl.
1462 1521 1566 1560 Eam
1587 1520 1839 1573 scripturam
1862 1533 1954 1561 am-

176 1580 292 1633 plexi
314 1579 662 1620 suntTuricenss.
685 1591 727 1619 v.
751 1579 1025 1631 tamenApol.
1047 1578 1214 1631 p.2oB.
1238 1577 1416 1618 Phaedr.
1439 1578 1617 1629 p.267A
1643 1583 1682 1618 et
1705 1590 1813 1628 quae
1834 1577 1956 1618 affert

176 1635 311 1677 Schn
327 1636 564 1677 eidewin.
589 1636 747 1676 Delect.
771 1635 1030 1689 Epigramm.
1056 1637 1151 1688 I..p.
1176 1636 1255 1678 133
1277 1647 1369 1686 sqq.

291 1698 432 1749 ὅταν
451 1719 516 1760 με
538 1694 718 1754 αὖθις
741 1700 959 1759 ἔρηται]
981 1707 1034 1745 V.
1058 1698 1222 1759 ε’ρωτᾷ,
1247 1705 1360 1756 quod
1382 1718 1405 1745 e
1425 1704 1557 1747 Basil.
1567 1706 1592 1745 2
1609 1706 1714 1748 Tub.
1734 1705 1829 1745 Vat.
1842 1705 1952 1747 ven.

176 1763 337 1806 HPar.
349 1764 387 1804 A
411 1763 536 1806 Coisl.
558 1763 688 1804 Vind.
707 1763 746 1804 Φ
769 1763 863 1805 Pa1.
887 1761 964 1802 GL
985 1762 1181 1804 Ambros.
1207 1768 1246 1802 et
1266 1775 1351 1802 rec.
1372 1762 1492 1805 Bodl.
1515 1762 1643 1808 Vind.
1670 1761 1952 1803 Ymutatum.

176 1820 386 1860 Nimirum
409 1815 572 1874 ἔρηται
595 1827 681 1860 est:
704 1831 814 1859 cum
837 1832 913 1859 me
934 1833 953 1858 1
965 1831 1022 1858 ui
1033 1831 1122 1859 sus
1143 1819 1587 1872 interrogaverit.
1621 1818 1704 1859 Sed
1725 1819 1954 1859 Hermann.

174 1869 324 1930 ἐρωτᾷ
354 1882 482 1927 tenet,
512 1877 610 1927 quia
638 1875 796 1917 scilicet
824 1876 867 1915 in
898 1875 1020 1916 Bodl.
1051 1889 1113 1929 pi.
1138 1888 1193 1916 m.
1227 1876 1285 1915 ita
1314 1876 1520 1929 scriptum
1550 1875 1719 1927 legitur.
1750 1896 1801 1902 -
1832 1887 1897 1927 με
1932 1888 1954 1914 e

175 1933 295 1976 Bodl.
319 1934 416 1974 Vat.
449 1934 555 1976 Ven.
578 1932 772 1974 HVind.
797 1932 836 1973 Φ
859 1933 950 1975 Par.
974 1931 1172 1974 GAmbr.
1203 1931 1314 1975 Flor.
1337 1932 1423 1972 dm
1457 1931 1710 1971 restitutum.
1752 1931 1882 1971 Deest
1911 1932 1954 1971 in

178 1991 274 2032 Bas
296 1992 338 2032 2.

287 2047 335 2089 E.
366 2045 425 2087 τί
448 2042 622 2100 λέγει]
657 2046 786 2087 Editt.
817 2058 962 2086 omnes
986 2042 1126 2100 λέγοι.
1150 2045 1269 2085 Bodl.
1292 2046 1401 2087 Ven.
1426 2044 1624 2085 HVind.
1650 2044 1688 2086 Φ
1711 2044 1817 2087 Tub.
1842 2044 1951 2084 Flor.

175 2115 216 2142 m
246 2102 296 2144 τί
322 2099 493 2157 λέγειν.
537 2103 666 2144 Coisl.
687 2104 784 2145 Vat
809 2103 903 2143 Par.
936 2101 971 2142 G
992 2103 1028 2142 H
1056 2102 1166 2155 Aug.
1196 2102 1305 2142 Floi.
1330 2102 1356 2141 d
1379 2107 1418 2140 et
1440 2113 1570 2154 marg.
1593 2100 1712 2141 Bodl.
1737 2100 1787 2142 τί
1805 2096 1948 2154 λέγει,

185 2159 298 2211 quod
320 2160 511 2213 recipere
533 2171 615 2200 non
638 2159 841 2200 dubitavi.
863 2172 903 2199 v.
929 2158 1127 2199 Matthiae
1148 2157 1219 2200 Gi.
1241 2160 1280 2209 §.
1304 2159 1401 2201 529.
1424 2161 1464 2199 3.

290 2223 355 2270 τὰ
379 2221 526 2270 αὐτὰ
550 2223 610 2270 δε
633 2225 820 2283 λε’γον]
856 2224 910 2271 δέ
933 2229 1059 2282 vulgo
1082 2229 1286 2289 omissum
1308 2240 1456 2277 omnes
1479 2226 1567 2268 fere
1588 2228 1711 2269 codd.
1735 2228 1951 2268 communi

178 2286 459 2327 consensione
482 2293 666 2328 tuentur.

230 2419 320 2470 ὅτι
359 2418 462 2468 οὐκ
503 2419 727 2480 ἐκείνῳ]
760 2427 820 2466 De
851 2418 1017 2481 ἐκείνῳ

174 2486 234 2525 ita
270 2489 472 2538 usurpato
517 2496 555 2526 ν.
586 2482 695 2523 infra
726 2496 768 2537 p.
796 2484 875 2524 106
897 2484 943 2526 Β.
979 2490 1018 2523 et

177 2543 254 2582 111
277 2541 328 2581 A.
350 2541 453 2592 ibiq.
477 2552 573 2580 ann.

230 2626 279 2666 E.
329 2622 442 2667 καὶ
480 2617 1014 2690 ἀφοσιούμενος]

170 2675 514 2735 Ἀφοσιοῦσθαι
537 2687 602 2720 est
631 2682 858 2722 animum
887 2682 1017 2722 reli-

174 2740 332 2792 gione
380 2739 637 2789 libeiare,
689 2737 868 2778 facere
916 2739 1019 2778 ali-

176 2795 301 2846 quid
322 2794 484 2835 animi
511 2794 776 2848 religione
797 2795 1017 2836 solven-

176 2852 228 2892 di
258 2863 434 2897 causa.
493 2851 658 2904 Quippe
684 2852 908 2892 verebatur
938 2851 1014 2892 So-

176 2914 329 2959 crates,
370 2919 423 2946 ne
462 2907 531 2946 dei
570 2907 785 2948 voluntate
825 2908 1019 2961 neglecta

175 2963 406 3017 impietatis
429 2963 584 3002 crimen
606 2964 847 3006 incurreret.

235 3030 288 3076 εἰ
315 3026 425 3086 ἄρα
453 3026 747 3086 πολλάκις]
781 3034 824 3074 si
854 3034 1015 3085 forte,

177 3091 380 3132 siforte
401 3089 779 3140 adeo‚utLach,
803 3103 845 3143 p.
871 3091 1015 3133 179Β.

175 3147 359 3189 Phaedr.
401 3159 444 3200 p.
489 3146 572 3186 238
614 3144 684 3195 0.,
734 3147 806 3186 ubi
846 3160 885 3190 v.
932 3154 1019 3190 not.

175 3202 430 3245 Abresch.
478 3202 621 3244 Diluc.
668 3201 798 3246 Thuc.
838 3215 881 3255 p.
925 3205 1019 3244 174.

177 3258 452 3302 Heindorf.
477 3257 595 3301 adh.
619 3258 646 3297 l.

233 3322 294 3371 ἐν
333 3319 475 3382 ἄλλῃ
514 3319 668 3381 ὄψει]
699 3320 812 3380 ὄψις
841 3327 884 3372 h.
908 3328 934 3371 l.
962 3336 1026 3369 est

180 3385 414 3438 species,
450 3385 504 3424 de
533 3397 615 3435 qua
645 3384 953 3437 significatione
982 3398 1023 3425 v.

180 3441 417 3485 Creuzer.
451 3440 504 3481 ad
534 3440 686 3484 Plotin.
719 3440 778 3480 De
814 3440 947 3494 pulcr.
980 3454 1022 3494 p.

1105 2428 1207 2476 377,
1240 2427 1310 2467 ubi
1341 2426 1493 2480 legitur
1524 2426 1805 2491 fragmentum
1829 2427 1953 2467 lexici

1103 2496 1232 2524 msc..
1223 2473 1408 2547 ·οψις·
1439 2479 1523 2524 καὶ
1547 2476 1574 2536 ἡ
1597 2476 1844 2549 πρόςοψις,
1868 2480 1952 2524 καὶ

1103 2534 1132 2593 ἡ
1156 2532 1357 2606 ὁρατικὴ
1391 2532 1617 2593 δύναμις·
1648 2537 1732 2580 καὶ
1763 2533 1877 2593 όψις
1899 2533 1950 2581 τὸ

1103 2591 1311 2638 θεαθέν.

1160 2645 1450 2707 μουσικὴν
1477 2651 1635 2693 ποίει
1665 2649 1763 2693 καὶ
1785 2645 1954 2708 ε’ργά-

1104 2707 1215 2762 ζου]
1259 2709 1299 2753 h.
1325 2722 1361 2752 e.
1392 2710 1645 2749 musicam
1687 2709 1766 2749 fac
1796 2715 1954 2762 atque

1104 2772 1293 2810 tracta.
1327 2764 1488 2819 ,,ποίει
1511 2766 1568 2806 ita
1589 2767 1752 2821 accepit
1771 2766 1955 2820 primum

1105 2823 1300 2864 Socrates
1331 2834 1406 2887 pro
1438 2822 1620 2876 simplici
1654 2823 1674 2863 f
1680 2836 1756 2873 ac,
1801 2823 1955 2864 deinde

1106 2892 1234 2920 sensu
1269 2879 1541 2931 exquisitiore
1581 2879 1635 2919 ad
1673 2881 1866 2944 poesin
1906 2887 1954 2919 et

1104 2949 1353 2976 versuum
1393 2936 1857 3004 compositionem
1887 2949 1953 2975 re-

1105 2993 1213 3035 tulit
1222 2990 1251 3011 “
1293 2992 1578 3034 WYTTENB.
1624 3014 1675 3020 —
1718 2985 1953 3046 ἐργάζε-

1105 3049 1250 3090 σθαι
1301 3056 1364 3089 est
1411 3049 1619 3090 versari
1669 3049 1719 3088 in
1770 3049 1951 3100 aliquo

1109 3117 1286 3159 opere,
1309 3111 1548 3146 tractare
1570 3105 1640 3144 ali
1691 3105 1795 3145 uid.
1819 3104 1953 3144 —De

1108 3136 1524 3227 παραξιελεύεσθαι
1572 3169 1612 3201 et
1660 3154 1953 3202 επικελεύειν

1109 3219 1328 3258 verissime
1349 3217 1632 3259 Fischerus
1661 3225 1817 3268 monet,
1845 3216 1952 3257 illud

1081 3286 1206 3323 'esse
1234 3274 1437 3315 hortari
1478 3274 1728 3325 aliquem,
1763 3279 1819 3313 ut
1855 3273 1951 3312 ali-

1110 3331 1237 3382 quid
1265 3330 1453 3379 faciat;
1495 3330 1574 3371 hoc
1606 3330 1835 3369 incitare
1876 3328 1950 3367 fa-

1109 3387 1346 3483 gie21÷teglrm
1372 3386 1480 3428 Xen.
1503 3386 1599 3438 Cyr.
1625 3386 1695 3429 III.
1721 3388 1760 3435 3,
1779 3386 1847 3426 41.
1872 3383 1948 3425 v1.

1139 3472 1149 3493 ν
1233 3473 1241 3482 ·
1311 3476 1318 3485 ·
