2222 3762
383 95 589 149 XXIV

381 238 644 298 libertatis
695 238 992 308 periculum
1058 237 1398 292 subeundum
1459 247 1616 294 esset.
1706 240 1849 295 Nam
1908 259 2074 310 quum

385 308 544 362 Plato
582 307 804 364 liberius
841 309 1282 380 reprehendisset
1319 310 1374 362 in
1398 311 1722 379 quibusdam
1745 312 1906 366 rebus
1939 311 2074 364 Dio-

382 380 526 452 nysii
562 380 900 450 violentiam,
936 390 1200 453 tyrannus
1242 401 1363 433 eum
1393 381 1826 443 interficiendum
1865 384 2074 437 statuit.

384 450 711 522 Quanquam
752 472 882 506 vero
923 461 1179 507 exoratus
1217 472 1248 504 a
1272 452 1452 506 Dione
1487 454 1654 508 vitam
1695 456 1744 508 ei
1783 455 2074 522 concessit,

382 531 562 576 tamen
605 543 711 576 non
748 524 829 576 ita
866 524 1160 578 obsecutus
1200 532 1284 578 est
1309 523 1507 579 Dionis
1545 526 1822 596 precibus,
1859 535 1921 579 ut
1957 525 2077 596 phi·

381 593 599 665 losophi
648 595 956 648 libertatern
1011 616 1116 648 non
1179 595 1546 649 ulcisceretur.
1644 597 1879 651 Addixit
1938 598 2080 650 enim

384 685 504 719 eum
544 666 598 718 in
637 667 951 719 servitutem
989 666 1203 719 cuidam
1232 667 1671 721 Lacedaemonio
1712 676 1876 738 atque
1917 667 2081 721 vendi

382 737 558 791 iussit.
639 738 833 807 ltaque
875 736 1036 790 Plato
1075 739 1141 791 ab
1180 737 1396 791 homine
1434 759 1624 810 parum
1657 747 1945 795 mansueto
1986 740 2080 793 ab-

385 807 580 875 ductus
631 808 687 864 in
726 807 995 861 Aeoinam
1047 818 1161 876 est,
1212 810 1304 862 ubi
1357 817 1534 862 tamen
1579 811 1870 866 Anniceris
1910 809 2082 882 Cyre-

382 897 569 947 naeuS,
608 878 770 932 ludos
798 854 1087 951 &lympios
1111 889 1225 933 tum
1250 879 1501 952 (Olymp.
1531 881 1837 951 XCVIII.)
1875 885 2084 936 instan-

382 958 464 1003 tes
502 950 776 1003 invisurus
809 949 892 1019 ²⁸),
932 952 1016 1004 vel
1055 960 1116 1007 ut
1152 951 1242 1005 alii
1278 961 1514 1021 narrant,
1555 954 1664 1007 Dio
1703 952 2082 1025 Syracusanus

381 1022 557 1092 pretio
595 1021 772 1076 soluto
812 1041 933 1075 eum
970 1023 1026 1076 in
1060 1023 1370 1090 libertatern
1406 1026 1647 1078 restituit
1690 1025 1790 1095 **).
1868 1025 2082 1078 Itasu-

381 1094 586 1163 peratis
635 1093 888 1147 itinerum
925 1094 1185 1149 molestiis
1234 1103 1289 1148 et
1323 1096 1581 1166 periculis
1630 1095 1853 1149 tandem
1892 1096 1949 1148 in
1986 1114 2084 1167 pa—

380 1163 539 1218 triam
586 1163 748 1289 regilit
792 1162 1152 1236 philosophus
1202 1165 1423 1239 Olymp.
1480 1165 1755 1222 XCVIII.
1814 1168 1888 1220 in.
1940 1186 1982 1221 s.
2034 1186 2082 1220 a.

383 1237 505 1289 388.
547 1256 594 1289 a.
704 1256 766 1289 ir.
804 1256 856 1290 n.

526 1335 642 1388 Iam
691 1355 820 1389 vero
869 1335 937 1390 ab
991 1356 1056 1389 eo
1107 1337 1233 1390 inde
1270 1345 1513 1410 tempore
1551 1337 1834 1392 doctrinae
1874 1340 2083 1411 copiaS,

384 1425 518 1476 quas
568 1408 625 1460 in
672 1408 1109 1480 peregrinatione
1160 1428 1369 1462 summo
1410 1410 1512 1463 sibi
1554 1409 1736 1462 studio
1773 1420 2082 1480 paraverat,

381 1478 650 1547 Athenis,
690 1480 784 1533 ubi
821 1487 984 1533 natus
1025 1479 1396 1550 educatusque
1437 1489 1570 1548 erat,
1613 1482 1886 1551 explicare
1925 1483 2083 1536 insti-

381 1551 502 1602 tuit.
578 1551 787 1604 Docuit
824 1553 963 1604 enim
1001 1553 1227 1605 iuvenes
1261 1553 1637 1624 philosophiae
1675 1553 1857 1606 studia
1896 1573 2081 1608 aemu-

381 1621 557 1675 lantes
605 1630 758 1675 tanta
809 1643 930 1676 cum
980 1623 1171 1692 laude,
1220 1634 1282 1677 ut
1333 1644 1457 1678 mox
1501 1644 1673 1678 novae
1712 1625 1948 1678 familiae
1986 1644 2082 1678 au-

384 1701 503 1747 ctor
539 1695 799 1747 existeret
837 1695 975 1765 **'¹‘),
1028 1715 1168 1765 quae
1217 1705 1412 1766 postea
1463 1696 1530 1748 ab
1570 1715 1634 1748 eo
1673 1697 1824 1764 1000,
1877 1697 1933 1750 in
1973 1717 2084 1768 quo

384 1764 634 1832 docebat,
675 1766 1010 1820 Academica
1045 1768 1318 1839 appellata
1356 1776 1440 1821 est
1469 1768 1544 1837 †),
1620 1769 1913 1821 Praeterea
1950 1789 2082 1823 vero

383 1837 544 1889 etiam
584 1837 830 1890 condidit
877 1839 1178 1909 sapientiae
1216 1848 1566 1892 monumenta
1602 1839 1860 1910 plurima,
1920 1859 2080 1910 quae,

382 1909 427 1961 si
465 1909 550 1961 vel
587 1910 703 1963 sola
750 1919 1126 1980 superessent,
1180 1912 1385 1983 ingenii
1436 1910 1607 1963 divini
1667 1909 2084 1965 admirationem

384 1999 645 2033 summam
694 1989 921 2052 possent
972 1982 1206 2035 excitare
1319 1983 1462 2036 Nam
1510 1983 1615 2036 nisi
1666 1982 1808 2036 fallit
1856 2003 2085 2054 prorsus

449 2241 494 2292 ⁴¹)
527 2255 566 2280 v.
613 2239 998 2293 Olympiodor.
1037 2256 1079 2295 p.
1108 2242 1207 2286 587.
1250 2242 1546 2295 Philopon.
1588 2243 1634 2281 in
1681 2240 1870 2281 Aristot.
1914 2241 2088 2294 physic.

526 2298 587 2339 ΙΙ.
620 2312 661 2350 p.
695 2297 794 2342 355.
827 2301 882 2339 A.
920 2301 988 2340 ed.
1020 2301 1227 2341 Brandis.

431 2357 492 2408 **)
532 2357 579 2396 V.
624 2356 784 2409 Diog.
825 2357 1009 2398 Laert.
1054 2359 1125 2398 lll.
1159 2358 1228 2400 20.
1271 2358 1420 2410 ibique
1454 2357 1662 2407 Menag.
1694 2369 1736 2407 p.
1769 2355 1867 2399 115.
1904 2355 1990 2399 146
2020 2370 2086 2408 sq.

531 2414 814 2455 Plutarch.
845 2414 980 2455 Dion.
1013 2429 1053 2468 p.
1083 2415 1167 2458 959
1201 2428 1294 2467 sqq.
1337 2416 1539 2466 Cicero
1571 2415 1624 2453 de
1657 2412 1779 2458 Orat,
1810 2413 1896 2453 111.
1927 2413 1997 2457 34.
2029 2415 2085 2454 al.

530 2471 741 2519 Quamvis
781 2478 924 2512 autem
967 2474 1020 2512 de
1057 2472 1126 2511 his
1179 2484 1352 2523 quoque
1396 2472 1526 2511 rebus
1579 2471 1841 2522 scriptorum
1888 2479 2084 2512 veterum

528 2529 802 2569 narrationes
848 2531 1036 2570 maxime
1082 2531 1355 2581 discrepent,
1409 2535 1553 2569 tamen
1605 2541 1755 2568 omnes
1807 2531 2087 2570 consentiunt

531 2586 763 2626 Platonem
819 2587 1088 2638 aliquamdiu
1132 2585 1361 2638 Syracusis
1410 2592 1745 2637 commoratum,
1794 2593 2085 2640 posteaquam

529 2644 573 2683 in
616 2644 764 2684 odium
807 2646 979 2696 tyranni
1028 2646 1308 2694 incurrisset,
1349 2645 1451 2684 inde
1496 2645 1749 2685 discessisse
1791 2658 1952 2689 ma‘gno
1986 2658 2086 2686 cum

528 2701 722 2753 periculo
754 2702 871 2741 vitae
903 2708 945 2742 et
975 2703 1204 2742 libertatis.
1266 2702 1422 2754 Itaque
1454 2703 1561 2742 haec
1590 2711 1705 2742 certe
1742 2704 1930 2744 tenenda
1966 2711 2084 2753 sunt,

524 2765 572 2799 ut
604 2764 748 2798 cetera
781 2767 994 2800 exornata
1023 2761 1109 2801 sint
1140 2759 1383 2800 fabularum
1401 2761 1655 2800 involucris.
1716 2759 1920 2802 Ceterum
1944 2762 2085 2801 collo-

529 2817 678 2868 quium
718 2817 827 2857 illud
874 2818 1130 2870 philosophi
1177 2831 1273 2858 cum
1318 2819 1527 2870 Dionysio
1573 2830 1641 2870 ap.
1680 2817 1996 2871 Olympiod.
2041 2833 2082 2871 p.

527 2872 611 2918 587
644 2887 738 2927 sqq.
783 2876 1030 2927 posteriore
1072 2883 1266 2927 tempore
1306 2876 1537 2916 confictum
1575 2882 1654 2916 cst.
1715 2875 1810 2917 Nec
1842 2889 1950 2917 vero
1989 2889 2082 2916 cre-

526 2932 660 2972 dibile
693 2938 757 2973 est
794 2933 1042 2983 Platonem,
1083 2947 1216 2985 quum
1250 2934 1506 2986 Dionysium
1546 2934 1920 2975 inclementiorem
1951 2934 2000 2974 in
2033 2947 2080 2974 se

526 2990 749 3040 sensisset,
791 2989 947 3031 Sieul÷s
985 2992 1169 3043 dapibus
1202 2992 1278 3031 diu
1319 3005 1414 3032 esse
1446 2993 1734 3040 delectatum,
1788 2998 1835 3031 ut
1881 2991 2080 3032 Siculum

527 3048 646 3088 istud
664 3049 744 3087 iter
776 3048 1032 3090 brevissimo
1064 3056 1308 3101 temporum
1339 3050 1481 3103 spatio
1513 3050 1832 3091 terminandum
1862 3050 2082 3099 videatur,

528 3105 645 3158 quod
683 3108 907 3158 conspirat
945 3121 1041 3147 cum
1082 3107 1224 3159 Epist.
1265 3107 1354 3147 VII
1415 3121 1456 3160 p.
1493 3107 1593 3150 324.
1628 3109 1685 3147 A.
1746 3108 1892 3148 Aliter
1932 3113 2079 3148 tamen

528 3165 659 3202 sentit
693 3163 978 3205 Hermann.
1010 3165 1178 3205 Histor.
1219 3165 1329 3207 Phil.
1363 3164 1474 3205 Plat.
1507 3179 1547 3218 p.
1581 3166 1649 3211 62.

410 3221 510 3274 ***)
540 3220 696 3273 Itaque
726 3221 923 3262 Euseb.
955 3235 1051 3262 eum
1081 3223 1235 3263 scribit
1266 3223 1350 3264 hoc
1383 3229 1579 3274 tempore
1610 3222 1923 3277 philosophum
1943 3235 2081 3274 agno-

528 3280 588 3319 sci
624 3286 844 3332 coeptum3
876 3294 917 3320 v.
952 3281 1190 3321 Clinton.
1221 3279 1258 3319 Ι.
1293 3295 1326 3323 c.
1359 3294 1385 3332 p
1435 3280 1531 3324 107.
1563 3283 1631 3322 ed.
1665 3277 1853 3331 Kriiger.

441 3335 484 3386 †)
518 3336 572 3377 V.
608 3337 1096 3386 Diog.1,aert.111.
1129 3337 1170 3379 5.
1200 3338 1267 3380 ⁶20.
