2158 3718
420 103 933 156 SYMPOSIUM
977 120 1030 168 p.
1073 104 1178 153 ms
1214 102 1289 154 st.
1622 108 1724 156 113

41 248 200 317 ήσειε.
242 254 337 306 καὶ
379 250 641 318 ἐνενόησα
683 244 981 319 τότε.ὀέρα1
1004 252 1407 318 καταγέλαστος
1423 246 1517 315 ὤν,
1559 248 1722 316 ἡνίκα

41 331 173 402 ’ὑμῖν
218 332 542 406 ὡμολόγουν
582 342 642 390 ἐν
685 335 763 403 τῷ
805 339 958 405 μέρει.
996 331 1134 400 μεθ’
1189 331 1343 403 ὑμῶν
1398 331 1722 404 ἐγκωμιάσε-

45 422 196 473 σθαι.
235 416 337 474 τὸν
366 418 582 492 ῘΈρωτα
625 422 717 474 καὶ
760 422 901 492 ἔφην
955 416 1096 472 εἶναι
1137 414 1318 482 δεινὸς
1352 414 1423 472 τὰ
1468 417 1715 489 ἐρωτικά,

44 501 207 558 οὐδὲν
264 499 417 568 εἰδὼς
463 499 578 574 ἄρα
617 506 717 558 τοῦ
761 500 1116 571 πράγματος,
1173 499 1247 566 ὡς
1273 561 1275 567 ,
1301 504 1404 558 ἔδει
1457 501 1721 574 ἐγκωμιά-

45 588 155 654 ζειν
190 584 402 643 ὁτιοῦν.
446 584 546 656 ἐγώ
590 590 691 657 μὲν
730 582 838 658 γαρ
882 583 978 640 ὑπ’
1041 585 1364 657 ἀβελτερίας
1404 582 1562 657 ᾤμην
1605 589 1718 642 δεῖν

42 668 287 738 τάληθῆ
313 674 495 739 λέγειν
530 674 654 744 περὶ
698 670 935 726 ἑκάστου
965 672 1067 724 τοῦ
1094 673 1581 742 ὲγκωμιαζομένου,
1624 673 1717 726 καὶ

40 756 352 824 τοῦτομὲν
392 753 688 826 ὑπάρχειν,
731 755 786 820 ἐξ
831 753 1019 809 αὐτῶν
1062 757 1118 808 δὲ
1163 753 1376 810 τούτων
1419 751 1489 810 τὰ
1534 752 1718 810 κάλλιμ

39 857 146 892 στα
185 841 564 910 ἐκλεγομένους
605 836 679 904 ὡς
721 837 1130 910 εὐπρεπέσταται
1157 843 1399 894 τιθέναι.
1445 842 1542 894 καὶ
1569 837 1719 894 πάνυ

38 917 106 989 δὴ
148 929 288 994 μέγα
329 922 608 1000 ἐφρόνουν
651 920 724 986 ὡς
767 914 824 977 εὖ
867 925 1032 996 ἐρῶν,
1087 921 1160 986 ὡς
1215 920 1368 987 εἰδώς
1423 920 1526 989 τὴν
1582 922 1720 989 ἀλή-

39 1141 140 1184 cubi
179 1144 250 1185 vel
289 1142 397 1185 levia
434 1132 644 1196 quaedain
683 1143 774 1184 eius
817 1143 996 1196 vestigia
1039 1143 1079 1183 in
1122 1144 1247 1185 bonis
1287 1145 1404 1186 libris
1446 1151 1715 1198 comparent,

38 1211 124 1241 non
146 1201 289 1243 statim
319 1213 414 1242 eam
445 1199 731 1241 revocandam
759 1205 983 1250 censeant,
1016 1200 1211 1242 codicum
1245 1202 1407 1242 scilicet
1436 1203 1716 1256 plurimorum

38 1259 192 1310 ignava
222 1258 443 1312 mancipia.
503 1257 646 1298 Recte
675 1257 804 1310 igitur
834 1271 874 1310 p.
897 1256 992 1301 199.
1013 1260 1062 1296 Α.
1094 1259 1335 1300 restitueris
1365 1258 1445 1312 ᾔδη
1476 1264 1519 1300 et
1550 1273 1591 1312 p.
1615 1259 1712 1303 217.

41 1315 93 1356 C.
109 1314 401 1369 ἑγκεχειρήκη;
434 1327 533 1356 nam
552 1318 736 1366 utroque
758 1315 857 1355 loco
882 1314 1040 1354 veteris
1062 1316 1298 1368 scripturae
1317 1317 1498 1370 vestigia
1521 1322 1714 1371 exstant3

38 1371 280 1425 eodemque
309 1372 440 1413 modo
471 1371 744 1413 iudicandum
779 1377 844 1412 est
865 1370 918 1412 de
938 1371 1127 1424 Republ.
1153 1373 1184 1414 Ι.
1200 1386 1240 1426 ρ.
1262 1371 1360 1418 329.
1386 1373 1434 1414 Β.
1456 1373 1715 1424 Euthydem.

40 1443 84 1483 p.
108 1428 208 1472 271.
237 1429 286 1470 C.
311 1430 362 1470 D.
393 1429 557 1470 Phaed.
591 1442 632 1482 p.
653 1428 722 1473 63.
749 1429 800 1470 Ε.
845 1431 1027 1481 Apolog.
1054 1441 1094 1482 p.
1117 1428 1185 1473 31.
1211 1430 1264 1472 D.
1293 1443 1328 1484 p.
1357 1429 1426 1473 36.
1454 1435 1504 1473 Α.
1540 1431 1655 1473 Men.
1673 1446 1716 1485 p.

36 1487 108 1533 80.
128 1487 178 1530 D.
210 1485 423 1543 Euthyph.
443 1499 483 1540 p.
508 1484 573 1530 14.
595 1486 644 1527 C.
676 1486 905 1537 Protagor.
930 1499 968 1538 p.
986 1485 1084 1530 335.
1114 1487 1164 1527 D.
1198 1487 1293 1528 aliis
1325 1489 1444 1529 locis.
1497 1488 1715 1532 Quocirca

22 1551 121 1589 'nou
164 1556 396 1598 possumus
437 1543 646 1585 accedere
685 1543 842 1584 iudicio
885 1542 1137 1585 Schneideri
1179 1544 1367 1587 Praefat.
1396 1546 1450 1587 ad
1479 1545 1639 1602 Remp.
1669 1561 1712 1600 p.

38 1601 159 1643 XLII
196 1614 319 1654 sqq„
358 1600 474 1653 quod
520 1602 712 1651 legentes
751 1601 995 1652 expendant
1034 1601 1130 1654 ipsi.
1200 1603 1313 1642 Usus
1352 1608 1420 1646 est
1461 1602 1538 1644 hac
1575 1603 1714 1646 forma

39 1660 170 1701 etiam
203 1658 501 1712 Aristophan.,
544 1658 676 1699 veluti
710 1656 889 1698 Acharn.
925 1657 990 1702 10.
1025 1663 1068 1698 et
1093 1656 1210 1701 323..
1233 1658 1469 1702 Ecclesiaz.
1503 1659 1573 1702 32.
1636 1662 1712 1702 Di-

36 1729 165 1770 gnum
199 1720 267 1758 est
297 1721 467 1766 autem,
497 1715 612 1768 quod
644 1718 924 1765 memoretur,
956 1712 1155 1758 iudicium
1187 1716 1367 1757 Dawesii
1398 1718 1440 1757 iu
1471 1717 1712 1759 Miscellan.

37 1787 80 1827 p.
111 1770 208 1816 427.
243 1771 312 1815 ed.
342 1773 470 1814 Kidd.
511 1772 743 1814 statuentis
783 1771 864 1811 sub
903 1771 1199 1824 Aristophanis
1229 1775 1492 1814 senescentis
1523 1780 1710 1817 aetatem

35 1829 147 1872 hanc
174 1829 357 1872 sormam
389 1830 544 1871 abiisse
575 1831 616 1870 in
647 1828 988 1879 desuetudinem,
1021 1829 1230 1880 siquidem
1255 1831 1574 1872 Anaxandrides
1599 1833 1715 1887 apud

33 1887 304 1930 Athenaeum
334 1887 464 1937 XIV„
486 1901 528 1942 p.
559 1886 655 1930 642.
688 1886 737 1926 B.
784 1890 829 1927 et
870 1885 1026 1926 Macho
1056 1885 1172 1928 Xlll.
1206 1899 1245 1939 p.
1278 1887 1376 1932 580.
1409 1888 1457 1932 C.
1499 1888 1620 1942 ᾔδειν
1662 1903 1715 1931 eo

33 1946 132 1987 loco
162 1946 356 2000 positum
387 1944 594 1995 habeant,
626 1943 697 1984 ubi
728 1941 811 1996 ,ἤδη
841 1943 881 1984 in
913 1947 1100 1984 metrum
1131 1948 1345 1996 peccaret.

149 2003 201 2046 D.
259 2000 346 2044 ὑπ’
378 2000 726 2056 ἀβελτερίας]
761 2001 834 2041 Sic
853 1999 979 2042 Bodl.
1002 2000 1098 2041 Vat.
1114 2001 1165 2043 A.
1184 2002 1357 2054 Ang.w.
1373 2000 1421 2043 V.
1448 1998 1716 2055 ἇβελτηρίαε.

34 2059 145 2102 Dein
175 2060 304 2113 vulgo
335 2065 427 2101 erat
457 2063 541 2100 τῶν
570 2057 968 2113 ἐγκωμιαζομένων,
998 2057 1115 2109 quod
1147 2063 1358 2100 mutatum
1390 2071 1415 2100 e
1454 2058 1580 2100 Bodl.
1611 2058 1709 2099 Vat.

0 2150 1 2155 ,
34 2115 89 2160 Δ.
117 2117 252 2159 Coisl.
282 2117 381 2158 Par.
401 2116 603 2157 DEFK.
633 2116 782 2159 Ambr.
817 2121 923 2166 Ang.
946 2126 987 2157 u.
1009 2127 1058 2157 W.
1091 2115 1186 2158 Vat.
1203 2128 1242 2156 n.
1263 2129 1302 2169 p.
1327 2128 1361 2156 r.
1388 2128 1422 2158 S.
1461 2115 1584 2157 vind.
1609 2115 1642 2158 1.
1669 2115 1710 2160 7.

0 2175 1 2222 ἢ
34 2173 152 2216 Flor.
166 2187 204 2217 a.
222 2174 355 2216 b.c.i.
412 2174 649 2227 Perperam
673 2185 776 2213 vero
799 2172 1021 2213 Hommel.
1052 2177 1135 2212 τοῦ
1163 2178 1262 2214 ante
1300 2174 1456 2228 ἓγκωμ.
1485 2172 1713 2215 delendum

32 2235 169 2286 putat.
228 2230 336 2272 Mox
357 2230 533 2272 Bastius
563 2230 673 2274 coni.
705 2229 776 2270 καὶ
804 2233 941 2270 τοῦτο
961 2232 1128 2284 πρῶτον
1145 2231 1214 2271 vel
1246 2232 1446 2285 μέγιστον
1472 2233 1549 2283 μὲν
1577 2228 1716 2284 ὑπάρ-

30 2302 148 2342 χειν,
180 2287 259 2330 sed
290 2300 330 2330 v.
358 2292 587 2330 comment.

260 2358 269 2373 .

90 2428 150 2470 τὸ
178 2433 289 2484 δτοῦ·
322 2426 559 2482 Ὁμήρου
609 2426 830 2468 ἐπεπόν-

33 2491 133 2540 θη·
167 2484 482 2541 ἐφοβούμην
513 2485 595 2538 -]
647 2486 831 2538 Apolog.

33 2546 206 2586 Socrat.
231 2558 258 2598 p
284 2542 354 2587 22.
379 2547 440 2585 A:
473 2541 651 2583 ἔπαθόν
669 2558 713 2582 τι
740 2555 834 2582 τοι-

32 2607 187 2643 οῦτον*
227 2602 271 2642 οἱ
310 2603 387 2654 μὲν
430 2598 622 2654 μάλιστα
666 2597 835 2639 εὐδοκι-

32 2663 217 2715 μοῦντες
238 2657 388 2703 ἔδοξάν
414 2672 491 2710 μοι
523 2679 574 2687 ——
607 2659 690 2697 τοῦ
718 2654 836 2696 πλεί-

34 2731 142 2758 στου
173 2715 330 2762 &adeste
363 2714 487 2766 εἶναι,
518 2714 590 2755 ubi
620 2726 662 2754 v.
687 2716 835 2756 annot.

30 2773 281 2828 Respicitur
301 2778 445 2814 autem
475 2771 528 2812 ad
553 2774 695 2814 locum
726 2771 834 2812 Ho-

31 2830 167 2873 meri
200 2829 355 2882 Odyss.
380 2828 432 2881 λ’,
453 2827 567 2880 632.,
597 2841 683 2882 quo
705 2828 837 2880 Ulys-

34 2900 106 2933 sea
136 2891 333 2936 veretur,
373 2898 429 2927 ne
475 2886 651 2937 Gorgus
693 2885 834 2937 capite

32 2941 317 2997 adspiciendo
347 2940 390 2982 iu
415 2941 601 2995 lapidem
628 2947 832 2993 mutetur,

31 3008 75 3045 et
127 2997 400 3040 similitudine
446 2999 668 3040 nominum
718 2997 835 3038 Gor-

31 3059 129 3112 giae
159 3054 383 3108 sophistae
423 3059 467 3095 et
498 3054 698 3105 Gon-gns,
744 3057 835 3095 ter-

32 3115 166 3158 ribilis
198 3113 317 3154 illius·
353 3111 556 3162 monstri,
593 3110 738 3152 facete
769 3111 837 3151 lu-

32 3172 160 3214 ditur.
193 3170 258 3211 lta
280 3170 440 3219 locum,
458 3173 622 3210 temere
652 3181 677 3210 a
709 3167 837 3208 Cor-

30 3228 197 3271 nario
243 3230 475 3273 mutatum,
516 3225 626 3266 bene
668 3224 834 3265 intelle-

33 3286 97 3328 xit
143 3282 469 3325 Fischerus.
520 3280 631 3323 conf.
674 3278 838 3333 Euthy-

38 3343 152 3386 dem.
180 3354 225 3395 p.
248 3339 346 3385 298.
372 3343 434 3381 A:
479 3337 505 3390 ἢ
545 3338 594 3379 σύ
630 3338 669 3379 εἷ
697 3336 720 3377 o‘
755 3335 837 3376 αὖ·

119 3412 230 3456 Plat.
262 3411 374 3464 Opp.
409 3409 508 3452 Vol.
541 3409 571 3452 1.
605 3408 708 3451 Sect
754 3407 825 3450 ΙΙΙ.

916 2425 996 2471 τὰς
1024 2430 1082 2481 τῷ
1114 2428 1257 2477 λίθοις
1286 2426 1469 2470 Δέδοικα
1502 2428 1631 2481 ἔγωγε
1665 2448 1715 2482 --f

917 2483 976 2539 μὴ
1011 2484 1129 2537 φανῶ
1158 2482 1249 2524 ὑπὸ
1283 2488 1363 2525 σοῦ
1393 2483 1416 2525 ὁ
1449 2483 1601 2530 αὐτός.

975 2541 1030 2582 D.
1089 2541 1175 2582 καὶ
1217 2545 1387 2582 τοῦτο
1423 2543 1518 2595 μὲν
1547 2540 1718 2598 ὑπάρ-

914 2596 1056 2652 χειν]
1108 2597 1142 2640 h.
1189 2612 1223 2640 e.
1267 2605 1321 2640 et
1360 2598 1462 2640 hoc
1511 2598 1718 2641 debere

919 2655 1168 2696 orationi
1223 2655 1538 2698 subiectum
1595 2669 1718 2698 esse

919 2716 1312 2765 argumentum.
1390 2712 1500 2755 Nam
1545 2714 1719 2755 verissi-

918 2782 990 2810 me
1038 2768 1359 2812 Schneider.
1420 2769 1474 2812 ad
1520 2770 1716 2824 Xenoph.

918 2827 1085 2869 Oecon.
1118 2825 1237 2868 XXI.
1275 2828 1340 2870 11.
1380 2825 1622 2880 ,,ὑπᾶρχειν
1653 2827 1720 2868 di-

918 2887 1077 2924 cuntur
1121 2897 1145 2925 a
1190 2883 1379 2926 Platone
1437 2896 1718 2938 quaecunque

917 2939 1183 2982 fundamenti
1223 2942 1322 2982 loco
1356 2940 1516 2983 adesse
1544 2942 1718 2991 debent,

917 2997 991 3038 ubi
1025 2998 1119 3050 quis
1149 2997 1254 3049 quid
1288 3000 1463 3051 exsequi
1488 2998 1717 3041 voluerit.“

916 3066 959 3093 v.
994 3053 1151 3095 Menex
1194 3053 1293 3099 237·
1331 3056 1381 3099 B.
1422 3055 1534 3097 Tim.
1564 3055 1633 3099 30.
1667 3053 1718 3094 C.
1757 3074 1760 3078 ·

973 3107 1034 3156 ὥς
1091 3109 1239 3158 εἰδὼς
1295 3112 1392 3164 τὴν
1449 3109 1719 3163 ἀλήθειαν

916 3171 1020 3208 τοῦ
1062 3167 1340 3224 ἐπαινεῖν]
1392 3164 1585 3221 utpote
1632 3179 1718 3207 ve-

916 3223 1043 3265 ram'
1096 3229 1296 3268 tenens
1368 3222 1717 3265 laudationis

918 3280 1232 3326 cuiuslibet
1269 3287 1516 3325 naturam
1556 3285 1610 3322 et
1639 3292 1716 3321 ra-

918 3337 1136 3380 tionem.

1271 3412 1305 3457 8
