2158 3718
732 126 739 127 ff
780 105 1045 150 PHAEno
1075 121 1122 164 p.
1153 108 1223 150 92.
1794 104 1900 159 215

110 248 360 319 μάζοιμι,
410 250 466 302 εἴ
501 265 596 315 μοι
643 247 776 314 περί
818 264 882 314 γε
928 243 1136 299 τούτου
1184 242 1330 297 ἄλλα
1377 243 1505 298 ποτ’
1545 246 1627 298 ἔτι
1664 244 1897 308 δόξειεν.

111 333 224 387 Καὶ
264 329 292 386 ὁ
333 330 640 400 Σωκράτης
670 327 820 382 Ἀλλ’
857 328 1073 400 ἀνάγκη
1111 342 1220 397 σοι,
1261 331 1390 398 ἔφη,
1432 321 1479 382 οἷ
1517 328 1640 392 ξένε
1668 331 1900 399 Θηβαῖε,

109 413 258 470 ἄλλα
296 415 556 483 δοξάσαι,
606 413 815 483 ἐάνπερ
853 416 1016 485 μείνῃ
1053 412 1156 483 ἥδε
1192 411 1225 483 ἡ
1265 417 1472 482 οἴησις,
1521 411 1584 466 τὸ
1624 410 1903 483 ἁρμονίαν

109 500 218 570 μὲν
256 496 417 564 εἶναι,
439 498 719 563 ξύνθετον
756 502 1005 568 πρᾶγμα,
1044 497 1232 568 ψυχὴν
1258 497 1320 551 δὲ
1358 495 1637 567 ἁρμονίαν
1672 495 1800 550 τινὰ
1840 497 1904 551 ἐκ

108 587 230 638 τῶν
284 581 426 637 κατὰ
477 580 539 636 τὸ
597 585 757 652 σῶμα
816 583 1201 652 ε’ντεταμένων
1254 583 1603 651 ξυγκεῖσθαι.
1681 579 1750 634 οὐ
1795 581 1904 649 γάρ

110 685 226 722 που
273 665 531 731 ἀποδέξει
576 687 642 736 γε
679 670 894 720 σαυτοῦ
933 668 1222 736 λέγοντος,
1262 664 1337 730 ὠς
1373 665 1654 736 πρότερον
1690 657 1765 735 ἦν
1802 662 1906 734 ἀρ·-

113 754 284 821 μονία
322 751 684 821 ξυγκειμένη,
733 753 870 821 πρὶν
910 753 1100 806 ἐκεῖνα
1139 748 1313 820 εἶναι,
1355 752 1413 815 ἐξ
1453 742 1535 805 ὦν
1573 750 1688 804 ἔδει
1726 745 1907 819 αὐτὴν

111 835 476 906 ξυντεθῆναι.
552 836 588 905 ἢ
635 836 917 900 ἀποδέξεις
980 835 1289 906 Οὐδαμῶς,
1331 838 1459 905 ἔφη,
1499 828 1545 888 ὦ
1584 834 1903 904 Σώκρατες.

112 920 395 975 Αἰσθάνει
433 915 560 990 οὖν,
598 914 636 990 ἦ
673 919 725 972 δ’
767 919 857 989 ὅς,
899 919 986 973 ὅτι
1022 922 1200 974 ταῦτά
1239 934 1329 974 σοι
1367 921 1662 989 ξυμβαίνει
1700 918 1906 987 λέγειν,

110 1004 253 1060 ὅταν
291 1009 403 1076 φῇς
438 1005 543 1074 μὲν
582 1001 727 1058 εἶναι
763 1002 867 1073 τὴν
905 1004 1120 1074 ψυχήν,
1169 1005 1306 1073 πρὶν
1343 1005 1438 1057 καὶ
1476 1004 1557 1066 εἰς
1594 992 1909 1071 ἀνθρὶόπου

117 1085 267 1152 εἶδός
301 1108 363 1142 τε
399 1090 494 1142 καὶ
542 1093 702 1158 σῶμα
741 1086 1077 1157 ἀφικέσθαι,
1120 1084 1267 1141 εἶναι
1304 1087 1356 1141 δ’
1398 1086 1581 1157 αὐτὴν
1619 1087 1909 1156 ξυγκειμέ-

112 1193 254 1243 νην.
276 1170 357 1227 ἐκ
387 1176 503 1226 τῶν
540 1171 764 1226 οὐδέπω
804 1169 1013 1237 ὅντων;
1064 1171 1134 1226 οὐ
1170 1171 1280 1242 γὰρ
1320 1171 1389 1242 δη
1439 1170 1683 1242 ἁρμονία
1719 1172 1788 1240 γε’
1820 1183 1910 1224 σοι

113 1254 377 1312 τοιοῦτόν
417 1257 591 1326 ἐστιν,
632 1250 679 1327 ᾦ
713 1255 1041 1325 ἀπεικάζεις,
1082 1255 1225 1310 ἀλλά
1262 1257 1543 1327 πρότερον
1570 1254 1723 1325 καὶὴ
1763 1253 1911 1323 λύρα

231 1421 379 1471 αλλα
420 1422 545 1470 ποτ’
590 1424 689 1482 ε’τι]
735 1424 805 1470 ἔτι
835 1441 920 1469 om.
943 1428 1064 1469 Bodl.
1089 1429 1185 1472 Vat
1211 1429 1319 1470 Ven.
1345 1428 1540 1471 HVind.
1566 1428 1737 1471 di'rub.
1761 1428 1908 1467 Ambr.

116 1487 213 1530 Zitt.
236 1486 516 1540 probantibus
538 1486 845 1526 Turicensibus
869 1492 910 1525 et
929 1485 1074 1528 Herm.
1114 1485 1194 1526 Pro
1218 1485 1349 1550 vulg.
1356 1477 1474 1526 ἄλλο
1497 1498 1519 1524 e
1539 1486 1649 1525 Ven.
1663 1484 1713 1526 H
1730 1484 1858 1525 Vind
1872 1482 1911 1524 Φ

115 1543 230 1584 Flor.
252 1542 311 1582 d
301 1555 315 1581 1
341 1550 575 1608 praeeunte
604 1542 798 1582 Bekkero
829 1532 953 1583 αλλα
981 1542 1149 1596 scripsi.
1193 1541 1291 1582 Tul.
1316 1532 1434 1582 αλλο
1457 1547 1628 1582 tuentur
1650 1553 1747 1581 cum
1767 1541 1909 1580 Herm.

231 1592 500 1663 δοξάσαι]
542 1599 581 1639 V
587 1599 686 1651 ulgo
710 1593 865 1650 δόξαι,
897 1599 1012 1649 quod
1033 1610 1273 1639 servassem
1296 1599 1350 1638 ob
1380 1606 1677 1650 antegressum
1703 1590 1923 1648 δόξειεν,

117 1656 202 1696 nisi
222 1648 426 1707 δοξάσαι
446 1653 938 1701 Bod1.Vat.Ven..¹÷;¹H
960 1655 1069 1695 Tub.
1099 1655 1228 1695 Vind.
1254 1656 1276 1694 1
1299 1656 1324 1694 2
1346 1655 1374 1694 4
1393 1655 1420 1695 5
1448 1655 1559 1695 Flor.
1582 1655 1611 1694 d
1639 1654 1736 1696 Zitt.
1757 1654 1854 1696 Par.
1878 1650 1911 1692 (τ

115 1713 262 1753 Ambl.
285 1711 604 1753 confiimarent.
642 1711 872 1764 Vulgatam
892 1711 1118 1751 lectionem
1139 1711 1286 1752 Herm.
1308 1711 1510 1754 servavit.

231 1768 282 1809 Β.
314 1780 406 1809 οτι
427 1781 613 1808 ταντα
635 1766 742 1819 σοι]
767 1767 838 1808 Sic
858 1767 979 1809 Bodl.
1006 1767 1137 1810 Coisl.
1157 1767 1268 1808 Tub.
1290 1768 1401 1819 Aug.
1425 1767 1523 1810 Par
1547 1766 1914 1808 GEGHIAmbr.

118 1824 228 1866 Flor.
252 1837 278 1863 a
297 1825 323 1865 b
345 1836 367 1863 c
386 1825 400 1863 i
420 1836 463 1863 m
485 1824 682 1866 Vind.¹1‘
685 1837 765 1891 pi
789 1830 829 1864 et
851 1836 958 1864 coir.
981 1822 1149 1864 Ven.¹·‘
1102 1839 1159 1870 με,
1182 1824 1296 1864 Vett.
1320 1823 1439 1867 editt.
1461 1814 1538 1864 ὅτι
1561 1815 1619 1864 οῦ
1641 1815 1796 1863 ταῦτά
1820 1832 1911 1864 σοι.

232 1870 268 1936 ᾧ
291 1873 654 1934 ἀπεικάζεις]
682 1894 706 1921 ο
731 1893 813 1921 απ.
836 1880 956 1923 Bodl.
979 1893 1043 1934 pr.
1067 1893 1122 1921 m.

175 2013 463 2072 ἀποδέξει
503 2033 565 2075 ‘ys
614 2019 837 2062 σαυτοῦ
887 2016 974 2061 λέ·
1062 2020 1104 2060 h.
1123 2031 1160 2060 e.
1184 2019 1322 2071 qualis
1343 2019 1512 2059 animus
1534 2026 1612 2067 est,
1636 2030 1764 2070 quem
1784 2018 1912 2059 modo

120 2075 344 2144 νοντας]
379 2077 448 2118 Sic
478 2077 627 2145 paullo
661 2084 780 2130 post.
825 2070 973 2143 ἀνάγ-

119 2148 181 2199 κη
223 2124 311 2175 οὖν
351 2156 404 2162 -
445 2125 564 2199 μῄτε
606 2126 815 2199 ἐμαυτοῦ
856 2128 976 2186 μήτε

123 2182 275 2231 αλλου
335 2182 691 2256 ἀποδέχεσθαι
740 2185 974 2255 λέγοντος.

121 2246 238 2288 Infla
267 2258 310 2299 p.
339 2247 393 2286 96
414 2246 448 2285 Ε
477 2258 530 2292 ος
553 2258 631 2314 γε
634 2258 721 2286 ουκ
744 2237 977 2310 ἀποδέχο-

122 2295 286 2358 μαιέμ
291 2300 443 2343 αυτοῦ
465 2294 581 2343 οὔδε
603 2295 665 2350 ὡς
686 2323 739 2330 -
764 2294 927 2355 δύοέγ
932 2297 978 2342 ε’-

122 2372 249 2401 νετο.
272 2372 314 2399 v,
335 2359 390 2399 ad
410 2357 649 2424 Euthyphr.
671 2371 713 2411 p.
738 2357 832 2400 91⁴2.

180 2415 230 2457 B.
262 2406 349 2456 ότι
390 2410 573 2455 ταῦτά
608 2425 695 2455 σοι
725 2411 886 2479 ξυμβ.
918 2411 977 2465 t]

123 2471 262 2514 Intell.
302 2465 365 2518 ὥς
404 2467 648 2538 πρότερον
673 2457 735 2523 ἦν
770 2464 979 2529 ἁρμονία

126 2523 430 2627 ξυγκειμένη,
470 2523 584 2594 πρὶν
626 2519 789 2568 ἐκεῖνα
833 2528 976 2573 εἰναι,

153 2583 178 2636 ξ
218 2597 284 2625 ων
325 2578 426 2625 ἔδει
466 2596 620 2647 αυτην
663 2580 978 2635 ξυντεθῆναι.

127 2641 346 2682 Sententia
385 2639 574 2680 universi
621 2639 703 2680 loci
741 2639 848 2679 haec
889 2642 977 2679 est:

127 2696 382 2739 Sentisne
408 2696 574 2748 igitur
603 2695 703 2736 tibi
735 2695 978 2743 evenire,

128 2760 184 2794 ut
222 2752 368 2794 istud
408 2753 556 2793 dicas
606 2750 671 2803 (ut
715 2751 980 2792 harmoniam

127 2810 247 2865 prius
277 2809 496 2850 exstitisse
526 2820 726 2860 censeas,
757 2820 885 2860 quam
907 2808 981 2847 illa

130 2870 289 2916 essent,
319 2865 432 2904 unde
454 2876 503 2904 ea
524 2862 741 2929 oriretur),
772 2878 797 2916 q
808 2877 836 2903 u
846 2877 870 2904 a
880 2877 905 2904 11
917 2864 943 2904 d
956 2875 979 2904 o

131 2921 356 2961 animum
406 2921 485 2961 ais
536 2921 822 2961 exstitisse
863 2921 978 2971 qui-

132 2977 270 3029 dem,
317 2976 629 3029 priusquam
683 2977 731 3015 in
783 2984 981 3017 morta*-

131 3033 231 3073 lem
278 3032 507 3085 speciem
569 3039 729 3082 atque
789 3044 980 3085 corpus

131 3089 467 3143 perveniret,
535 3094 584 3126 et
641 3095 814 3127 tamen
872 3101 985 3128 eum

134 3144 487 3198 compositum
527 3155 650 3183 esse
682 3144 878 3184 statuis
922 3157 983 3184 ex

133 3202 229 3252 iis,
272 3212 404 3253 quae
432 3209 542 3239 tum
571 3199 802 3239 nondum
837 3206 985 3240 erant

135 3256 201 3310 (h.
244 3270 281 3300 e.
327 3269 381 3298 ex
419 3268 598 3310 corpore
639 3256 815 3306 eiusque
854 3257 982 3309 parti-

134 3311 270 3364 bus)?
343 3312 453 3353 Non
514 3312 650 3351 enim
705 3311 984 3352 harmonia

136 3369 244 3409 tale
284 3369 535 3421 quiddam
577 3375 679 3421 est,
714 3367 871 3418 quale
900 3376 983 3408 est

137 3425 298 3476 illud,
350 3426 435 3465 cui
485 3437 592 3465 eam
634 3424 979 3477 aequiparas,

1060 2077 1156 2130 ipse
1185 2075 1436 2116 concessisti
1462 2075 1582 2127 prius
1612 2074 1762 2124 fuisse,
1785 2086 1914 2126 quam

1062 2144 1159 2172 cum
1198 2131 1279 2172 hoc
1315 2131 1480 2172 mortali
1508 2143 1686 2184 corpore
1715 2143 1916 2172 nascere-

1062 2194 1146 2231 tur.
1187 2190 1336 2239 Itaque
1357 2187 1553 2229 Socrates
1582 2187 1705 2228 docet
1730 2187 1914 2228 absurde

1062 2245 1191 2284 statui
1231 2244 1420 2283 animum
1452 2256 1550 2285 esse
1589 2244 1779 2297 corporis
1820 2256 1915 2297 par-

1062 2302 1170 2340 tium
1198 2299 1485 2351 harmoniam,
1515 2313 1612 2339 cum
1639 2307 1783 2340 tamen
1812 2311 1914 2340 con-

1063 2369 1233 2398 cessum
1280 2357 1335 2398 sit
1401 2369 1498 2396 eum
1546 2357 1629 2396 iam
1677 2364 1775 2396 ante
1815 2368 1918 2396 con-

1063 2414 1324 2453 iunctionem
1369 2425 1467 2452 cum
1517 2424 1695 2466 corpore
1750 2412 1917 2453 mortali

1063 2470 1251 2520 vixisse3
1292 2469 1385 2511 fieri
1427 2469 1539 2521 enim
1570 2481 1653 2509 non
1680 2480 1833 2522 posse,
1871 2476 1917 2508 ut

1062 2525 1285 2566 harmonia
1303 2526 1422 2579 prius
1443 2525 1584 2566 locum
1599 2525 1765 2574 habeat,
1789 2537 1917 2577 quam

1064 2583 1110 2623 id
1138 2582 1252 2622 unde
1279 2583 1376 2635 ipsa
1406 2583 1579 2625 oriatur
1629 2581 1760 2622 Vides
1788 2582 1918 2634 igitur

1066 2650 1148 2691 quo
1170 2639 1261 2678 iure
1283 2650 1419 2705 nuper
1451 2644 1572 2679 vetus
1601 2638 1812 2702 scriptura
1841 2638 1919 2678 de-

1064 2695 1188 2736 fensa
1209 2695 1282 2735 sit:
1315 2687 1391 2736 ὅτι
1422 2687 1479 2735 οὗ
1501 2687 1659 2735 ταῦτά
1681 2704 1756 2735 σοι
1778 2691 1916 2747 ξυμβ.

1067 2753 1194 2792 etiam
1214 2751 1358 2791 invitis
1381 2751 1615 2791 codicibus.

1123 2801 1181 2850 ἐκ
1203 2806 1312 2848 τῶν
1340 2800 1569 2848 οὐδέπω
1599 2798 1802 2871 οντων]
1828 2818 1857 2845 1
1881 2818 1919 2845 e.

1067 2858 1118 2906 ἐκ
1147 2862 1242 2905 τῶν
1264 2862 1349 2904 τοῦ
1371 2875 1435 2904 σω
1473 2876 1602 2916 ατος,
1628 2853 1704 2928 ῥὶ
1685 2853 1819 2903 οὔπω
1840 2875 1917 2924 ην.

1123 2913 1398 2961 τοιοῦτόν
1460 2931 1576 2972 στι,
1607 2933 1642 2974 ῳ
1673 2910 1918 2959 ἀπεικά-

1067 2976 1150 3028 ζει
1162 2975 1201 3041 ς]
1233 2976 1423 3017 Breviter
1452 2976 1612 3016 dictum
1641 2983 1705 3015 est
1723 2987 1812 3039 pro
1823 2986 1918 3014 τοι-

1066 3027 1212 3074 οῦτόν
1241 3025 1369 3074 ἔστιν
1391 3025 1538 3074 οἴον’
1516 3033 1691 3082 εκεινο,
1723 3019 1758 3085 ᾦ
1782 3022 1919 3070 ἀπει-

1070 3085 1245 3140 κάζεις.
1270 3085 1835 3149 ComparavitHeindorf.
1859 3085 1920 3124 De

1070 3146 1178 3199 Rep.
1265 3158 1343 3212 p
1378 3146 1460 3186 349
1491 3144 1526 3183 D
1567 3140 1784 3189 τοιοῦτος
1826 3131 1920 3194 ἄρα

1069 3145 1236 3243 ἕστὶνῙ
1258 3193 1477 3253 ἑκάτερος
1538 3192 1697 3240 αὐτῶν
1758 3192 1921 3249 οἶςπερ

1070 3253 1241 3299 ἔοικεν.
1284 3257 1370 3297 Nec
1410 3255 1570 3296 abludit
1602 3254 1718 3306 quod
1745 3254 1845 3294 ibid.
1877 3266 1920 3304 p.

1067 3314 1151 3355 350
1175 3313 1205 3355 C
1226 3313 1405 3380 legitur·
1435 3306 1786 3364 ὡμολογοῦμεν,
1810 3298 1845 3372 ᾧ
1868 3321 1921 3361 γε

1069 3382 1260 3435 ομοιος
1286 3362 1507 3427 ἑκάτερος
1559 3365 1657 3420 εἴη,
1701 3376 1921 3407 τοιουτον

1067 3417 1197 3466 uaz‘
1174 3420 1399 3479 εκάτερον
1422 3427 1565 3475 εἰναι,
1589 3425 1615 3466 i
1643 3435 1677 3462 e
1702 3419 1921 3462 τοιοῦτον
