2158 3718
360 0 383 16 '¹
476 18 490 36 ·
512 0 645 27 ‘⁷
1017 0 1021 11 ··
1039 0 1606 25 (ιγ
1641 0 1956 51 τι
2029 14 2031 19 v
2089 12 2091 15 ·

1708 43 1713 51 ⁴
1946 57 1952 64 .
2001 51 2005 62 ι
2046 52 2060 68 ,ς
2099 52 2110 64 7

211 132 310 186 198
930 134 1251 179 PLATONIS

206 273 266 325 τί
315 266 422 326 οὖν
470 271 541 326 ἂν
587 276 724 343 φαίη
772 270 801 327 ὁ
849 273 1012 342 λόγος
1061 276 1142 326 ἔτι
1189 271 1460 344 ἀπιστεῖς,
1511 276 1704 345 ἐπειδή
1739 296 1804 345 γε
1841 275 1978 349 ὁρᾷς

207 351 595 422 ἀποθανόντος
630 362 732 412 τοῦ
770 356 1080 429 ἀνθρώπου
1112 358 1180 411 »τό
1215 378 1279 427 γε
1317 357 1724 430 ἀσθενέστερον
1760 363 1841 415 ἔτι
1878 361 1972 428 ὅν;

151 439 268 494 Βτὸ
307 441 369 496 δὲ
405 443 928 513 πολυχρονιώτερον
954 440 1024 495 οὐ
1050 442 1208 495 δοκεῖ
1241 456 1330 496 σοι
1367 441 1673 513 ἀναγκαῖον
1711 441 1856 500 εἶναι
1893 449 1975 500 ἔτι

207 525 481 591 σώζεσθαι
520 527 584 581 ἐν
618 527 798 597 τούτῳ
835 531 912 598 τῷ
948 526 1161 598 χρόνῳ;
1201 525 1341 604 πρὸς
1377 527 1444 598 δὴ
1481 533 1646 583 τοῦτο
1683 530 1813 583 τόδε
1852 531 1974 584 ε’πί-

205 620 444 680 σκεψαι,
495 615 632 665 εἴτι
669 612 837 679 λέγω·
893 611 1108 675 εἰκόνος
1142 611 1250 681 γάρ
1287 631 1466 683 τινος,
1506 612 1580 677 ὥς
1617 617 1780 684 ἔοικε,
1821 613 1972 684 κάγώ

190 692 387 765 ’ὥςπερ
426 698 667 765 Σιμμίας
703 696 914 765 δέομαι.
975 696 1097 766 ἐμοὶ
1132 685 1239 766 γὰρ
1279 697 1438 751 δοκεῖ
1469 697 1671 767 ὁμοίως
1708 699 1974 768 λέγεσθαι

151 798 154 802 ’
204 783 407 847 ταῦτα,
455 779 633 849 ὥςπερ
681 778 752 833 ἄν
788 800 870 843 τις
907 782 1033 852 περὶ
1071 779 1382 852 ἀνθρώπου
1428 779 1686 851 ὑφάντου
1723 785 1975 854 πρεσβύ-

202 883 305 916 του
341 862 730 928 ἄποθανόντος
767 866 919 934 λέγοι
956 869 1160 919 τοῦτον
1197 864 1296 920 τὸν
1335 867 1524 936 λόγον,
1566 866 1649 921 ὅτι
1687 866 1792 922 οὐκ
1831 867 1973 923 ἀπό-

202 951 384 1001 λωλεν
433 947 462 1002 ὁ
511 947 840 1019 ἄνθρωπος,
889 950 1015 1004 ἀλλ’
1062 953 1178 1004 ἔστι
1224 969 1335 1004 που
1384 956 1534 1020 ἴσως,
1574 952 1874 1023 τεκμήριον
1911 954 1974 1007 δὲ

201 1033 495 1102 παρέχοιτο
532 1034 848 1104 θοίμάτιον,
888 1032 920 1088 ὁ
955 1034 1248 1105 ἠμπείχετο
1276 1034 1444 1099 αὐτὸς
1481 1034 1858 1107 ὑφηνάμενος,
1887 1035 1974 1091 ὅτι

202 1118 319 1170 ἔστι
365 1121 483 1171 σεόν
532 1120 623 1172 και
669 1118 773 1173 οὐκ
820 1118 1103 1190 ἀπόλωλε,
1152 1122 1246 1174 και
1294 1125 1467 1200 εἴτις
1515 1118 1764 1189 ἀπιστων
1802 1120 1971 1194 αυτῷ,

148 1199 523 1274 Οᾶνερωτῷη,
572 1204 811 1275 πότερον
848 1205 1371 1276 πολυχρονιώτερόν
1420 1206 1537 1259 ἐστι
1574 1204 1635 1258 τὸ
1673 1207 1834 1274 γένος
1871 1204 1970 1260 ἆν-

193 1286 439 1357 θρώπου
483 1287 519 1357 ἢ
567 1289 787 1358 ἱματίου
836 1291 899 1343 ἐν
943 1293 1100 1361 χρεία
1145 1310 1204 1344 τε
1251 1289 1413 1353 ὄντος
1459 1291 1553 1342 καὶ
1592 1291 1970 1360 φορουμένου,

201 1370 653 1443 ἀποκριναμένου
709 1373 776 1427 δέ
823 1394 1000 1444 τινος,
1059 1373 1144 1428 ὅτι
1190 1374 1337 1428 πολὺ
1383 1372 1445 1427 τὸ
1492 1378 1594 1427 τοῦ
1641 1373 1970 1446 ἀνθρώπου,

199 1460 371 1542 οἴοιτο
419 1456 843 1528 ἀποδεδεῖχθαι,
900 1457 985 1512 ὅτι
1031 1457 1239 1522 παντὸς
1284 1457 1393 1529 ἄρα
1446 1462 1661 1528 μᾶλλον
1699 1458 1731 1513 ὅ
1765 1479 1831 1528 γε
1870 1459 1972 1513 ἄν-

311 1616 360 1660 Β.
391 1608 727 1671 ἠμπείχετο]
754 1617 823 1658 Sic
845 1617 965 1662 Bodl.
983 1618 1081 1658 Vat.
1102 1618 1209 1660 Ven.
1223 1616 1325 1663 ΞΠ
1342 1618 1469 1660 Vind.
1485 1617 1571 1658 ΤΦ
1588 1629 1671 1658 sex
1691 1618 1967 1659 Vindobona.

197 1672 304 1715 Flor.
326 1685 350 1712 a
371 1674 395 1714 b
418 1685 439 1712 e
467 1673 559 1713 Par.
583 1674 618 1715 G
646 1683 686 1714 et
716 1687 820 1715 cori.
844 1676 950 1716 Ven.
973 1676 1025 1716 Λ.
1058 1675 1170 1717 Vett.
1205 1675 1323 1717 editt.
1345 1667 1627 1728 ἠμπίσχετο,
1650 1675 1796 1726 quod
1785 1687 1829 1714 m
1850 1675 1970 1717 Bodl.

198 1741 329 1782 supra
349 1741 518 1770 versum
542 1738 581 1770 et
602 1731 644 1770 in
661 1732 757 1774 Vat
782 1732 962 1784 margini
970 1731 1259 1797 adscriptum.
1290 1731 1515 1771 Elmsleius
1539 1731 1594 1771 ad
1613 1731 1712 1770 Eur.
1737 1730 1845 1774 Med.
1862 1733 1971 1773 1128

199 1786 440 1838 suspicatur
467 1795 539 1827 aut
566 1779 826 1841 ἠμπίσχετο
855 1796 928 1828 aut
955 1779 1218 1842 ἠμπέσχετο
1240 1788 1323 1840 legi
1345 1794 1552 1839 oportere.
1596 1785 1860 1828 Contrarium
1884 1797 1968 1828 sta·

196 1843 277 1882 tuit
297 1842 577 1883 Buttmannus
601 1842 669 1884 Gr.
693 1845 830 1897 Ampl.
851 1845 898 1885 T.
922 1846 973 1887 II.
998 1857 1039 1897 p.
1065 1846 1161 1885 190.

309 1895 407 1940 καὶ
426 1898 586 1948 εἴτις
607 1892 865 1942 απιστῶν
880 1892 1054 1956 αὐτῷ]
1073 1900 1188 1941 Libri
1209 1912 1357 1941 omnes
1378 1892 1604 1964 απιστῷν,
1628 1899 1742 1950 quod
1760 1898 1971 1940 Heindor-

195 1954 278 1996 fius
306 1955 349 1995 in
378 1948 601 2011 απιστοίη
634 1958 827 2005 mutavit,
858 1958 901 1996 in
932 1969 1056 2022 quam
1084 1958 1290 1997 rationem
1316 1956 1462 1996 incidit
1492 1956 1616 1995 etiam
1638 1956 1857 1996 Dobraens
1880 1957 1969 1997 Ad-

195 2023 357 2054 versar.
380 2012 427 2053 T.
452 2015 483 2054 I.
508 2026 551 2067 p.
574 2015 669 2054 151.
710 2013 928 2054 Bekkerus
958 2014 1129 2066 scripsit
1159 2015 1366 2066 απιστοι,
1399 2013 1511 2062 quod
1531 2013 1602 2052 alii
1625 2024 1792 2064 quoque
1812 2014 1970 2066 proba-

194 2075 306 2112 runt.
351 2067 437 2109 Sed
464 2083 504 2109 v.
527 2069 708 2111 Thomas
730 2070 898 2138 Magist.
929 2084 970 2124 p,
996 2072 1073 2111 151
1104 2071 1168 2110 ed.
1194 2069 1374 2122 Schaef„
1406 2069 1639 2109 secundum
1669 2081 1795 2120 quem
1826 2067 1969 2117 εἴτις

195 2116 408 2167 ἀπιστῶν
426 2133 488 2166 est
508 2126 636 2179 idem,
650 2127 762 2177 quod
784 2119 1099 2174 απιστοῦντός
1121 2140 1260 2174 τινος,
1285 2101 1561 2166 etH’ermann.
1585 2124 1801 2168 adAesch.
1814 2126 1966 2191 Agam.

193 2182 292 2222 404
321 2182 428 2222 Dein
450 2175 750 2249 ανερωτςόη,
722 2183 841 2226 Bodl.
865 2185 962 2224 Vat.
992 2184 1099 2222 Ven.
1124 2199 1163 2229 ›-
1131 2182 1227 2224 ΗΠ
1243 2184 1347 2224 Tub.
1372 2183 1443 2222 alii
1465 2182 1584 2221 multi
1611 2193 1688 2248 pro
1718 2182 1836 2235 vulg.
1859 2194 1970 2222 ανε-

195 2236 340 2295 ρωτῷ.
382 2239 575 2291 Denique
608 2252 683 2293 pro
720 2231 1105 2294 αποκριναμένου
1142 2233 1204 2293 δή
1244 2253 1298 2280 ex
1334 2250 1416 2280 uno
1446 2239 1541 2282 Par.
1567 2238 1602 2280 G
1632 2234 1686 2279 δέ
1718 2239 1968 2291 scripsimus

155 2322 164 2328 -
193 2301 425 2348 praeeunte
444 2296 684 2337 Heindorfio
707 2305 747 2337 et
767 2296 975 2338 Bekkero.

303 2365 354 2408 C.
406 2358 718 2437 ἀνθρώπου
757 2358 789 2421 ἢ
818 2363 1083 2438 ἱματίου]
1126 2363 1210 2407 τοῦ
1240 2373 1336 2406 ante
1366 2357 1510 2419 ανθρ.
1540 2366 1817 2419 interponunt
1839 2365 1966 2406 Coisl.

193 2420 288 2464 Par.
310 2422 346 2462 H
367 2423 474 2466 Ven.
497 2418 1004 2477 A,ante1,1.wcnov1tem
1034 2424 1143 2467 Ven.
1166 2424 1220 2467 Λ.

193 2563 372 2615 suimus,
394 2564 549 2616 quibus
563 2565 767 2618 inspectis
785 2573 898 2606 certe
915 2577 1036 2605 nemo

192 2618 262 2658 hic
299 2620 482 2673 amplius
524 2621 576 2661 de
607 2621 813 2674 singulari
854 2621 1037 2673 quodam

194 2688 275 2716 usu
298 2677 495 2716 vocabuli
492 2674 603 2741 μέν
625 2678 865 2718 somniabit.

249 2730 308 2773 τί
337 2719 444 2796 ,οὖν
484 2722 552 2772 ὂὶν
602 2732 747 2786 φαίη
794 2728 818 2774 ὃ
872 2726 1035 2786 λόγος

194 2782 277 2829 ἔτι
318 2800 492 2828 απιστ
505 2786 611 2842 εις]
664 2747 747 2829 De⁷²
764 2789 1037 2829 collocatione

193 2833 255 2886 ἄν
282 2844 512 2898 particulae
539 2857 580 2887 v,
605 2845 659 2885 ad
681 2844 839 2886 Criton.
860 2857 902 2898 p.
928 2847 980 2886 52
1000 2846 1034 2885 D

194 2906 234 2940 et
254 2912 363 2952 quae
383 2901 438 2941 ad
458 2900 499 2943 h.
519 2901 547 2943 l.
565 2901 732 2953 collegit
748 2902 1036 2952 Heindorf,

194 2955 267 3009 qui
305 2964 446 2998 tamen
486 2957 623 2997 attulit
658 2958 784 2997 etiam
816 2970 886 3006 ea,
929 2970 1037 3009 quae

194 3025 276 3054 non
299 3014 497 3055 videntur
524 3013 607 3055 huc
635 3014 856 3066 pertinere.
887 3027 925 3054 v.
949 3016 1038 3054 Er-

195 3069 355 3114 furdt.
385 3071 440 3111 ad
470 3069 599 3124 Soph.
623 3070 731 3111 -Oed.
753 3071 799 3110 Τ.
826 3072 921 3114 929.
967 3072 1037 3111 In-

194 3127 532 3180 terpunctionem
555 3128 601 3167 in
628 3127 781 3167 talibus
802 3127 906 3167 locis
926 3128 1034 3169 into·

196 3183 411 3223 lerabilem
432 3183 661 3224 tollendam
681 3183 980 3226 iudicavimus.

253 3239 298 3279 B.
340 3252 519 3295 ωςπερ
549 3233 618 3282 ἄν
653 3254 736 3288 τις
771 3237 901 3294 περὶ
937 3234 1032 3280 οἷν-

195 3297 284 3364 θρ
295 3295 309 3348 ]
359 3295 638 3337 scribendum
677 3296 803 3336 alicui
843 3297 1036 3337 videatur

195 3366 347 3406 ωςπερ
369 3366 430 3394 αν
452 3351 501 3394 εἴ
515 3368 584 3402 τις
605 3367 653 3397 π.
686 3352 771 3394 Sed
787 3360 901 3392 recte
917 3354 1035 3393 omit-

194 3412 294 3451 titur
315 3406 373 3461 εἰ,
402 3421 499 3449 cum
523 3411 653 3450 verba
673 3410 734 3451 sic
754 3410 1031 3463 interpretan-

196 3468 250 3507 da
289 3467 395 3507 sint:
435 3465 871 3520 quemadmodum
914 3468 1031 3518 quis

1102 3070 1269 3123 'optimi
1295 3069 1397 3110 vitio
1426 3069 1656 3110 admodum
1675 3069 1844 3136 pusillo.

1125 2565 1187 2604 de
1222 2576 1347 2604 sene
1383 2570 1591 2603 textore
1638 2568 1842 2603 mortuo
1885 2562 1967 2601 ‹li-

1124 2633 1240 2659 cere
1268 2620 1467 2673 possit,
1503 2619 1616 2669 quod
1643 2624 1759 2671 patet
1779 2619 1871 2658 sine
1891 2617 1993 2671 hy»

1122 2675 1291 2728 pothesi
1319 2677 1403 2716 dici
1430 2676 1676 2715 rectissime.
1719 2673 1803 2714 Sed
1833 2675 1965 2728 pluri-

1122 2733 1202 2771 bus
1232 2744 1319 2771 rem
1344 2732 1618 2784 exposuimus
1641 2731 1695 2770 ad
1716 2731 1895 2784 Apolog
1921 2744 1964 2784 p.

1178 2836 1299 2885 ἀλλ’
1326 2838 1449 2884 ἔστι
1471 2855 1578 2883 που
1600 2840 1966 2895 Z'6m9JFische—

1123 2913 1209 2940 rus
1250 2908 1290 2940 et
1330 2900 1599 2942 Hermann.
1632 2899 1684 2939 de
1728 2900 1965 2940 Forsteri

1123 2957 1362 3010 coniectura
1383 2948 1491 2997 ἀλλ’
1515 2951 1611 2997 ἔστι
1632 2969 1725 2997 που
1746 2954 1850 3005 σῶς.
1891 2956 1964 2996 Ni-

1122 3013 1273 3053 mirum
1301 3014 1344 3052 in
1372 3012 1565 3052 fraudem
1589 3012 1747 3053 inducti
1769 3019 1868 3054 sunt
1888 3013 1966 3052 viri

1121 3127 1299 3179 gebatur
1330 3127 1441 3166 enim
1474 3125 1598 3179 vulgo
1621 3118 1728 3167 αλλ’
1753 3118 1856 3167 ἐστί
1870 3138 1964 3166 που

1123 3181 1247 3231 ἰσως.
1290 3182 1676 3223 RecteFicinus:
1705 3182 1796 3222 sed
1827 3181 1964 3222 forte

1123 3240 1322 3279 alieubi
1352 3250 1653 3303 superesse.
1692 3238 1849 3278 Eodem
1871 3250 1962 3278 mo·

1123 3298 1175 3337 do
1204 3296 1313 3335 infra
1316 3309 1389 3365 p.
1406 3298 1460 3338 87
1482 3295 1514 3335 Ε
1544 3287 1604 3342 ὥς
1627 3289 1695 3335 ἔτι
1714 3307 1808 3335 που
1830 3286 1964 3347 ἡμῶν

1120 3346 1149 3406 ἡ
1199 3345 1329 3406 ψυχὴ
1373 3348 1501 3394 ἔστιν
1553 3359 1680 3402 atque
1727 3350 1845 3393 Dem.
1885 3363 1962 3403 pro

1118 3409 1287 3452 Phorm.
1304 3421 1359 3475 p.
1365 3410 1478 3474 953,
1503 3408 1554 3447 17
1600 3399 1858 3460 Τιμοδήμῳ
1899 3404 1961 3462 τῷ

1120 3465 1209 3507 νῦν
1248 3458 1317 3507 ἔτ’
1360 3457 1463 3506 ὄντι
1502 3459 1586 3505 καὶ
1627 3461 1779 3513 ζῶντι.
1821 3464 1873 3503 Et
1901 3463 1964 3503 sic

1885 3069 1967 3108 Le·
2002 3077 2015 3094 ‘
