2158 3718
229 571 331 621 193

1349 65 1370 79 Ὦ

368 171 439 220 92
983 165 1404 218 ΡΒΛΊΥΟΝΙΒ

366 310 661 383 ἐπεθύμει,
723 308 1014 367 συνελθὼν
1069 313 1164 365 καὶ
1217 314 1502 378 συντακεὶς
1555 314 1632 383 τῷ
1687 318 1934 385 ἐρωμένῳ
1989 321 2049 370 ἐκ

369 399 516 452 ὃυειν
556 395 633 461 εἷς
672 398 958 467 γενέσθαι.
991 392 1346 494 vofiroqyw
1379 402 1493 452 ἐστι
1535 394 1598 452 τὸ
1640 395 1838 463 αἴτιον,
1881 394 1971 453 ὅτι
2011 396 2046 466 ἡ

367 478 574 552 ἀρχαία
601 477 764 555 φύσις
790 477 944 548 ἡμῶν
986 499 1054 545 ην
1097 475 1257 557 afim
1270 499 1377 549 κῃ
1406 502 1541 552 ημεν
1570 478 1722 536 ὅλοι·
1764 483 1864 536 τοῦ
1911 479 2045 538 ὅλου

371 556 475 621 οὖν
518 567 582 641 τῆ
624 567 902 634 ἐπιθυμίᾳ
942 565 1033 617 καὶ
1059 562 1232 629 διώξει
1276 565 1445 636 ἔφυς’
1432 561 1630 637 ὄνομα.
1674 568 1765 621 καὶ
1790 562 1897 638 πρὸ
1931 569 2051 633 τοῦ,

366 669 540 722 ωςπερ
583 651 745 718 λέγω,
790 649 849 702 ἓν
892 638 1055 717 ἦμεν·
1112 650 1233 703 νυνὶ
1277 650 1334 702 δὲ
1380 646 1471 704 διὰ
1514 649 1616 718 τὴν
1656 649 1882 705 ἀδικίαν
1924 654 2049 721 διῳ-

483 825 654 851 τουτο
686 809 784 866 γάρ
815 813 935 852 ἐστι
959 809 1021 852 τὸ
1054 812 1267 864 αἴτιον]
1302 812 1403 857 vat.
1422 811 1529 854 11.τό
1563 810 1707 854 αἴτιόν
1736 815 1840 855 ἐστι.
1875 813 2054 857 uastius

368 868 532 910 τούτοι
564 869 762 920 malebat,
795 870 1091 911 consentiente
1122 870 1252 910 Astio.

484 922 659 969 P.193
722 942 791 966 κα
816 925 896 967 θά
916 940 986 966 πε
1014 942 1037 980 ρ
1073 925 1322 981 Ἀρκάδες
1358 925 1460 969 ὑπὸ
1506 925 1727 981 Ammo]
1761 927 1886 970 Haec
1916 929 2048 971 verba

367 983 641 1025 Hommelius
676 989 749 1025 aut
781 998 833 1026 ex
863 986 1121 1038 glossemate
1153 990 1247 1027 orta
1282 998 1380 1027 esse
1411 985 1594 1036 censuit,
1626 990 1703 1026 aut
1734 984 1847 1028 hunc
1875 986 1916 1028 in
1948 999 2044 1028 mo·

367 1041 467 1082 dum
500 1040 726 1082 mutanda.
759 1057 848 1082 vvu.
878 1042 918 1082 de
947 1041 1016 1082 διὰ
1042 1041 1121 1093 τὴν
1149 1039 1317 1082 ἀδικίαν
1348 1043 1636 1095 διῳκίσθηιιεν
1667 1041 1755 1082 υπὸ
1803 1057 1878 1083 του
1903 1047 2046 1111 .¹⁹‘⁰‘⁷’

367 1095 572 1153 καθάπερ
596 1096 794 1151 :dquam
823 1098 928 1139 ἀπὸ
974 1098 1348 1152 Λακεδαιμονίων
1401 1099 1597 1140 Priorem
1634 1100 1843 1141 rationem
1872 1101 1939 1142 vir
1968 1100 2049 1142 do-

367 1161 464 1197 ctus
495 1156 590 1208 ipse
622 1156 886 1208 repudiavit3
927 1157 1212 1210 posteriorem
1244 1170 1324 1200 nos
1353 1157 1652 1208 repudiamus,
1685 1170 1723 1200 v.
1755 1170 1846 1198 ιιιιιι.
1881 1158 2048 1200 Corna-

368 1213 469 1254 rius
498 1213 802 1267 ὁιεσχίσθημεν
841 1215 1048 1274 coniecit,
1090 1214 1208 1268 quod
1254 1219 1371 1256 recte
1401 1214 1695 1268 improbarunt
1726 1214 1930 1269 wolfius,
1963 1219 2047 1257 A-s-

367 1270 480 1323 tius,
516 1269 598 1311 aiii.

484 1325 658 1381 φ’βος
687 1342 785 1367 ουν
811 1327 983 1382 ἔστιν]
1016 1326 1091 1369 Sic
1109 1327 1237 1368 Bodl.
1258 1327 1390 1369 Coisl.
1413 1327 1513 1369 vat.
1528 1323 1576 1369 A
1602 1326 1706 1368 Ven.
1727 1328 1772 1370 Ξ.
1799 1327 1925 1370 Vind
1955 1327 2044 1373 12

366 1383 409 1428 7
431 1385 531 1427 Par.
563 1383 765 1427 DEFK.
793 1386 991 1426 AmbnA

366 1446 437 1484 tur
473 1443 575 1484 olim
605 1444 776 1484 ἔιεστιν.

364 1584 676 1636 Maecenas,
709 1589 764 1625 ut
793 1597 962 1634 nemo,
995 1596 1154 1639 quam

363 1643 470 1684 sibi
509 1649 715 1684 sortem
756 1654 851 1684 seu
881 1641 1023 1684 ratio
1057 1641 1154 1684 de-

364 1699 535 1751 derit,
581 1712 674 1740 seu
714 1699 828 1740 fors
859 1695 1152 1752 obiecerit,

364 1756 459 1798 illa
495 1761 788 1799 contentus
827 1757 999 1808 vivat,
1041 1758 1156 1798 lau-

365 1813 457 1856 det
493 1814 710 1857 diversa
749 1819 1073 1868 sequentes,
1115 1814 1152 1856 h.

364 1885 403 1913 e.
437 1872 532 1913 sed
570 1873 803 1926 quisque
835 1871 1020 1914 laudet
1051 1878 1154 1924 etc.‚

363 1941 403 1972 v,
431 1930 486 1971 ibi
518 1930 652 1984 intpp.
684 1927 1080 1971 -σῡνελθών
1106 1953 1152 1960 -

362 1991 440 2033 εἱς
478 1991 751 2041 γενέσθαι.
820 1987 944 2029 Haec
974 2000 1152 2041 praece-

363 2043 560 2086 dentibus
580 2044 725 2086 addita
755 2050 852 2086 sunt
868 2043 1154 2099 ἑπεξηγῆσεως

360 2100 503 2157 χάριν,
535 2102 590 2144 de
627 2115 714 2156 quo
755 2101 951 2155 loquendi
992 2115 1151 2155 genere

362 2173 403 2201 v.
437 2157 684 2202 indiminv.
720 2159 1146 2201 infinitivus.

362 2216 427 2258 De
457 2219 635 2259 voculae
665 2215 750 2271 ἄρα
780 2230 862 2259 usu
891 2217 1051 2259 dictum
1084 2222 1152 2259 est

361 2274 414 2317 ad
451 2274 670 2316 Phaedon
709 2288 749 2328 p.
784 2275 852 2320 68.

419 2333 472 2375 Ρ.
499 2333 591 2377 193.
621 2330 788 2388 ὥςπερ
822 2331 978 2387 λέγω]
1016 2331 1061 2374 V.
1095 2332 1150 2374 ad

361 2391 547 2445 Apolog.
582 2389 750 2432 Socrat.
782 2389 852 2435 21.

419 2446 803 2501 διῳκίσθημεν
845 2471 903 2479 -—·
932 2463 955 2487 κ
985 2444 1157 2488 αθιί-

360 2520 455 2558 περ
476 2503 746 2561 Ἀρκάδες]
770 2506 916 2547 Utitur
933 2521 1012 2557 της
1030 2505 1156 2545 οἰκει-

361 2560 517 2614 ότητος
558 2563 786 2604 amantium
820 2562 959 2604 habita
989 2564 1155 2604 ratione

358 2621 491 2660 Verbo
539 2620 832 2674 διῳκίσθημεν
873 2633 949 2674 pro
996 2620 1151 2671 διεσχί-

360 2680 531 2729 σθημεν
580 2683 756 2747 propter
803 2678 969 2718 adiecta
1021 2677 1152 2717 verba

356 2732 559 2789 καθάπερ
587 2731 785 2787 Ἀρκάδες
814 2732 903 2773 ὑπὸ
932 2733 1151 2773 Λακεδαι-

358 2790 531 2843 μονίων.
586 2789 696 2831 Nam
736 2790 910 2830 verbnm
954 2788 1151 2837 διοικίζε-

361 2849 475 2887 σθαι
504 2845 582 2887 hac
617 2847 658 2886 in
682 2859 728 2886 re
748 2847 964 2900 proprium
993 2850 1074 2897 est,
1108 2857 1147 2887 v.

360 2903 751 2946 Valckenar.
784 2903 836 2944 ad
873 2905 1071 2944 Ammon.
1105 2916 1146 2956 p.

363 2959 440 3004 171
484 2973 545 3015 sq.
587 2958 969 3002 Hemsterhus.
1009 2961 1150 3001 Anec-

361 3017 452 3060 dot.
483 3018 516 3062 l.
559 3031 599 3072 p.
643 3015 724 3060 251
768 3029 860 3070 sqq.
913 3017 979 3058 ed.
1026 3017 1148 3059 Geel.

357 3075 739 3130 Harpocratiu
802 3088 839 3116 v.
896 3075 1149 3115 Μαντινέων

358 3131 610 3186 διοικῐσμός.
640 3131 879 3186 Xenoph.
910 3133 1074 3175 Hellen.
1103 3131 1149 3172 V.

358 3190 470 3243 2‚7=
503 3193 545 3231 ἐκ
561 3191 603 3232 δὲ
634 3189 794 3231 τούτου
810 3192 1047 3245 καθῃρέθη
1077 3190 1155 3242 μὲν
1179 3241 1181 3243 ‚

359 3247 409 3290 τὸ
447 3252 610 3301 τεῖχος,
650 3246 856 3300 διῳκίσθη
888 3248 931 3287 δὲ
964 3245 985 3300 ἡ
1022 3246 1153 3286 Μαν-

359 3307 493 3347 τίνεια
524 3309 724 3359 τετραχῇ.
773 3304 999 3347 Diodor.
1041 3304 1150 3344 Sic.

359 3362 557 3407 XV..5ibi
559 3362 961 3424 queWesseling
977 3361 1151 3403 Strab.

361 3419 472 3464 Vlli.
508 3434 547 3474 p.
559 3377 680 3465 q335.
711 3419 782 3464 ed.
800 3405 1002 3463 Casaub.
1045 3419 1154 3461 Iso-

965 1389 1066 1439 &ng
1084 1398 1133 1426 w.
1161 1385 1254 1427 Vat.
1280 1399 1321 1426 n.
1333 1399 1372 1439 p.
1384 1397 1414 1425 r.
1434 1398 1466 1425 s.
1490 1384 1607 1426 Flor.
1629 1398 1667 1428 a.
1682 1385 1726 1425 b.
1737 1385 1814 1427 c.i.
1849 1384 2046 1439 Legeba-

833 1442 943 1484 Dein
977 1442 1078 1486 Par.
1111 1442 1212 1484 DK.
1251 1442 1345 1486 Vat.
1369 1456 1409 1497 p.
1437 1441 1876 1497 διασχισθησώμεθα.
1917 1443 2043 1485 Bodl.

1240 1590 1370 1628 crat.
1405 1585 1568 1638 Paneg.
1601 1583 1638 1638 §.
1674 1582 1766 1628 126.
1791 1582 1857 1626 ed.
1881 1583 2043 1628 Bremi.

1241 1643 1393 1695 P‘olyb.
1428 1642 1504 1685 lv.
1541 1641 1614 1686 27.
1646 1641 1880 1685 Aristid.
1913 1641 2036 1684 Orat.

1237 1699 1292 1742 T.
1324 1700 1376 1741 ΙΙ.
1409 1714 1448 1754 ρ.
1481 1698 1579 1744 287.
1621 1699 1689 1743 ed.
1731 1699 1836 1741 lebb
1897 1700 2042 1749 διῳκί-

1242 1761 1410 1810 affimant
1431 1757 1480 1798 δέ
1497 1773 1543 1812 γε
1565 1758 1807 1801 Μαντινεῖς
1826 1755 1916 1797 dm?
1943 1757 2043 1798 Λα-

1241 1817 1361 1856 nedae
1364 1815 1524 1866 μηνίων
1540 1815 1620 1867 ἤδη
1641 1818 1719 1866 τῆς
1742 1812 1906 1867 εἰρήνης
1920 1812 2041 1868 ὀμω·

1239 1875 1464 1926 μοσμένης
1502 1872 1791 1914 Aristotel.
1827 1872 1956 1913 Polit.
1991 1871 2040 1912 V.

1236 1929 1289 1982 8,
1320 1930 1371 1976 8:
1412 1932 1455 1969 ἐκ
1492 1944 1569 1971 του
1615 1927 1770 1974 ἄστεος
1803 1951 1854 1959 -
1890 1929 2042 1970 διοικί-

1238 1961 1338 2039 ζί,ιν
1371 1987 1499 2032 ubiv
1532 1985 1839 2028 Schneider
1868 1999 1909 2042 p
1924 1983 2039 2030 3-36.

1239 2044 1475 2087 Voluerunt
1520 2048 1664 2086 autem
1708 2042 2040 2085 Lacedaemonii

1235 2102 1553 2144 Mantineenses
1585 2102 1691 2143 urbe
1723 2100 2036 2154 moenibusque

1236 2171 1382 2202 eorum
1433 2159 1621 2201 funditus
1671 2158 1832 2201 eversis
1870 2171 1954 2200 non
1991 2159 2033 2199 in

1235 2230 1320 2259 uno
1350 2217 1542 2259 habitare
1576 2218 1696 2267 loco,
1741 2214 1823 2257 sed
1852 2228 1930 2269 per
1961 2228 2037 2269 pa-

1234 2288 1315 2328 gos
1346 2273 1568 2327 dispersos
1596 2274 1754 2316 habere
1783 2285 1858 2314 sua
1891 2272 2037 2314 donni-

1241 2330 1349 2374 einai
1413 2332 1541 2375 Quod
1562 2331 1732 2385 quidem
1756 2330 1918 2372 factum
1941 2343 2038 2372 esse

1241 2395 1414 2431 constat
1463 2390 1631 2445 Olyinp.
1686 2388 1886 2430 xcvnl.
1928 2399 2039 2429 anno

1238 2446 1280 2489 4.
1311 2453 1411 2488 ante
1442 2447 1539 2489 Chr.
1573 2459 1611 2488 n.
1637 2445 1732 2489 3‘35.
1773 2445 1922 2499 ltaque
1956 2457 2036 2486 no-

1238 2504 1393 2546 tandus
1434 2509 1503 2544 est
1541 2504 1718 2558 insignis
1759 2502 2034 2544 anachronis-

1237 2574 1346 2603 mus.
1407 2561 1520 2602 Nam
1562 2561 1803 2603 convivium
1845 2559 2036 2612 Agatho·

1237 2620 1302 2659 nis
1333 2620 1466 2659 multo
1497 2624 1595 2658 ante
1623 2617 1813 2658 habitum
1848 2616 2034 2669 fingitur.

1238 2676 1336 2718 Qua
1367 2688 1413 2715 re
1449 2675 1640 2715 offensus
1685 2673 2036 2714 Hommelius

1237 2731 1466 2783 legendum
1511 2734 1659 2771 censet
1689 2729 1773 2770 ἀπὸ
1815 2731 2033 2771 Λακεδαι-

1231 2789 1404 2841 μονίων,
1435 2786 1783 2840 quandoquidem
1816 2788 1928 2829 inter
1950 2792 2031 2829 Ar—

1234 2843 1399 2886 cadiam
1434 2851 1476 2885 et
1508 2843 1881 2887 Lacedaemonem
1913 2845 2034 2886 altis-

1234 2901 1326 2942 simi
1388 2907 1558 2943 montes
1614 2901 1772 2943 fuerint
1810 2902 2031 2947 interiecti.

1235 2958 1324 3001 Sed
1357 2958 1453 3000 huic
1474 2960 1752 3003 coniecturae
1774 2960 1911 3015 ipsum
1934 2973 2030 3002 ver-

1234 3017 1335 3058 bum
1347 3017 1634 3069 διῳκίσθημεν
1656 3017 1907 3059 adversatur
1942 3017 2032 3059 Nee

1237 3081 1304 3116 est
1351 3074 1665 3128 vituperandus
1711 3074 1776 3119 hic.
1821 3074 2032 3116 anachro-

1236 3132 1411 3173 nismus.
1484 3131 1591 3173 Nam
1638 3132 1816 3185 primum
1857 3133 2032 3186 quidem

1236 3190 1340 3231 satis
1380 3188 1564 3243 lepidum
1611 3194 1702 3239 est,
1744 3190 1864 3242 qnod
1905 3191 2030 3232 Plato

1238 3246 1566 3300 Aristophanem
1600 3245 1757 3287 inducit
1782 3247 1836 3289 de
1853 3260 1917 3299 re,
1944 3258 2030 3300 quo

1236 3309 1433 3357 tempore
1471 3303 1750 3358 symposium
1799 3305 1839 3346 in
1890 3305 2029 3346 lucem

1236 3361 1419 3416 prodiit,
1472 3361 1588 3404 haud·
1627 3362 1686 3403 ita
1733 3361 1924 3414 pridem,
1980 3365 2031 3403 ut

1239 3418 1429 3473 videtur,
1483 3418 1596 3462 facta
1656 3418 2030 3471 sermocinantem,
