2158 3718
254 145 364 199 294
986 130 1310 194 PLA'roms

255 288 467 355 κακῶν,
508 287 561 340 εἰ
596 287 658 341 δὲ
695 286 789 357 μή,
830 287 1101 357 φέρονται
1139 280 1309 351 αὖθις
1348 290 1426 352 εἰς
1471 287 1570 344 τὸν
1615 291 1908 361 Τάρταρον
1942 293 2046 349 uo}-

254 376 450 424 κεῐθεν
496 371 668 424 πάλιν
719 373 797 434 είς
840 369 974 434 τοὺς
1020 372 1333 441 ποταμούς,
1381 374 1475 427 καὶ
1521 378 1699 428 ταῦτα
1736 377 2046 447 πάσχοντες

252 450 323 506 οὐ
359 453 641 525 πρότερον
678 454 976 524 παύονται,
1015 455 1153 524 πρὶν
1179 454 1251 508 ἄν
1288 458 1559 511 πείσωσιν
1597 458 1698 523 οὓς
1734 457 2038 532 ἠδίκησαν·

251 535 395 607 αὕτη
432 536 541 609 γὰρ
579 537 612 607 ἡ
655 540 782 608 δίκη
821 536 933 591 ὑπὸ
971 542 1087 592 τῶν
1133 541 1416 594 δικαστῶν
1454 540 1646 607 αὐτοῖς
1684 543 1912 616 ἐταχθη.
1989 549 2050 601 οἳ

250 622 313 677 δὲ
360 622 428 692 δὴ
479 621 551 676 ἂν
597 622 802 686 δόξωσι
850 622 1237 694 διαφερόντως
1293 622 1434 695 πρὸς
1478 624 1541 680 τὰ
1596 625 1762 693 ὁσίως
1815 632 2042 701 βιῶναι,

249 698 414 760 οὗτοί
464 707 610 759 εἰσιν
665 707 723 760 οἱ
774 707 956 760 τωνδε
1002 707 1106 777 μὲν
1161 711 1278 762 τῶν
1324 711 1514 764 τόπων
1559 716 1675 765 τῶν
1722 714 1787 767 ἐν
1841 718 1912 784 τῇ
1967 719 2041 787 γῇ

249 789 730 860 ε’λευθερούμενοί
761 810 822 844 τε
860 792 955 844 καὶ
993 789 1476 862 ἀπαλλαττόμενοι
1522 793 1705 867 ῶςπερ
1754 798 2042 869 δεσμωτη-

247 876 405 942 ρίων,
445 872 563 927 ἅνω
602 874 665 928 δὲ
704 875 783 939 εἰς
818 873 922 945 τὴν
960 874 1223 946 καθαρὰν
1261 880 1483 946 οἴκησιν
1510 875 1921 950 ἀφικνούμενοι
1946 884 2040 936 καὶ

248 958 340 1011 ἐπὶ
387 962 484 1028 τῆς
528 962 631 1028 γῆς
677 960 1028 1030 οἰκιζόμενοι.

1106 960 1327 1013 τούτων
1375 959 1439 1014 δὲ
1477 959 1670 1014 αὐτῶν
1708 962 1768 1014 oc
1800 967 2040 1032 φιλοσο-

357 1115 542 1159 ταῦτα
582 1113 927 1172 πάσχοντες]
974 1109 1850 1162 advolvafiwn.Cois1.Vat.vind.‹D
1880 1121 1975 1165 Par.
2002 1120 2037 1162 G

243 1173 391 1214 Ambr.
415 1174 522 1214 Flor.
547 1175 588 1215 d.

356 1234 455 1292 οὓς
476 1216 786 1300 ἠδίκησαν]
810 1245 939 1288 Vind.
961 1244 1000 1286 Φ
1023 1244 1168 1285 Ambr.
1190 1256 1266 1297 pio
1290 1244 1403 1297 vulg.
1426 1237 1668 1298 ἠδίκησαν
1689 1244 1843 1287 habent
1864 1239 2037 1301 ἧδική·

239 1310 399 1349 κασιν,
421 1303 536 1366 quod
559 1302 674 1342 dedit
694 1303 873 1344 Bekker.

356 1349 495 1425 πρὸς
517 1354 575 1398 τὸ
599 1351 767 1407 ὁσίως
790 1353 1021 1413 βιῶναι]
1054 1352 1172 1410 πρὸς
1195 1350 1250 1398 τό
1271 1369 1352 1399 om
1376 1357 1474 1396 Vat.
1497 1357 1607 1396 Flor.
1631 1358 1673 1399 d.

356 1413 402 1455 G.
435 1406 528 1455 ἐπὶ
549 1413 614 1468 τῆ
627 1428 650 1462 ς
670 1429 735 1469 γη
718 1412 791 1469 ς]
819 1414 1057 1455 Articulum
1079 1412 1163 1467 τῆς
1185 1414 1226 1454 in
1249 1413 1437 1453 Platonis
1460 1414 1678 1454 codicibus
1702 1414 1911 1455 omissum
1932 1428 2032 1456 cum

240 1468 455 1521 Fischero,
486 1470 755 1522 Heindorfio,
790 1472 1002 1519 Bekkero,
1032 1470 1123 1509 aliis
1154 1482 1208 1509 ex
1235 1469 1525 1521 Theodoieto,
1551 1469 1743 1511 Eusebio
1775 1478 1816 1512 et
1844 1471 2030 1514 stobaeo

238 1526 514 1567 restituimus.

236 1638 476 1679 Articulum
498 1651 647 1680 rursus
670 1652 753 1682 om.
777 1642 916 1681 Herm.

295 1774 379 1826 εἰς
407 1773 543 1827 τούς
573 1773 886 1832 ποταμούς]
909 1781 1089 1822 homici-

235 1833 317 1874 dae
347 1835 391 1874 in
413 1833 641 1902 Cocytum,
673 1838 749 1877 sed
777 1839 850 1888 qui
887 1845 1087 1891 parentes

235 1891 530 1946 verberarunt,
559 1894 603 1933 in
624 1893 1087 1960 Pyriphlegethontem.

235 1923 534 1989 Proximorum
591 1951 816 1990 verborum
877 1952 1088 1991 sententia

234 2001 341 2043 haec
363 2010 447 2044 est.
472 2004 629 2046 haec
619 2007 685 2046 1is
708 2015 811 2047 tam
833 2007 922 2047 diu
943 2009 1086 2047 acci-

235 2059 389 2111 dunt,
415 2061 581 2102 donec
604 2065 958 2105 exoraverint
964 2076 1083 2121 eos,

233 2128 363 2167 quos
406 2117 706 2170 laeserunt,
746 2127 797 2159 ut
832 2117 980 2173 ipsos
1013 2122 1084 2161 si-

234 2180 359 2212 nant
387 2174 435 2213 in
464 2175 708 2227 paludem
731 2174 1086 2217 Acherusiam

233 2230 536 2271 escendere.

290 2280 697 2339 διαφερόντως
743 2301 883 2341 προς
926 2282 983 2330 τὸ
1028 2283 1086 2331 6-

232 2341 367 2389 σίως
407 2341 636 2396 βιῶναι]
677 2345 807 2398 Apud
828 2345 1082 2390 Theodoret.

234 2395 332 2440 Cur.
364 2399 503 2441 affect.
527 2402 640 2444 VIII.
676 2414 719 2454 p.
752 2402 832 2442 118
865 2413 904 2442 et
931 2402 1005 2442 XI.
1037 2415 1081 2456 p.

235 2455 315 2495 115
355 2463 452 2506 post
489 2454 663 2508 βιῶναι
698 2458 891 2498 additum
926 2459 1082 2512 legitur

237 2511 604 2565 προκεκρίσθαι,
630 2526 711 2565 quo
733 2522 903 2568 recepto
925 2515 1079 2555 Hein-

231 2566 363 2608 d01f.
394 2569 477 2608 sibi
506 2570 730 2610 videbatur
758 2571 920 2622 locum,
956 2584 1081 2623 quem

230 2623 418 2674 graviter
457 2625 658 2665 affectum
697 2628 886 2679 putabat,
930 2640 1080 2679 per—sa

231 2690 370 2718 nasse.
413 2681 464 2719 Et
498 2681 689 2733 profecto
721 2683 869 2722 eadem
903 2695 1080 2735 prorsus

230 2734 453 2774 νοιΙιοιιιιιι
494 2738 687 2776 iunctura
717 2745 780 2778 est
808 2737 919 2778 Xen.
952 2739 1076 2781 Mem.

229 2790 302 2830 111.
333 2791 379 2837 5
416 2791 495 2831 19
508 2785 620 2840 τοὺς
661 2788 715 2834 δὲ
755 2787 954 2841 ὁπλίτας
996 2792 1079 2835 καὶ

229 2838 342 2893 τοὺς
365 2841 543 2900 ἱππεῖς,
574 2845 622 2889 οι
652 2847 850 2890 δοκοῦσι
871 2843 1078 2891 καλοκά-

227 2902 406 2968 γαθίᾳ
426 2904 776 2969 προκεκρίσθαι
817 2904 911 2947 τῶν
944 2908 1079 2947 πολι-

228 2956 345 3023 τῶν,
377 2951 757 3009 ἄπειθεστατους
789 2956 941 3015 εἶναι,
974 2962 1014 3002 h.
1039 2976 1075 3004 e.

227 3015 315 3066 qui
364 3016 616 3057 videntur
665 3018 875 3058 civibus
924 3032 1075 3072 prae-

226 3077 387 3126 stare.
410 3072 693 3115 Nihilominus
711 3075 763 3115 de
779 3073 906 3115 huius
928 3076 1076 3117 lectio-

226 3128 292 3168 nis
330 3129 506 3170 veritate
541 3130 803 3181 dubitamuS,
839 3144 935 3171 eum
966 3134 1075 3172 inter

224 3184 433 3237 plurimos
456 3186 642 3227 Platonis
671 3188 837 3229 codices
861 3201 981 3240 mss„
1005 3191 1075 3240 qui

227 3240 353 3282 hodie
382 3242 523 3283 collati
553 3252 667 3296 sunt,
699 3256 751 3284 ne
771 3256 880 3284 unus
905 3246 1073 3296 quidem

226 3305 420 3351 repertus
450 3300 517 3349 sit,
549 3300 622 3350 qui
649 3299 767 3341 illam
794 3301 1071 3341 confirmave-

224 3354 294 3395 iit.
338 3355 484 3407 Itaque
514 3355 636 3396 facile
663 3356 792 3398 alicui
824 3358 1073 3410 probabitm

224 3409 467 3452 Fischeri
498 3420 538 3452 et
566 3413 965 3482 wyttenbachii
1002 3427 1072 3454 ra-

224 3466 300 3518 tio,
323 3467 395 3519 qui
417 3462 537 3523 πρὸς
557 3462 609 3511 τὸ
631 3464 773 3519 ὁσίως
792 3471 1072 3525 interpretan-

557 1527 632 1568 Est
655 1529 766 1568 enim
786 1526 890 1568 haec
913 1499 1136 1567 verborum
1165 1527 1394 1567 sententia:
1426 1526 1759 1566 domicilium
1788 1527 2030 1581 figentes

167 1610 178 1625 ι,
238 1581 290 1620 in
320 1581 590 1623 diviniore
619 1583 712 1623 illa
742 1594 900 1636 atque
929 1595 1054 1623 vera
1085 1590 1251 1634 teme,
1284 1594 1416 1634 quae
1445 1588 1600 1631 antea
1631 1583 1901 1637 descripta
1933 1591 2026 1627 est.

1175 1783 1241 1816 tui
1273 1775 1411 1827 quod
1438 1777 1630 1816 attinet
1666 1778 1728 1817 ad
1763 1780 2028 1821 sanctita-

1175 1839 1294 1872 tem.
1338 1833 1398 1872 Ac
1420 1845 1522 1872 sane
1543 1834 1602 1873 illi
1625 1846 1771 1874 verum
1793 1847 2027 1890 perspexe-

1176 1896 1289 1939 runt,
1312 1889 1439 1929 modo
1461 1902 1514 1928 ne
1535 1883 1588 1930 τὸ
1604 1883 1745 1939 ὁσίως
1761 1903 1838 1944 pro
1858 1893 2026 1932 nomine

1175 1946 1443 1986 substantivo
1466 1947 1746 1999 accepissent.
1773 1948 2028 2001 Intellegen-

1175 2002 1255 2041 dus
1297 2008 1362 2041 est
1401 2002 1544 2066 potius
1584 2002 1817 2044 infinitivus
1848 2002 2023 2055 βιῶναι

1175 2058 1301 2097 etiam
1331 2057 1385 2096 ad
1412 2050 1532 2110 πρὸς
1563 2053 1615 2100 τὸ
1645 2052 1799 2108 ὁσίως,
1824 2068 1870 2100 ut
1870 2062 2024 2126 Mplene

1173 2114 1257 2153 dici
1282 2115 1470 2166 potuerit
1498 2115 1581 2155 sic:
1621 2111 1668 2155 οἳ
1699 2110 1751 2156 δὲ
1776 2107 1893 2170 δὴ”
1861 2130 1923 2158 αν
1943 2110 2025 2158 δό-

1175 2167 1287 2234 ξωσι
1330 2165 1656 2223 διαφερόντως
1697 2170 1869 2238 βιῶναι
1904 2167 2023 2228 πρὸς

1173 2219 1224 2267 τὸ
1258 2225 1398 2274 ὁσίως
1430 2225 1619 2280 βιῶναι,
1654 2240 1739 2279 qua
1766 2230 1928 2270 ratione
1958 2231 2020 2271 lo·

1172 2295 1268 2322 cum
1309 2285 1468 2336 optime
1509 2284 1737 2338 explicavit
1767 2285 2022 2326 Matthiae

1171 2339 1210 2388 ἓ.
1234 2341 1379 2380 631.1
1404 2340 1498 2380 coll.
1522 2339 1563 2390 ἓ.
1587 2342 1729 2382 2728..
1753 2353 1852 2384 ann.
1875 2354 1916 2383 ο.
1939 2342 2019 2383 Eo-

1172 2396 1268 2435 dem
1290 2395 1416 2435 modo
1438 2396 1599 2437 Phileb.
1621 2410 1663 2451 p.
1687 2398 1738 2438 61
1760 2398 1792 2438 D
1812 2411 1906 2461 αρα
1926 2398 2022 2440 πᾶ-

1171 2463 1262 2493 σαν
1300 2446 1487 2505 ἡδονὴν
1515 2464 1644 2507 πασῃ
1674 2447 1913 2519 φρονήσει
1943 2469 2019 2508 μι-

1168 2502 1422 2574 γνόντες
1389 2507 1474 2550 τοῦ
1497 2509 1652 2558 καλῶς
1670 2513 1748 2560 (sc.
1766 2504 2016 2565 μιγνύναι)

1167 2559 1341 2617 μα’λιστ
1390 2556 1452 2607 οἶν
1488 2559 1818 2632 ἐπιτύχοιμενς
1855 2567 2019 2623 Euthy-

1169 2621 1280 2660 dem.
1304 2633 1347 2673 p.
1371 2623 1451 2661 281
1475 2624 1511 2660 A
1541 2615 1663 2663 αλλὰ
1663 2617 1790 2721 μιέν
1816 2635 1911 2664 που
1932 2620 2019 2664 καὶ

1169 2669 1220 2716 ἐν
1248 2674 1304 2728 τῇ
1333 2674 1442 2728 περι
1471 2691 1529 2718 τα
1559 2673 1703 2730 σκεύη
1759 2693 1784 2731 ρ
1819 2678 1949 2743 ασίᾳ
1962 2675 2013 2721 τὸ

1168 2724 1350 2798 ὀρθῶς·
1370 2732 1452 2797 (sc,
1496 2732 1728 2800 χρῆσθαι)
1804 2729 2015 2789 πιστήμη

1167 2781 1295 2828 ἐστὶν
1323 2781 1362 2852 ἡ,
1383 2781 1761 2858 απεργαζομένη.
1796 2790 1945 2856 Symp.
1968 2805 2017 2855 p.

1168 2845 1245 2884 181
1269 2843 1302 2883 Β
1333 2836 1621 2897 αμελοῦντες
1652 2842 1705 2888 δε
1739 2845 1823 2888 τοῦ
1856 2840 2015 2897 καλῶς

1165 2889 1197 2953 ἢ
1217 2893 1307 2954 μή;
1331 2914 1388 2943 sc
1417 2899 1803 2954 διαπράξασθαι.

1221 2983 1331 3026 τῶν
1359 2978 1417 3027 ἐν
1447 2984 1510 3041 τῇ
1541 2984 1627 3041 γῇ]
1668 2987 1893 3041 Appositio
1915 3000 2013 3041 per-

1164 3042 1399 3094 spicuitatis
1431 3054 1559 3083 causa
1581 3044 1691 3084 facta
1721 3053 1766 3084 ut
1793 3057 1836 3097 p.
1860 3046 1944 3086 104
1963 3045 2011 3085 Ε.

1163 3098 1308 3199 ἒὲἹΟΕ.
1340 3099 1465 3152 Apol.
1488 3112 1531 3153 p.
1554 3101 1608 3141 23
1627 3099 1716 3144 GE
1739 3100 1857 3144 3413.
1887 3100 2009 3143 370.

1219 3238 1265 3282 C.
1300 3253 1416 3281 ανω
1445 3234 1506 3282 δὲ
1538 3236 1618 3289 εἰς
1647 3234 1751 3295 τὴν
1779 3254 1822 3281 κ.
1846 3238 2009 3295 οἴκη-

1161 3294 1269 3347 σιν]
1292 3295 1333 3339 h.
1345 3309 1381 3339 e.
1404 3298 1456 3336 in
1477 3309 1739 3349 supernas
1763 3296 1888 3337 illas
1910 3307 2011 3337 ter-

1161 3364 1245 3391 rae
1274 3353 1555 3405 regiones,
1576 3354 1663 3394 ubi
1692 3354 1865 3395 omnia
1887 3361 2007 3394 sunt

1160 3408 1493 3462 illustriora,
1534 3411 1826 3463 pulcriora,
1870 3410 2007 3451 divi-

1161 3465 1324 3507 niora.
1347 3478 1388 3507 v.
1411 3479 1453 3519 p.
1479 3469 1558 3509 109
1582 3478 1673 3518 sqq.
