2158 3718
552 162 1314 230 SYMPOSIUM.11›.17⁴.
1353 164 1430 217 St.
1752 166 1818 215 15

141 306 214 374 ὡς
271 306 371 382 ἐγὼ
433 313 532 382 μὲν
604 310 712 382 οὐχ
747 307 1100 383 ὁμολογήσω
1137 304 1377 376 ἄκλητος
1432 304 1615 375 ἣκειν,
1686 306 1807 363 ἀλλ

142 390 251 449 υπὸ
303 391 433 450 σοῦ
471 399 808 466 κεκλημένος.
891 392 1025 449 Σύν
1081 414 1138 449 τε
1191 389 1302 459 δύ’,
1357 396 1492 468 ἔφη,
1545 396 1818 462 ἐρχομένω

142 477 277 551 πρὸ
296 475 325 534 ὁ
368 479 473 535 τοῦ
526 477 950 579 βουλευσόμεθα
996 473 1026 533 ὅ
1073 498 1124 532 τι
1163 479 1412 548 ἐροῦμεν.
1454 473 1580 530 ἀλλ’
1635 474 1816 546 ι’ωμεν.

203 606 207 609 .
273 561 503 617 Τοιαῦτ’
555 560 699 617 ἄττα
743 564 892 637 σφᾶς
932 565 1039 638 ἐφη
1085 564 1478 633 διαλεχθέντας
1521 563 1676 615 ἰέναι.
1716 557 1818 614 τὸν

141 666 258 701 ουν
270 643 552 718 Σωκράτη
577 648 752 716 ἐαυτῷ
808 668 924 710 πως
965 652 1300 718 προςέχοντα
1345 642 1446 700 τὸν
1490 646 1629 699 νοῦν
1670 664 1813 698 κατα

138 726 242 795 τὴν
278 726 418 785 ὁδὸν
454 731 834 801 πορεύεσθαι
850 727 1286 800 ὑπολειπόμενον
1325 734 1446 794 και,
1500 732 1816 799 περιμένον-

141 819 235 877 τος
276 805 341 868 οὗ
356 854 370 879 ,
412 815 645 871 κελεύειν
684 821 936 885 προϊέναι
979 820 1055 877 εἰς
1098 811 1165 868 τὸ
1208 811 1482 884 πρόσθεν.
1526 809 1709 878 ἐπειδὴ
1756 815 1813 866 δὲ

136 901 398 968 γενέσθαι
457 902 544 954 ἐπὶ
602 903 668 977 τῇ
726 902 874 968 οἰκίᾳ
929 900 994 974 τῇ
1047 894 1404 965 Ἀγάθωνος,
1466 893 1813 966 ἀνεῳγμένην

136 979 582 1052 καταλαμβάνειν
624 981 727 1050 τὴν
768 981 988 1052 θύραν,
1042 985 1136 1035 καί
1191 1003 1244 1036 τι
1301 985 1406 1056 ἔφη
1461 978 1679 1034 αὐτόθι
1720 1001 1805 1047 γε-

136 1069 309 1122 λοῖον,
333 1069 564 1123 παθεῖν.
609 1067 664 1122 οἶ
696 1069 798 1138 μὲν
841 1061 948 1134 γὰρ
993 1062 1172 1129 εὐθὺς
1213 1065 1389 1120 παῖδά
1419 1084 1544 1118 τινα
1571 1066 1821 1129 ἔνδοθεν.

134 1146 542 1220 ἀπαντήσαντα
585 1147 740 1222 ἄγειν
779 1140 846 1204 οὗ
888 1152 1199 1204 κατέκειντο
1246 1153 1299 1204 οἱ
1342 1144 1530 1212 ἄλλοι,
1577 1152 1671 1202 καὶ
1713 1168 1814 1202 κα-

199 1341 206 1348 ’
244 1387 307 1419 ως
334 1343 428 1424 ἐγὼ
458 1371 548 1423 μιν
578 1384 635 1412 0
614 1368 676 1422 ,ιχ
706 1360 817 1423 ομ]
851 1371 925 1412 sic
956 1370 1083 1413 Bodt.
1119 1352 1214 1411 vat
1231 1355 1298 1411 A
1319 1369 1421 1410 Par
1457 1367 1810 1412 DEFK.Amb1-.

133 1429 240 1480 Ang-
280 1441 321 1469 ιι
358 1441 419 1469 w.
434 1428 545 1469 Vat.
585 1440 626 1468 ιι.
664 1441 706 1481 p.
744 1440 778 1469 r.
819 1443 854 1471 s.
898 1429 999 1471 Ven.
1042 1435 1072 1471 t.
1106 1428 1224 1470 Ι·Ιοι·.
1258 1440 1303 1468 a..
1331 1428 1371 1469 b.
1401 1439 1438 1467 c.
1470 1426 1500 1470 i.
1562 1426 1813 1480 Legebatur

132 1483 331 1533 οΙἰ111.ὡς
359 1488 482 1539 ἔγωγε
513 1482 610 1537 οιἰ’χ
642 1483 718 1540 όμ.

242 1550 359 1609 ἔφη,
389 1555 675 1612 ἐρχομένω]
694 1557 945 1610 ἐρχομένω,
979 1557 1080 1610 ἔφη,
1119 1555 1225 1598 Ven.
1258 1583 1304 1597 ....
1338 1554 1455 1596 Vind.
1488 1553 1530 1599 2.

245 1626 342 1681 πρὸ
382 1625 404 1667 ὁ
448 1643 538 1668 του
586 1630 687 1678 βου
680 1627 765 1677 ι.λ]
826 1628 947 1668 Libri
985 1643 1067 1680 προ
1104 1626 1228 1670 ὁδοῦ.
1285 1626 1539 1669 Emendavit
1567 1627 1809 1672 FischerUS.

130 1683 238 1726 Dein
269 1684 395 1727 Bodl.
419 1685 521 1726 vat.
553 1684 607 1727 A.
636 1685 734 1726 Par.
767 1685 869 1726 DK.
899 1686 968 1726 alii
1000 1685 1161 1728 vitiose
1182 1660 1274 1725 ἀλλ’
1310 1686 1456 1738 ἐῶμεν.

242 1755 426 1808 ἐπειδὴ
462 1757 512 1798 δὲ
539 1758 828 1810 γενέσθαι]
862 1754 1013 1810 Steph.
1046 1756 1158 1798 coni.
1186 1755 1376 1814 ἐγένετο.
1392 1756 1521 1798 male.

182 1822 201 1834 '¹
216 1825 303 1899 E÷
355 1824 568 1896 γελοῖον
597 1829 828 1878 παθεῖν]
860 1819 980 1880 ’γελοῖ
981 1826 1030 1868 όν
1061 1844 1103 1868 τι
1133 1830 1295 1868 παθεῖν
1327 1812 1474 1879 Augei.
1505 1839 1545 1867 n.

243 1888 296 1925 οἱ
333 1888 424 1933 μὲν
463 1901 592 1942 γαρ
603 1882 747 1926 ευθυ
760 1884 804 1938 ς]
849 1888 960 1926 Vett.
1006 1885 1127 1926 editt.
1167 1882 1216 1925 τὸ
1196 1899 1245 1923 ον
1281 1886 1373 1936 μὲν
1387 1883 1470 1939 γὰρ
1500 1879 1658 1930 εὐθύς.
1719 1881 1809 1924 Sed

130 1946 174 1982 οἱ
209 1941 279 1985 vel
318 1943 362 1983 οἱ
401 1942 525 1984 Bodl.
565 1932 692 1984 Coisl.
739 1942 839 1983 Vat.
873 1942 924 1985 A.
960 1940 1083 1983 Vind.
1114 1941 1156 1985 2.
1199 1943 1307 1994 Ang.
1339 1953 1376 1981 u.
1412 1953 1461 1981 w
1494 1937 1591 1981 Vnt.
1621 1952 1661 1982 a
1693 1951 1726 1980 c.
1765 1943 1808 1980 ιι.

129 1999 232 2041 Ven
267 2003 299 2043 t.
330 1999 449 2042 Flor.
477 2013 516 2042 a.
545 2000 587 2042 b.
616 2013 652 2041 c.
684 2000 711 2042 i.
741 2006 798 2042 et.
828 2013 891 2054 pr.
925 2000 1024 2042 Par.
1056 1999 1110 2041 D.
1139 1993 1236 2053 ἐμοι
1271 1997 1392 2042 Vind.
1415 1997 1455 2042 7.
1489 1998 1587 2039 Par
1614 1996 1668 2038 K.
1706 1995 1806 2039 vat.

1008 2139 1281 2190 eliciendum,
1312 2151 1554 2193 quanquam
1580 2137 1627 2180 vH
1641 2151 1664 2180 e
1674 2151 1696 2179 r
1705 2150 1746 2180 m
1758 2150 1810 2179 o-

131 2145 325 2195 peratum
356 2154 454 2182 esse
485 2139 674 2182 ostendit
710 2139 751 2181 in
781 2120 923 2183 castro

1007 2211 1171 2250 genes
1197 2197 1295 2251 περὶ
1322 2195 1448 2239 ἰδεῶν
1465 2196 1516 2238 11.
1549 2209 1590 2250 p.
1608 2194 1704 2240 406.
1738 2194 1807 2238 ed·

132 2197 314 2241 hostium
334 2197 412 2249 ire,
444 2198 504 2238 ita
521 2202 681 2248 tamen,
713 2202 762 2238 ut
790 2198 922 2239 alium

134 2254 313 2296 liaberet
342 2255 558 2296 comitem.
595 2254 745 2308 ltaque
762 2254 924 2296 Socra-

133 2317 207 2353 tea·
232 2310 319 2353 hoc·
340 2311 464 2355 dicit:
504 2324 601 2353 una
634 2315 822 2354 euntes
852 2311 925 2353 vi-

134 2369 399 2422 debimus,
466 2368 588 2422 quid
644 2368 945 2410 dicendumv

133 2427 224 2478 sit3
252 2426 403 2468 ‘alter
433 2427 662 2469 alterum
693 2426 925 2468 consilio

133 2483 437 2538 adiuvabit3
481 2482 623 2536 quod
669 2495 802 2525 unus
842 2496 928 2525 ex·

132 2541 379 2595 cogitare
432 2545 485 2583 et
534 2540 780 2595 reperire
825 2552 927 2582 non

132 2599 364 2653 poterit,
407 2598 475 2640 id.
498 2599 741 2652 reperiet
770 2598 944 2639 alter.-

131 2656 260 2699 Ferri'
284 2668 369 2698 non
407 2660 555 2711 potest
596 2655 723 2697 lectio
755 2656 927 2708 vulgata

132 2713 216 2767 πρὸ
249 2711 388 2765 ὁδοῦ,
421 2726 549 2766 quam
588 2712 823 2754 formulam
848 2724 926 2754 ne-

131 2784 217 2825 que
247 2775 344 2813 cum
375 2770 580 2812 Ζοιιιιίο
621 2770 675 2811 ad
711 2770 849 2824 Viget.
881 2782 925 2824 p.

135 2829 230 2873 117.
259 2828 527 2883 interpretari
545 2827 647 2869 licet
675 2827 724 2868 in
756 2839 939 2880 prom--

134 2891 213 2938 tu,
243 2885 432 2936 facile3
462 2896 616 2938 vneque
654 2897 750 2926 cum
788 2884 926 2937 wyt-

133 2941 395 2984 tenbach.··
421 2941 534 2982 Bibl.

132 2998 201 3042 47
235 2997 664 3052 progrediendo,
696 2997 925 3050 utiliter,

134 3067 273 3109 neque
303 3066 400 3096 cum
427 3052 781 3106 Bernhardyo.
807 3054 949 3109 Syn-·

134 3119 220 3155 tax.
251 3123 310 3167 p:
329 3111 427 3154 231.
456 3111 601 3151 inter
624 3110 786 3161 viam3
809 3109 943 3163 quod·

135 3170 303 3213 etiamsi
348 3181 425 3223 per
479 3165 631 3208 aetatis
679 3167 952 3209 Platonicae.

132 3240 256 3269 usum
286 3227 376 3268 fieri
396 3227 562 3276 liceret,
594 3228 736 3264 tamen
755 3225 929 3276 langue-

134 3290 201 3326 ret
226 3285 421 3326 mirifice.
484 3282 580 3334 Ipsa
610 3281 824 3322 sententia
851 3293 930 3322 au-

135 3348 222 3384 tem
240 3342 444 3396 postulat,
475 3345 522 3380 ut
550 3337 632 3392 πρᾶ
663 3354 685 3377 ο
708 3341 789 3379 τοῦ
820 3336 930 3379 adii-

135 3401 286 3442 ciatur.
351 3399 500 3451 ltaque
537 3409 618 3438 nec
656 3393 738 3452 πρὸ
784 3392 806 3435 ὁ
848 3399 928 3437 τοῦ

581 2941 683 2982 Crit.
733 2941 767 2983 I.
809 2946 850 2982 ts
884 2954 941 2994 p„

1008 2255 1214 2296 Laurent,
1252 2254 1364 2296 hunc
1407 2256 1550 2296 locum
1597 2253 1655 2294 ita
1702 2252 1826 2293 scri--

1007 2316 1129 2366 ptum
1160 2311 1309 2360 affert,
1348 2315 1405 2352 ut*
1431 2308 1515 2366 πρὸ
1542 2307 1582 2362 ,ὁ
1616 2313 1697 2350 τοῦ
1730 2308 1820 2371 de-⁴

1009 2368 1233 2411 sideretur.

1066 2450 1248 2506 ἐπειδὴ
1299 2451 1351 2493 δὲ
1398 2451 1682 2507 γενέσθαι]
1742 2452 1809 2495 De

1011 2511 1215 2552 infinitivo
1245 2514 1347 2564 post
1376 2509 1523 2563 ἐπειδὴ
1567 2510 1609 2551 in
1639 2509 1810 2563 obliqua

1012 2568 1206 2611 oratione
1235 2567 1380 2622 posito
1414 2567 1496 2609 vid.
1531 2566 1587 2609 de
1618 2567 1807 2621 Republ
1825 2582 1828 2584 ’

1009 2625 1064 2667 X·
1099 2639 1138 2680 p
1160 2625 1257 2668 617.
1289 2623 1354 2666 D:
1388 2639 1500 2677 σφας
1533 2640 1627 2675 ουν,
1658 2623 1806 2677 ἐπειδὴ

1009 2681 1273 2741 ἀφικέσθαι,
1317 2679 1476 2728 εὔθυς
1538 2681 1626 2722 δεῖν
1685 2682 1809 2722 ἰέναι.

1007 2737 1175 2794 lbidp
1179 2738 1308 2783 ,6.14
1325 2741 1384 2780 A
1415 2737 1562 2791 ἐπειδὴ
1596 2740 1649 2780 οὑ
1683 2739 1810 2793 ἐκβῆ-

1008 2811 1079 2836 ναι
1108 2752 1187 2849 τῆρν
1215 2794 1372 2851 ψιχῆν.
1406 2795 1511 2840 lbid.
1545 2810 1572 2851 p
1624 2795 1720 2840 619-
1755 2796 1808 2838 C.

1008 2852 1175 2896 Eadem
1210 2855 1319 2896 ratio
1351 2858 1417 2895 est
1444 2853 1678 2895 verborum
1709 2865 1811 2906 pro-

1008 2913 1244 2956 ximorum:
1273 2909 1412 2958 εὐθὺς
1441 2908 1492 2952 δ’
1525 2905 1626 2951 οιῖν
1636 2909 1691 2958 ὥς
1708 2911 1790 2951 loe:
1789 2925 1812 2949 ν

1008 2967 1088 3009 τὸν
1118 2967 1198 3023 >γΛ
1199 2966 1367 3012 αθωνα.
1408 2980 1448 3010 v.
1489 2968 1544 3008 ad
1583 2966 1807 3010 Phaedon.

1010 3038 1054 3078 p.
1086 3024 1180 3068 72.
1171 2984 1240 3074 yA,
1273 3037 1352 3080 cap
1326 3038 1369 3080 p.
1402 3024 1515 3068 xvl.
1553 3027 1659 3065 extr.
1721 3023 1810 3063 Ce-

1012 3085 1152 3128 terum
1204 3081 1258 3125 de
1306 3080 1443 3137 ellipsi
1484 3081 1604 3123 verbi
1642 3080 1806 3130 ξυνέβη,

1009 3138 1124 3182 unde
1161 3138 1392 3182 infinitivus'
1432 3137 1639 3192 pendeat,
1679 3147 1816 3188 nemo

1011 3194 1140 3240 hodie
1163 3209 1267 3240 cum
1297 3196 1493 3257 Wolfio
1524 3192 1747 3246 cogitabit.

1070 3280 1124 3324 Ε.
1166 3277 1337 3338 οἱμὲν
1365 3279 1463 3336 γὰρ
1494 3293 1545 3318 ει
1537 3274 1662 3321 θυς
1688 3289 1806 3316 παι

1011 3335 1072 3378 δαί
1111 3355 1155 3380 τ
1165 3338 1274 3393 ινα]
1344 3339 1483 3380 Casus
1539 3331 1806 3386 pronominis

1012 3407 1162 3438 more.
1193 3396 1284 3439 fere
1342 3390 1553 3438 constanti
1607 3389 1804 3444 proximo

1859 983 1903 1031 Ξ
