2158 3718
808 100 1070 172 PHAEno
1102 143 1148 185 p.
1172 132 1241 174 99.
1801 130 1909 185 239

126 262 200 318 ἂν
243 266 339 319 καὶ
386 265 574 337 μακρὰ
609 267 861 338 ῥᾳθυμία
900 271 984 336 εἴη
1020 269 1123 320 τοῦ
1160 266 1351 335 λόγου.
1427 266 1489 320 τὸ
1526 266 1634 338 γὰρ
1681 268 1755 338 μὴ
1793 271 1909 324 διε-

48 349 50 352 ’
125 348 330 403 λε’σθαι
367 342 493 405 οἷόν
528 349 578 404 τ’
622 346 786 419 εἶναι,
825 348 912 403 ὅτι
949 348 1086 403 ἄλλο
1124 349 1229 420 μέν
1265 352 1322 403 τί
1356 351 1475 404 ἐστι
1511 350 1574 404 τὸ
1613 357 1795 406 αἴτιον
1831 358 1909 424 τῷ

124 430 276 503 ὄντι,
326 432 464 487 ἄλλο
512 433 564 487 δ’
609 436 821 504 ἐκεῖνο,
870 431 1010 487 ἄνευ
1057 426 1130 487 οὗ
1172 432 1236 487 τὸ
1285 438 1467 488 αἴτιον
1516 433 1622 489 οὐκ
1669 435 1742 490 ἄν
1778 436 1905 490 ποτ’

123 520 208 586 εἴη
255 521 462 571 αἴτιον·
529 517 562 571 ὃ
606 517 678 588 δή
724 539 818 588 μοι
866 520 1167 587 φαίνονται
1204 523 1576 588 ψηλαφῶντες
1613 521 1672 574 οἱ
1705 522 1906 574 πολλοὶ

122 598 304 671 ὥςπερ
354 601 418 654 ἐν
465 602 674 672 σκότῳ,
723 601 998 672 ἀλλοτρίῳ
1047 600 1279 672 ὀνόματι
1334 604 1781 674 προςχροόμενοι,
1831 603 1907 667 ὥς

122 687 304 738 αἴτιον
341 683 479 739 αὐτὸ
518 686 976 757 προςαγορεύειν.
1043 685 1130 740 διὸ
1169 685 1238 756 δὴ
1276 688 1370 754 καὶ
1408 685 1438 741 ὁ
1476 688 1582 757 μέν
1619 709 1701 751 τις
1739 689 1904 758 δίνην

119 771 428 838 περιτιθεὶς
472 773 541 840 τῇ
578 774 651 841 γῇ
689 767 801 824 ὑπὸ
838 773 941 824 τοῦ
979 768 1232 839 οὐρανοῦ
1269 770 1460 841 μένειν
1497 770 1566 841 δὴ
1615 781 1768 826 ποιεῖ
1799 770 1903 842 τὴν

231 919 289 968 ἒν
332 920 528 981 σκότῳ]
560 928 612 967 V.
643 920 814 970 σκότει.
856 928 964 968 illud
996 934 1212 979 tamquam
1240 929 1378 969 rarius
1411 931 1551 970 eVat.
1581 930 1708 972 Vind.
1732 930 1771 971 Φ
1801 930 1896 974 Par.
1925 974 1937 981 .

118 980 267 1022 GHIL
290 983 436 1026 Ambr.
459 985 570 1036 Aug.
594 984 703 1024 Flor.
727 985 753 1024 b
777 985 805 1024 d
827 992 866 1024 et
888 985 1087 1025 correctis
1110 984 1218 1026 Flor.
1239 997 1261 1023 o
1280 985 1294 1023 i
1315 985 1421 1028 Tub.
1442 985 1538 1026 Par.
1561 986 1593 1024 E
1616 987 1900 1051 suscepimus.

115 1039 290 1092 Legitm
307 1033 479 1081 σκότου
499 1040 561 1080 De
580 1038 687 1093 Rep.
711 1042 764 1080 V.
787 1053 829 1094 p.

114 1096 188 1135 bes
210 1095 271 1135 De
290 1095 395 1149 Rep.
418 1097 488 1138 Vl.
511 1109 556 1149 p.
579 1096 660 1137 508
683 1096 732 1139 D.
762 1097 921 1149 V11.p.

852 1042 1014 1082 461A.
1043 1041 1157 1080 v111
1181 1052 1222 1092 p.

1245 1041 1327 1081 548
1348 1043 1399 1083 A.
1430 1041 1630 1081 Dativum
1652 1035 1800 1095 σκότῳ
1822 1042 1898 1082 ha-

946 1098 1028 1138 517
1049 1095 1099 1138 D.
1142 1094 1296 1136 Contra
1325 1089 1522 1145 σκότους
1543 1096 1720 1138 habetur
1743 1096 1898 1150 Cratyl.

111 1164 158 1205 p
180 1151 334 1194 418D.
355 1152 416 1191 De
436 1152 543 1206 Περ.
564 1151 658 1192 vn.
678 1165 722 1205 p.
745 1152 895 1194 516E.
916 1166 959 1207 p
983 1152 1404 1205 518A.Legg.1X
1426 1166 1469 1206 p.
1494 1152 1643 1197 8640.

228 1213 488 1287 ὀνόματι]
513 1221 584 1263 Sic
606 1221 732 1264 Coisl.
755 1223 862 1263 Ven.
884 1221 973 1269 ΛΞ
998 1223 1093 1265 Par.
1118 1220 1357 1262 ACGHIL
1387 1223 1496 1264 Flor.
1519 1235 1544 1262 a
1566 1224 1590 1262 b
1613 1236 1634 1262 e
1657 1236 1699 1262 m
1709 1223 1861 1269 Vind.
1873 1226 1899 1264 3

113 1277 228 1320 Vett.
250 1278 366 1320 editt.
389 1290 591 1332 ομματι,
622 1286 669 1318 ut
699 1277 818 1318 Bodl.
841 1279 997 1344 aliique
1026 1278 1150 1319 codd.
1174 1277 1345 1319 habent.
1386 1277 1669 1321 Nihilominus
1697 1271 1896 1333 ὀνόματι

113 1333 229 1374 dedit
249 1334 377 1374 etiam
397 1335 537 1376 Herm.
565 1309 786 1389 [ὀνόματι
810 1335 956 1388 Steph.
980 1336 1023 1374 in
1045 1332 1216 1387 marga]

111 1475 253 1527 quod
275 1475 523 1527 optimum
545 1475 628 1515 sit.
659 1476 792 1515 Vides
815 1476 959 1515 omnia

112 1542 209 1571 esse
229 1530 332 1571 satis
355 1531 570 1584 expedita.
594 1531 699 1570 Nam
710 1524 884 1597 ταύτῃ
895 1539 959 1571 est

110 1577 186 1628 ότι
226 1580 310 1627 διὰ
351 1586 504 1628 ταῦτα
534 1586 655 1628 ποιῶ
688 1580 719 1627 ὁὶ
765 1585 884 1629 ποιῶ
919 1595 958 1627 et

109 1643 342 1710 opponitur
361 1644 503 1683 verbis
525 1642 580 1696 τῇ
604 1641 688 1684 τοῦ
713 1641 957 1708 βελτίστου

110 1695 190 1753 αἰρ
193 1695 304 1742 έσει.
363 1700 590 1753 Perperam
629 1700 759 1751 igitur
798 1701 834 1740 H
845 1701 954 1739 ein·

109 1712 242 1796 dot’ffi
265 1756 418 1807 aliique
435 1754 588 1797 ταῦτα
605 1758 855 1809 probarunt,
873 1767 956 1807 quo

107 1812 262 1852 mirum
282 1820 490 1863 quantum
520 1814 712 1853 turbatm
733 1814 958 1853 verborum

110 1868 374 1922 intellectus,
418 1881 542 1920 quem
563 1881 713 1908 vereor
733 1876 777 1909 ut
798 1869 924 1908 Hein
938 1890 957 1897 -

110 1923 244 1965 dorf.
285 1933 400 1965 recte
439 1927 586 1965 iuvare
617 1926 826 1965 studuerit
855 1926 956 1965 scri-

107 1981 245 2022 hendo
267 1977 351 2022 καὶ
371 1979 524 2022 ταῦτα
545 1975 777 2035 πράττων
810 1981 956 2033 Neque

106 2037 292 2078 animum
296 2038 459 2102 explet
480 2038 764 2077 Hermanni
793 2038 912 2080 ratio.

163 2094 212 2134 B.
251 2086 311 2134 τὸ
354 2087 457 2146 ’γὰρ
498 2087 569 2147 μὴ
614 2090 949 2158 διελέσθαι]

104 2149 350 2214 Mudgius
371 2150 633 2202 cor-rigebat:
671 2143 724 2190 τὸ
766 2144 856 2203 γὰρ
894 2141 956 2190 ἂν

108 2204 181 2259 εἴη
203 2197 268 2259 μὴ
293 2203 356 2258 δ.,
386 2206 429 2245 in
452 2206 606 2257 quibus
636 2199 688 2246 τό
716 2218 790 2258 pro
814 2204 953 2246 τοῦτο

104 2263 295 2316 positum
335 2262 435 2301 ferri
475 2274 560 2302 non
600 2269 754 2325 potest.
797 2262 953 2302 Lenius

104 2317 578 2384 Wyttenbaohius:
618 2311 670 2358 τὸ
702 2310 752 2357 δ’
782 2310 862 2370 ἄρ’
891 2309 953 2371 ἦν

104 2368 170 2428 μὴ
203 2369 457 2415 διελέσθαι
486 2367 592 2415 οἶόν
620 2365 663 2414 τ’
689 2368 832 2427 εἶναι,
854 2373 951 2414 hoe

105 2438 286 2471 autem
308 2439 422 2471 erat
443 2442 543 2471 non
571 2442 729 2484 posse
758 2430 951 2471 distin-

104 2499 269 2540 guere
298 2487 443 2527 aliud
473 2499 592 2527 esse
619 2499 798 2526 veram
828 2499 951 2526 cau-

105 2555 234 2597 sam,
265 2543 409 2584 aliud
437 2544 512 2594 id,
538 2544 651 2582 sine
673 2555 770 2594 quo
793 2556 954 2583 causa

104 2612 206 2641 non
245 2601 421 2653 possit
452 2612 573 2639 esse
611 2611 735 2639 vera
775 2611 948 2642 eausa.

107 2655 189 2697 Sed
220 2669 307 2722 nqn
338 2669 445 2720 opus
476 2662 539 2696 est
560 2656 806 2696 mutatione.
847 2656 952 2695 Nam

102 2713 202 2765 post
222 2705 310 2754 οὐκ
332 2725 394 2754 αν
413 2705 522 2753 ποτ’
543 2710 616 2765 εἰή
634 2710 793 2754 αἴτιον
813 2725 951 2753 sermo

105 2769 288 2822 eleganti
308 2770 554 2822 aposiopesi
575 2770 782 2834 abruptus
805 2776 881 2817 est,
907 2779 952 2807 ut

104 2825 436 2888 intellegendum
465 2826 519 2866 sit
550 2816 729 2879 ευηθες
757 2838 792 2865 s.
826 2824 953 2890 φαῦ-

107 2874 189 2921 λόν
211 2874 352 2922 ἐστιν.
397 2881 544 2947 Symp.
568 2895 615 2934 p.
637 2883 717 2922 177
737 2879 768 2922 C
790 2876 842 2922 τὸ
866 2869 952 2922 οὖν

106 2929 332 2977 τοιούτων
370 2933 479 3002 πέρι
507 2930 692 2990 πολλὴν
733 2931 951 3003 σπουδὴν

105 2985 422 3058 ποιήσασθαι,
451 2984 636 3044 ’Ἑρωτα
673 2988 725 3033 δὲ
765 2989 952 3058 μηδένα

104 3060 176 3089 πω
217 3042 487 3113 ανθρωπων
527 3045 867 3101 τετολμηκέναι
897 3071 953 3079 ——-

104 3098 250 3155 οἷξίως
279 3098 509 3157 ὑμνῆσαι
550 3103 660 3147 Xen.
693 3105 816 3143 Mem.
848 3106 880 3144 Ι.
912 3107 952 3153 4,

105 3162 173 3212 12,
196 3161 268 3200 ubi
291 3173 329 3199 v.
354 3161 535 3214 interpp.
579 3160 721 3200 Genus
750 3160 949 3210 loquendi

103 3217 366 3257 illustrarunt
396 3217 665 3258 Hermann
710 3216 762 3256 ad
802 3218 947 3269 Viger.

102 3284 145 3324 p.
169 3273 308 3314 745A
340 3279 378 3312 et
408 3272 657 3313 Matthiae
691 3272 759 3313 Gr.
791 3273 828 3322 3.
852 3275 949 3314 543.

107 3329 162 3368 De
184 3330 278 3382 ipsa
298 3342 343 3368 re
365 3342 407 3369 v.
429 3329 534 3368 Tim.
558 3342 600 3381 p.
623 3329 677 3368 46
700 3329 733 3368 D
756 3322 950 3379 δοξαζε

105 3397 183 3424 ται
206 3379 305 3426 δὲ
282 3379 375 3426 υπὸ
399 3383 491 3426 τῶν
508 3384 738 3426 πλείστων
761 3380 818 3425 οὔ
842 3383 949 3449 ξυν-

105 3439 238 3482 αίτια
269 3434 375 3482 αλλ’
406 3440 540 3483 αἴτια
569 3436 692 3483 εἶναι
716 3439 810 3482 τῶν
830 3435 950 3483 ποίν-

1045 1488 1137 1516 των
1177 1468 1396 1540 ψἺὶχοντα
1426 1473 1510 1516 καὶ
1544 1474 1891 1542 θερμαίνοντα,

1044 1525 1302 1595 πηγνύντα
1321 1543 1371 1572 τε
1401 1529 1484 1572 καὶ
1514 1528 1786 1599 διαχέοντα,
1809 1529 1892 1574 καὶ

1045 1578 1134 1628 όσα
1155 1585 1358 1628 τοιαῦτα
1380 1579 1758 1641 απεργαζομενα.

1100 1642 1510 1709 ψηλαφῶντες]
1537 1644 1796 1684 Phavorin
1813 1657 1889 1684 us

1043 1698 1279 1799 ἒϋηλαφῶ·
1327 1696 1453 1750 λέξις
1496 1695 1618 1754 αὕτη
1659 1693 1887 1764 μουσική·

1067 1753 1150 1798 πεὶ
1178 1755 1351 1820 κυρίως
1380 1751 1459 1798 ἐπὶ
1488 1755 1674 1822 χορδῶν
1702 1750 1754 1797 τὸ
1783 1763 1890 1853 λψη-

1044 1811 1214 1878 λαφᾶν
1239 1807 1427 1866 λέγεται
1455 1825 1586 1867 παρα
1624 1806 1674 1854 τὸ
1704 1813 1807 1865 ’ψαλ
1811 1808 1892 1866 τή-

1043 1882 1148 1922 ριον
1184 1861 1333 1921 αφᾶν.
1375 1870 1480 1908 Hine
1522 1877 1587 1909 est
1627 1868 1889 1922 palpando

1043 1926 1250 1976 aliquid
1290 1937 1561 1976 quaerere
1609 1925 1788 1965 Prorsus
1818 1936 1892 1964 eo-

1044 1983 1139 2022 dem
1167 1981 1319 2032 modo,
1351 1993 1432 2032 quo
1464 1980 1530 2019 hic
1561 1981 1729 2033 legitur,
1759 1981 1888 2020 verbo

1041 2038 1173 2078 utitur
1193 2037 1331 2077 Lucas
1352 2038 1445 2076 Act.
1470 2036 1604 2076 XVII.
1629 2038 1697 2079 27.

1098 2086 1378 2146 ἀλλοτρίῳ
1419 2085 1676 2146 ὀνόματι]
1721 2091 1789 2132 Sic
1824 2105 1891 2132 re—

1043 2158 1122 2200 cte,
1160 2150 1322 2203 opinor,
1355 2148 1578 2199 Stobaeus,
1613 2149 1781 2189 codices
1809 2148 1890 2189 ali-

1042 2213 1144 2272 quot
1164 2205 1439 2270 manuscripti
1463 2213 1502 2244 et
1520 2206 1704 2248 Ficinus.
1744 2204 1883 2257 Vulgo

1041 2255 1144 2305 αλλ.
1174 2253 1378 2315 ὄμματι,
1410 2261 1524 2312 quod
1554 2260 1746 2301 defendit
1765 2260 1886 2300 Rei·

1040 2319 1134 2371 sig.
1156 2318 1344 2358 Enarrat.
1367 2316 1467 2358 Oed.
1487 2315 1576 2358 Col.
1590 2318 1713 2365 1422,
1717 2316 1884 2365 ‚Alieno

1041 2374 1181 2427 oculo,
1199 2375 1347 2426 inquit,
1369 2373 1661 2425 significantur
1684 2385 1732 2413 ea
1752 2385 1888 2412 mem-

1038 2431 1128 2482 bra,
1159 2431 1312 2482 quibus
1342 2431 1386 2470 in
1414 2430 1599 2470 tenebris
1620 2442 1708 2470 rem
1730 2430 1886 2469 obscu-

1039 2498 1129 2526 ram
1158 2493 1336 2528 tentant.
1375 2486 1487 2526 Haec
1524 2487 1636 2526 enim
1667 2498 1750 2526 non
1790 2490 1888 2525 sunt

1042 2542 1254 2583 intellecta
1290 2544 1343 2583 ab
1380 2542 1611 2583 editoribus
1649 2541 1849 2582 Platonis.
1855 2538 1884 2560 ‘⁴

1040 2598 1096 2643 of.
1119 2599 1225 2639 Tim.
1249 2613 1291 2653 p.
1314 2600 1370 2640 50
1391 2598 1442 2641 Α

1097 2669 1167 2703 ως
1174 2651 1411 2722 αἴτιον]
1444 2655 1594 2704 quasi
1625 2654 1692 2694 sit
1714 2664 1885 2695 eausa.

1039 2711 1102 2750 De
1126 2705 1243 2752 αὐτο
1265 2719 1362 2765 post
1383 2725 1407 2752 o
1431 2711 1696 2752 abundantei
1712 2709 1825 2749 illato
1841 2721 1882 2751 v.

1041 2767 1294 2808 Matthiae
1315 2767 1385 2810 Gr.
1407 2769 1447 2817 3.
1468 2769 1565 2810 472.
1590 2770 1630 2809 3.

1097 2822 1272 2878 δίνην
1292 2820 1629 2876 περιτιθεὶς
1651 2819 1717 2888 τῇ
1738 2817 1880 2884 γῇ-]

1038 2881 1323 2944 lungendum,
1342 2881 1510 2933 opinor,
1533 2878 1676 2931 δίνην
1691 2870 1784 2918 ὑπὸ
1801 2875 1885 2916 τοῦ

1041 2928 1263 2990 ουρανοῦ,
1282 2937 1559 2986 vorticem,
1581 2935 1668 2984 qui
1689 2947 1713 2972 a
1735 2933 1882 2972 coelo

1038 2991 1122 3041 fit,
1146 2999 1192 3033 ut
1213 3005 1366 3034 sensus
1391 2993 1618 3044 interprete
1640 2991 1883 3040 Wytten-

1039 3048 1226 3089 bachio
1254 3049 1322 3088 hio
1343 3049 1417 3088 sit:
1450 3048 1589 3087 alius
1619 3044 1883 3085 turbinem

1039 3105 1375 3146 circumdans
1422 3110 1597 3144 terrae
1639 3099 1883 3141 stabilem

1020 3158 1254 3202 'scilicet
1302 3173 1408 3201 eam
1459 3160 1599 3199 facit.
1661 3154 1879 3197 Claudian.

1037 3216 1147 3257 Mall.
1197 3217 1359 3258 Theod.
1411 3229 1528 3256 cons,
1566 3214 1619 3254 76
1668 3213 1734 3252 lzic
1777 3223 1882 3251 sem-

1032 3285 1114 3323 per
1143 3276 1343 3327 lapsurae
1382 3274 1576 3326 pondere
1623 3274 1768 3309 terrae
1813 3279 1882 3306 co-

1037 3336 1163 3371 natur
1205 3331 1361 3383 rapido
1408 3329 1514 3370 coeli
1561 3327 1717 3378 fulcire
1763 3329 1880 3363 rota—

1038 3392 1094 3428 tu.
1153 3386 1274 3427 Unde
1303 3386 1428 3426 facile
1458 3383 1719 3437 perspicias,
1750 3390 1880 3430 quoi—

1036 3454 1128 3482 sum
1170 3443 1294 3483 turbo
1334 3442 1412 3482 iste
1451 3440 1669 3493 pertineat.
1719 3436 1879 3475 Nomen
