2158 3718
316 113 739 205 APOLOG1A¹
768 151 1171 209 sooRAms.

1221 156 1309 221 312.
1352 159 1435 209 36.
1476 157 1559 212 St.
1720 161 1814 212 151

108 299 316 350 ἑαυτοῦ·
365 294 600 366 μηδενὸς
658 305 1068 371 ἐπιμελεῖσθαι,
1132 305 1262 373 πρὶν
1321 306 1522 359 ἑαυτοῦ
1568 304 1820 376 ἐπιμελη-

111 384 273 447 θείη,
337 381 486 445 ὅπως
540 380 614 448 ὠς
655 388 936 455 βέλτιστος
991 391 1083 442 καὶ
1140 387 1570 461 φρονιμώτατος
1615 393 1817 456 ἔσοιτο,

105 488 241 537 μητε
285 469 396 521 τῶν
440 469 539 533 τῆς
585 469 824 538 πόλεως,
879 490 1010 540 πριν
1068 470 1244 539 αὐτῆς
1285 474 1386 539 τῆς
1423 471 1660 537 πόλεως·
1705 476 1817 529 τῶν

108 572 164 606 τε
202 548 389 606 ἄλλων
427 550 570 606 οὕτω
618 551 760 608 κατὰ
805 554 906 611 τὸν
951 555 1129 611 αὐτὸν
1158 555 1369 628 τρόπον
1413 561 1814 626 ἐπιμελεῖσθαι.

109 641 162 690 τί
206 628 307 690 οὖν
352 643 460 706 εἰμι
511 636 666 703 ἄξιος
723 644 938 695 παθεῖν
984 644 1238 704 τοιοῦτος
1280 639 1387 706 ὤν’,
1446 640 1683 709 ἀγαθόν
1743 663 1818 714 τι,

109 713 150 774 ὦ
204 717 421 802 ἄνδρες
439 720 743 789 Ἀθηναῖοι
774 766 785 788 ,
835 732 879 780 εὶ
941 729 1022 781 δεῖ
1069 747 1128 795 2⁶
1183 723 1325 780 κατὰ
1382 722 1487 792 τὴν
1542 724 1706 793 αξίαν
1752 730 1816 804 τῆ

110 804 361 876 ἀληθείᾳ
402 809 712 876 τιμᾶσθαι·
792 814 882 864 καὶ
928 807 1107 864 ταῦτά
1150 833 1208 880 γε
1253 808 1490 879 ἀγαθὸν
1534 813 1816 875 τοιοῦτον,

111 888 142 945 ὅ
217 910 268 945 τι
323 888 398 944 ἂν
463 897 662 963 πρέποι
722 891 861 962 ἐμοί.
918 899 984 948 ’τί
1042 885 1144 948 οὖν
1185 900 1374 966 πρέπει
1417 892 1582 968 ἀνδρὶ
1627 901 1819 963 πένητι

228 1083 286 1122 D.
319 1081 373 1122 εἰ
396 1079 479 1122 δεῖ
504 1096 559 1135 γε
590 1097 714 1122 κατα
748 1098 779 1123 τ.
812 1078 878 1138 uh]
920 1081 995 1124 Sic
1025 1082 1163 1125 Coisl.
1198 1085 1325 1128 Vind.
1356 1085 1398 1129 3.
1429 1086 1553 1126 Flor.
1585 1086 1628 1127 b.
1667 1087 1817 1139 Vulgo

113 1155 150 1181 ει
195 1137 249 1193 δή
287 1153 346 1193 γε.
390 1139 442 1179 In
480 1141 628 1180 multis
673 1142 800 1181 codd.
836 1148 902 1182 est
932 1141 975 1181 εἰ
1001 1139 1047 1181 δέ
1077 1157 1138 1196 γε.
1168 1143 1283 1183 Dein
1313 1156 1395 1196 pro
1434 1143 1658 1194 τιμᾶσθαι,
1698 1142 1842 1196 quod'

113 1199 218 1238 item
248 1211 303 1238 ex
335 1198 471 1238 Coisl.
512 1205 789 1250 revocatum,
828 1205 932 1240 vett.
977 1200 1100 1241 editt.
1150 1200 1342 1251 τιμᾶσθε.
1405 1182 1571 1243 io'cum
1603 1202 1818 1255 pristinae

113 1257 292 1297 sanitati
322 1256 515 1296 restituit
548 1257 580 1294 H
596 1270 619 1296 e
630 1257 655 1296 k
669 1257 697 1296 k
709 1270 731 1296 e
742 1270 776 1297 r.

115 1397 237 1439 δοκεῖ
265 1399 412 1438 τοίνυν
443 1399 587 1452 ἔμοιγε
626 1391 758 1439 οὗτος
790 1394 814 1439 ὁ
847 1395 919 1439 λό-

115 1470 196 1512 γος
233 1481 288 1488 -—
328 1455 522 1498 ἐνταῦθα
582 1454 920 1510 προβεβηκέναι.

113 1520 181 1557 De
223 1515 390 1569 repubi.
432 1529 475 1568 p.
517 1515 615 1559 445.
648 1515 707 1556 B:
751 1513 922 1568 ἐπείπερ

116 1573 312 1615 ἐνταῦθα
358 1571 638 1627 ἐληλύθαμεν.
703 1574 806 1613 ibid.
869 1573 924 1616 C.

115 1629 262 1686 ’ἐπειδὴ
329 1630 523 1673 ἐνταῦθα
592 1627 924 1684 ἀναβεβήκαμεν

117 1692 196 1732 τοῦ
227 1687 375 1743 λόγου.
410 1691 637 1732 Menexen.
671 1704 709 1743 p.
738 1689 836 1732 248.
865 1690 921 1732 C:

118 1747 312 1789 ἐνταῦθα
374 1747 449 1789 τὸν
508 1749 617 1788 νοῦν
686 1746 922 1802 τρέποντες.

115 1805 357 1860 Xenoph.
391 1807 525 1847 Anah.
559 1805 702 1856 1.10,
735 1805 802 1849 13.
834 1803 924 1845 ἐπεὶ

119 1863 165 1904 δὲ
197 1865 264 1904 καὶ
303 1858 479 1905 ἐνταῦθ’
518 1861 712 1917 ἐχώρουν
756 1878 797 1903 οι
829 1860 923 1904 'Ek

118 1921 837 1993 ληνες.5ινρ1ιοοΙ.ΡΙιῑΙοοῑεῐ.
884 1935 922 1964 v.

116 1981 229 2025 377:
274 1975 298 2018 ὁ
342 1975 377 2020 δ’
417 1976 569 2021 ἐνθάδ’
601 1976 741 2033 ἥκων,
775 1994 923 2033 καιπερ

121 2034 176 2078 ου’
212 2033 430 2107 δυεοργος
478 2052 551 2085 ων,
593 2035 769 2090 δηχθεις
812 2036 925 2091 πρὸς

119 2093 146 2137 ἃ
175 2091 410 2149 ’ξῆκουσεν
443 2087 511 2135 ὧδ’
538 2090 758 2149 ἠμείψατο.
799 2097 930 2137 Plura

121 2155 220 2210 dedi
253 2155 309 2194 ad
335 2155 478 2203 :Gon-cr.
511 2168 553 2206 p.
586 2152 687 2196 494.
719 2153 772 2195 E.
805 2155 929 2194 A-rn

122 2212 338 2253 monins
373 2227 413 2263 p.
446 2211 514 2255 51.
546 2209 761 2250 ἐνταυθοῖ
775 2211 842 2250 καὶ
862 2208 930 2250 ἐν·

124 2269 268 2309 ταῦθα
314 2270 382 2309 καὶ
415 2265 578 2309 ἐνθάδε
609 2266 818 2320 διαφέρει.
861 2266 929 2308 ἐν·

125 2326 295 2367 zaudo?
314 2326 388 2379 μὲν
418 2324 500 2381 γὰρ
520 2324 596 2380 τὴν
612 2323 659 2366 ἐν
680 2322 798 2381 τόπῳ
822 2328 929 2379 (fleg.

125 2384 186 2426 εἰς
225 2381 380 2433 τόπον)
421 2386 632 2438 σημασιάν
673 2382 813 2436 δηλοῖ·
861 2381 929 2424 ἐν·

126 2442 271 2484 moira
311 2442 358 2483 δὲ
399 2444 468 2484 καὶ
510 2439 587 2495 τὴν
628 2439 675 2482 ἐν
705 2439 831 2510 τόπῳ
861 2442 930 2481 καὶ

126 2498 202 2555 τὴν
236 2499 299 2541 εἰς
330 2498 480 2542 τόπον.
514 2497 676 2551 ὁμοίως
700 2501 768 2540 και
788 2495 835 2540 τὸ
861 2497 929 2541 ἐν·

125 2557 252 2601 thiae.
312 2559 523 2602 Nimirum
553 2559 763 2600 contraria
796 2558 835 2599 in
867 2558 928 2600 his

127 2618 234 2660 iocis
273 2618 440 2660 obtinet
479 2618 588 2658 ratio
632 2621 675 2656 et
718 2615 930 2668 quodam-

130 2674 261 2717 modo
293 2677 494 2728 opposita
527 2675 589 2726 ei,
628 2686 756 2725 quiam
800 2687 931 2726 supra

126 2733 179 2776 nd
229 2745 268 2778 c.
314 2733 462 2776 XXII.
511 2748 552 2787 p.
594 2731 664 2775 33.
729 2732 780 2772 D.
834 2733 932 2773 iilu-

129 2792 278 2835 stravi.
342 2789 721 2835 Quemadmodum
747 2790 856 2830 enim
881 2791 931 2831 il-

131 2851 186 2891 iie
217 2849 488 2892 ostendimus
520 2848 735 2889 adverbiis
766 2854 932 2890 motum

129 2908 170 2950 in
202 2907 341 2948 iocum
377 2905 660 2949 indicantibus
693 2918 769 2957 per
799 2918 932 2958 quan-

130 2966 227 3007 dam
251 2965 471 3006 notionum
490 2961 786 3004 confusionem
803 2964 932 3005 verba

129 3024 335 3077 quietem
349 3022 631 3076 significantia
657 3019 831 3080 adiungi
859 3034 934 3063 so·-

132 3084 245 3123 iere:
291 3081 349 3122 ita
390 3080 574 3121 vicissim
616 3054 816 3128 verbis?
825 3092 935 3134 quae

131 3143 298 3180 motum
340 3138 551 3188 indicant,
598 3133 815 3176 adduntur
856 3136 933 3178 ad-

134 3194 279 3237 verbia
320 3202 476 3238 statum
521 3201 564 3236 et
593 3193 808 3250 quietem,
850 3207 935 3236 non

134 3260 326 3305 motum,
395 3253 570 3307 proprie
639 3246 935 3303 significantia.

135 3310 266 3355 Quod
298 3316 343 3354 et
373 3311 512 3366 ipsum
545 3308 699 3350 exinde
733 3308 937 3362 explicari

137 3367 291 3421 debet,
322 3367 437 3423 quod
472 3367 656 3419 Graeci,
694 3376 779 3419 qua
817 3372 939 3410 erant

1007 1401 1163 1443 mentis
1181 1401 1428 1454 ingeniique
1449 1401 1693 1451 velocitate,
1725 1403 1820 1455 piu-

1008 1472 1078 1501 res
1111 1472 1271 1511 easque
1292 1459 1488 1500 diversas
1510 1461 1718 1501 notiones
1737 1472 1821 1500 uno

1009 1515 1255 1570 eodemque
1290 1518 1485 1558 membro
1506 1517 1715 1558 orationis
1744 1530 1819 1558 so-

1009 1574 1154 1616 lebant
1184 1573 1444 1616 comludere
1477 1579 1522 1616 'et
1546 1577 1668 1628 ιιιιιιεί
1691 1587 1818 1616 coar-

1009 1639 1143 1676 ctare.

1066 1689 1148 1731 έπὶ
1198 1688 1251 1730 δὲ
1308 1686 1361 1729 τὸ
1418 1687 1529 1745 ἰδίᾳ
1586 1689 1819 1730 ἕκαστον

1009 1746 1106 1789 ιών
1145 1772 1200 1779 -
1251 1741 1343 1802 ᾖα]
1411 1748 1711 1790 Memorabilis
1752 1754 1821 1788 ost

1010 1807 1112 1848 haec
1131 1820 1177 1848 or
1183 1807 1336 1847 ationis
1355 1805 1658 1850 redundantia.
1712 1806 1818 1847 Nam

1010 1865 1282 1918 participium
1316 1860 1394 1903 [aiv
1421 1877 1546 1906 nemo
1572 1865 1655 1905 n'on
1699 1863 1819 1904 videt

1010 1923 1150 1963 omitti
1195 1923 1405 1990 potuisse.
1479 1922 1710 1962 Praeterea
1750 1918 1815 1961 ἐι-

1011 1981 1156 2021 ταῦθα
1198 1974 1254 2032 ᾖα
1304 1987 1404 2033 post
1455 1977 1523 2020 ἐπὶ
1568 1977 1614 2019 δὲ
1667 1971 1715 2019 τὸ
1758 2001 1817 2009 -—

1012 2033 1248 2093 ευεργετεῖν
1299 2039 1460 2078 matum
1512 2049 1590 2090 pro
1652 2037 1818 2088 vulgari

1013 2094 1081 2137 ἐπὶ
1122 2097 1251 2136 τοῦτο
1292 2089 1361 2147 ᾖα.
1429 2095 1534 2137 Nam
1580 2106 1815 2143 pronomen

1016 2156 1073 2195 itu
1113 2153 1261 2195 inferri
1304 2157 1489 2195 constat.
1550 2152 1722 2193 Vereor
1753 2155 1819 2192 ta-

1016 2224 1129 2261 men,
1164 2224 1215 2250 ne
1247 2209 1408 2251 frustra
1444 2211 1585 2250 locun·
1624 2214 1819 2250 tentave—

1016 2270 1098 2310 rint
1131 2268 1291 2315 critici,
1335 2275 1383 2308 ut
1424 2280 1476 2308 ne
1512 2266 1821 2307 Hermanno

1015 2326 1186 2379 quidem
1213 2298 1535 2395 suffragemur,
1581 2324 1716 2366 verba
1754 2321 1821 2363 ἐν-

1016 2384 1161 2426 ταῦθα
1203 2376 1258 2436 ᾖα
1298 2381 1502 2433 eiicieuda
1533 2395 1631 2423 esse
1673 2379 1818 2423 existi-

1017 2442 1165 2484 manti.

1075 2496 1212 2540 οὕτω
1283 2511 1415 2538 κατα
1484 2495 1574 2537 τὸν
1649 2490 1822 2536 αυτὸν

1016 2554 1251 2626 τρόπον]
1282 2557 1422 2597 Etiam
1457 2552 1559 2595 haec
1590 2551 1637 2594 ἐκ
1663 2554 1822 2608 παραλ-

1015 2612 1147 2669 λήλου
1179 2615 1324 2668 posita
1356 2616 1470 2653 sunt.
1530 2611 1698 2653 Similia
1727 2613 1822 2653 coi·

1019 2675 1124 2728 legit
1159 2673 1356 2714 Aetius
1390 2669 1442 2711 ad
1479 2669 1615 2723 Legg.
1651 2683 1690 2722 p.
1722 2668 1790 2713 24.

1076 2732 1126 2772 D
1166 2726 1330 2782 ανδρὶ
1374 2726 1562 2797 πένητι
1607 2723 1823 2782 ευεργὲ-

1020 2792 1106 2842 τῃ]
1141 2787 1413 2841 Cognomine
1439 2780 1670 2839 ευεργέτου
1692 2797 1823 2826 orna-

1020 2848 1174 2888 bantur
1206 2843 1251 2896 ii‘‚
1285 2844 1357 2898 qui
1376 2845 1485 2885 bene
1505 2843 1644 2884 meriti
1675 2846 1825 2884 essent

1021 2905 1075 2946 de
1135 2904 1321 2946 civitate.
1394 2901 1706 2942 Dorviiiius
1769 2899 1821 2940 ad

1020 2962 1239 3004 Chariton.
1273 2975 1311 3015 p.
1331 2959 1430 3004 317.
1454 2958 1520 3000 ed.
1551 2957 1674 3012 lips.
1700 2957 1824 3026 ’ivm

1022 3020 1260 3073 principes,
1305 3019 1440 3059 immo
1481 3029 1629 3067 recres,
1674 3015 1819 3069 reipu-

1021 3079 1155 3118 blicae
1187 3075 1460 3119 Atheniensis
1485 3069 1711 3127 ευεργέτας
1739 3072 1821 3113 τοῦ

1021 3131 1161 3189 δήμου
1211 3133 1432 3188 γραφῆναι
1473 3144 1553 3173 ceu
1613 3131 1818 3172 eximium

1021 3194 1102 3234 ἀει
1108 3206 1157 3233 us
1188 3192 1528 3233 adieotaverunt.
1574 3187 1616 3230 X
1629 3202 1654 3230 e
1669 3201 1691 3228 n
1707 3202 1733 3228 o
1746 3187 1821 3242 ph.

1022 3251 1077 3292 de
1123 3250 1245 3292 redit.
1285 3248 1385 3293 923
1433 3247 1638 3315 Lysias
1669 3245 1740 3288 20.
1781 3260 1823 3299 p.

1019 3305 1119 3352 365.
1152 3307 1354 3349 Suidns
1384 3306 1424 3347 in
1456 3301 1599 3358 στήλη.
1641 3303 1824 3354 Antiqua

1022 3363 1297 3409 monumenta
1327 3363 1509 3408 affluunt
1536 3359 1759 3415 exemplis.
1783 3374 1807 3400 v
