2158 3718
296 2 302 9 .
372 0 460 24 «πῃ
479 0 922 31 ’'ff-,vffffssffsssssi'fi''T¹·”⁷‘''*.
940 0 969 7 v..
1000 0 1088 14 '‚-=
1121 0 1142 5 ψ
1155 0 1177 8 ,ε
1203 2 1207 5 .
1230 0 1233 6 .

472 24 486 34 „-
511 27 518 32 ,
549 30 553 31 .
615 24 620 31 ,
649 29 655 33 ,
764 24 769 28 ,
808 23 810 25 >
855 22 857 28 ,

816 172 1072 218 ΡΗΑΕυο
1105 189 1153 231 p.
1176 176 1246 216 59.
1313 173 1316 175 ’
1843 173 1911 225 83

139 319 234 385 omi
265 315 548 386 Ἐπιγένης
583 315 677 367 καὶ
713 315 983 382 Αἰσχίνης
1029 314 1122 366 καὶ
1156 312 1528 381 Ἀντισθένης.

1601 305 1675 381 ἦν
1722 311 1783 365 δὲ
1820 312 1913 364 καὶ

140 402 464 472 Κτήσιππος
512 397 541 452 ὁ
580 396 890 461 Παιανιεύς
934 400 1030 452 καὶ
1075 397 1391 461 Μενέξενος
1428 397 1521 449 καὶ
1568 395 1730 449 ἄλλοι
1768 396 1916 458 τινὲς

139 490 254 540 τῶν
293 486 636 555 ἐπιχωρίων·
679 482 924 537 Πλάτων
964 484 1050 552 δέ,
1091 479 1269 553 οἶμαι,
1307 481 1555 551 ἠσθένει.
1596 484 1713 534 ΕΧ.
1751 481 1915 542 Ξένοι

141 571 206 624 δέ
237 590 384 634 τινες
420 573 707 640 παρ-ἦσαν;
750 572 960 622 ΦΑΙΔ.
1002 571 1145 637 Ναί,
1174 569 1416 637 Σιμμίας
1439 566 1499 620 τέ
1523 585 1587 634 γε
1614 563 1643 619 ὁ
1674 567 1917 635 Θηβαῖος
1950 581 1981 623 C

255 740 300 782 G.
333 739 593 795 Σιμμιας
616 753 673 781 τε
697 738 776 796 γε]
805 741 903 783 Vat.
925 742 1030 781 Ven.
1055 741 1248 782 HVind.
1274 741 1371 784 Φε.
1392 741 1417 780 6
1448 740 1594 782 Ambr.
1617 751 1699 780 om.
1723 751 1788 780 τε.
1813 750 1916 778 con-

139 806 203 838 tra
230 798 272 837 in
304 798 410 837 Tub.
440 798 533 840 Par.
559 798 638 839 EG
668 810 720 852 γε
751 797 1011 850 neglectum,
1051 797 1163 838 unde
1192 803 1308 851 patet
1338 797 1490 837 erroris
1520 808 1663 837 causa.
1705 795 1809 836 Dein
1839 806 1915 848 Ριο

143 854 255 907 vulg.
280 847 565 907 Φαιδώνδης
593 861 707 894 recte
735 854 833 897 vat.
860 853 987 895 Coisl.
1009 854 1117 895 Ven.
1142 854 1354 895 HAmbr.
1376 853 1505 894 vind.
1530 853 1568 894 Φ
1590 853 1698 893 Tub.
1722 852 1830 894 Flor.
1854 852 1880 891 (l
1902 850 1922 890 f

141 909 472 964 Φαιδωνίδης,
501 919 548 951 ut
568 911 692 951 etiam
714 911 834 954 Bodl.
856 911 950 951 Pa1.
976 910 1010 952 G
1030 923 1053 950 a
1075 924 1140 975 pr.
1160 923 1217 951 m.
1242 912 1442 976 sciiptum
1464 909 1634 950 habent.
1665 910 1794 949 Recte
1814 909 1918 948 Her-

140 979 280 1010 mann.
301 967 486 1019 alioquin
508 966 685 1007 formam
706 968 950 1008 Boeoticam
971 959 1257 1015 Φαιδώνδας
1286 967 1475 1019 requirit,
1497 966 1592 1010 coll.
1621 965 1917 1006 Borneniauuo

141 1024 196 1065 ad
216 1023 340 1064 Mem.
364 1025 395 1065 Ι.
418 1025 458 1076 2,
481 1024 551 1068 48.
572 1037 613 1067 v.
639 1024 763 1064 etiam
784 1023 984 1064 Matthiae
1006 1022 1075 1067 Gr.
1099 1024 1239 1076 Ampl.
1262 1024 1302 1074 ξ.
1325 1025 1392 1065 99.

141 1193 179 1233 A
191 1205 244 1233 es
258 1191 375 1232 chin
388 1205 410 1232 e
431 1191 641 1233 Socratico
657 1205 694 1236 v.
707 1192 828 1245 Diog.
842 1191 984 1234 Laert.

142 1251 194 1294 ΙΙ.
215 1249 396 1292 60-64,
414 1270 471 1277 -—-
486 1247 860 1289 Antisthenem
881 1261 984 1289 con-

141 1314 228 1349 stat
265 1306 471 1360 imprimis
497 1305 682 1346 Socratis
723 1305 986 1359 tolet-amiam

143 1371 184 1403 et
223 1362 456 1416 voluptatis
484 1368 739 1403 contemtum
779 1360 988 1402 imitatum

144 1432 238 1461 esse
260 1420 452 1471 adeoque
473 1427 613 1460 sectae
636 1419 817 1471 Cynicae
838 1426 985 1459 aucto—

142 1489 231 1517 rem
262 1477 492 1519 exstitisse.
535 1476 596 1515 De
618 1487 666 1515 eo
689 1488 729 1516 v.
752 1475 890 1516 Laert.
912 1475 985 1517 VI.

145 1534 299 1576 1—19.
330 1532 492 1576 Aelian.
519 1532 570 1575 V.
593 1533 643 1575 H.
666 1532 744 1575 IX
770 1533 840 1575 35.
862 1532 914 1575 al.
933 1553 988 1560 —

145 1590 452 1653 Ctesippus
466 1589 760 1640 Paeaniensis,
797 1589 839 1633 h
863 1602 900 1632 e.
935 1601 990 1628 ex

145 1644 364 1699 Παιανιᾶ
390 1638 524 1700 δήμῳ
554 1644 638 1699 τῆς
662 1643 988 1693 Πανδιονίδος

144 1701 303 1757 φυλῆς
331 1703 560 1754 oriundus,
590 1708 715 1742 notus
745 1710 808 1743 est
829 1715 882 1742 ex
903 1703 986 1742 Eu-

143 1760 330 1812 thydem.
360 1772 403 1813 Ρ.
426 1760 508 1800 273
530 1760 581 1802 Α.
614 1764 663 1799 et
672 1759 817 1811 Lysid.
841 1771 884 1812 p,
908 1760 990 1800 203

145 1819 196 1859 Α.
219 1817 302 1857 206
324 1816 354 1857 C
376 1828 469 1868 sqq.
493 1837 545 1843 —
570 1815 888 1856 Menexenus
911 1827 990 1856 no-

147 1873 329 1914 bilitatus
358 1883 422 1913 est
446 1873 551 1913 libro
574 1873 825 1925 cognomine
846 1884 870 1912 a
891 1872 987 1912 Pla-

144 1937 256 1981 tone,
287 1934 333 1969 ut
360 1929 542 1981 videtur,
572 1931 742 1983 scripto.
797 1928 931 1969 Natus
969 1941 991 1967 e

145 1994 274 2040 gente
296 1986 563 2026 nobilissima
586 1983 694 2039 (vid.
718 1986 819 2038 LyS.
840 1999 883 2040 p.
909 1987 990 2026 207

147 2042 213 2094 C.)
236 2050 398 2083 mature
419 2043 473 2083 ad
490 2042 782 2096 philosophiae
804 2042 990 2082 studium

145 2100 331 2140 animum
362 2099 591 2153 applicavit
617 2108 657 2139 et
677 2112 772 2139 cum
795 2099 901 2139 alios
924 2110 991 2138 so-

146 2156 324 2210 phistas,
345 2164 433 2196 tum
452 2155 700 2209 Ctesippum
719 2156 904 2196 maxime
922 2166 992 2194 se-

147 2219 270 2253 cutus
293 2220 368 2255 est.
394 2225 433 2255 V.
458 2213 557 2265 Lys.
582 2224 625 2265 p,
648 2213 744 2254 206.
775 2211 907 2252 'Unde
927 2211 991 2250 in-

146 2269 369 2322 tellegitur,
401 2281 474 2308 cur
504 2268 546 2309 h.
569 2269 596 2312 l.
632 2268 820 2322 Ctesippi
842 2275 882 2307 et
902 2267 991 2306 Me·

147 2326 302 2367 nexeni
325 2338 411 2365 una
432 2326 588 2365 mentio
610 2324 695 2367 fiat.

206 2375 445 2423 Πλάτων
475 2377 560 2435 δέ,
591 2376 782 2434 οἶμαι,
814 2372 991 2433 ἦσθε·

147 2435 257 2493 νει]
289 2438 379 2479 Νοι]
414 2439 502 2478 veri
530 2439 748 2479 dissimilis
778 2446 842 2478 est
866 2438 992 2478 For·

150 2495 282 2536 steri
312 2496 552 2535 coniectura
574 2495 789 2535 Platonem
812 2494 878 2534 his
895 2505 991 2533 ver—

150 2554 214 2593 bis
255 2551 494 2606 significare
532 2551 722 2592 voluisse
761 2562 994 2591 maerorem

149 2621 289 2662 suum,
311 2620 394 2660 quo
418 2609 661 2648 imminente
681 2607 839 2648 summi
858 2608 991 2660 magi-

149 2667 224 2705 stri
244 2674 377 2706 morte
397 2665 572 2706 affectus
593 2665 732 2707 fuerit.
775 2665 895 2713 Quod
916 2677 991 2704 au-

151 2730 235 2762 tem
258 2722 373 2762 nulla
393 2721 461 2761 hic
480 2721 776 2775 Xenophontis
799 2720 909 2761 facta
931 2727 995 2760 est

140 2779 329 2831 mentio,
361 2778 403 2818 id
424 2778 577 2821 Athen
602 2779 676 2819 XI.
702 2778 840 2820 504F.
866 2776 995 2816 iefert

151 2836 260 2875 inter
287 2841 535 2888 argumenta
560 2835 744 2875 invidiae
773 2840 814 2874 et
845 2833 991 2873 simul-

151 2891 265 2943 tatis,
289 2903 398 2943 quae
415 2891 580 2931 Platoni
601 2904 694 2931 cum
711 2889 996 2944 Xenophonte

154 2948 448 2990 intercesserit.
530 2948 694 3001 Quippe
735 2959 819 2987 non
859 2946 998 3000 potuit

153 3004 270 3044 Plato
290 3003 586 3057 Xenophontis
614 3004 868 3044 mentionem
898 3003 993 3042 inii-

154 3073 269 3111 cere,
313 3072 408 3099 cum
449 3060 520 3100 ille
548 3072 659 3100 anno
689 3066 784 3100 ante
814 3059 997 3099 Socratis

154 3123 330 3157 mortem
371 3117 414 3156 in
443 3117 591 3156 Asiam
633 3122 744 3155 esset
782 3114 996 3169 profectus

154 3174 298 3225 ibique
332 3173 555 3224 militaret,
589 3172 632 3212 id
662 3172 774 3222 quod
801 3172 884 3212 iam
911 3171 997 3211 Fi—

155 3229 376 3271 scherus
417 3204 612 3284 pervitlit.
653 3249 707 3256 —
747 3229 826 3268 Pro
857 3215 917 3279 ἦν
946 3222 1000 3269 δε

155 3282 239 3328 καὶ
258 3279 534 3340 Κτήσιππος
555 3283 904 3325 Heindorrius
935 3296 998 3324 re-

156 3343 347 3395 quirebat
383 3356 511 3397 παρη
484 3357 543 3397 ην
558 3338 626 3383 δὲ
656 3338 738 3382 καὶ
774 3341 858 3381 Κτ.
896 3341 1001 3380 Fru-

158 3407 257 3442 stra.
299 3399 460 3440 Eodem
488 3400 613 3440 modo
646 3396 861 3438 Plutarch.
883 3397 996 3439 Enfflot

157 3469 202 3511 p.
230 3458 272 3501 4
306 3457 370 3497 ed.
399 3458 570 3501 Winck.
612 3453 706 3497 τῶν
752 3450 804 3495 δὲ
847 3452 999 3507 φίλων

159 3512 357 3556 οἴκοθεν
409 3509 496 3570 μὲν
547 3505 676 3570 αὐτῷ
734 3509 1002 3564 παρῆσαν

1072 1185 1121 1233 οἷ
1139 1186 1454 1258 συνήθεις-·
1475 1179 1542 1256 ἧν
1560 1186 1614 1233 δὲ
1635 1188 1921 1243 καὶΠρωτο·

1073 1244 1213 1303 γένης
1242 1244 1266 1290 ὁ
1303 1242 1533 1302 Ταρσεύς,
1565 1248 1636 1289 ubi
1675 1247 1920 1288 doctissimo

1074 1306 1221 1345 editori
1252 1318 1333 1347 uon
1376 1306 1585 1346 assentior
1608 1299 1733 1346 εἶναι
1754 1303 1918 1358 simpli-

1074 1362 1176 1402 citer
1215 1375 1291 1416 pro
1331 1364 1557 1419 παρειναι
1587 1361 1782 1415 usurpari
1819 1372 1919 1401 con-

1075 1419 1279 1462 tendenti.
1362 1416 1485 1467 Quod
1526 1431 1578 1458 ne
1618 1418 1729 1472 apud
1772 1424 1920 1471 poetas

1076 1475 1243 1527 quidem
1265 1475 1312 1515 fit
1334 1476 1416 1515 nisi
1439 1476 1475 1516 si
1496 1476 1667 1515 verbum
1690 1473 1923 1514 contratiae

1076 1532 1411 1585 significationis,
1432 1540 1479 1572 ut
1500 1526 1715 1583 ἀπεῖναι,
1738 1542 1832 1570 cum
1858 1524 1923 1570 εἶ-

1075 1602 1158 1630 ναι
1187 1590 1460 1630 coniunctum
1488 1588 1654 1642 legitur
1693 1600 1734 1630 v.
1758 1587 1921 1626 VVun-

1075 1647 1182 1689 der.
1214 1646 1268 1686 ad
1298 1645 1427 1698 Soph.
1458 1645 1610 1688 Electr.
1635 1645 1731 1686 298.
1774 1643 1920 1696 Antig.

1078 1705 1201 1746 1090.
1236 1702 1338 1745 Oed.
1363 1703 1410 1744 T.
1437 1702 1533 1743 754.
1584 1701 1790 1750 Quocirca
1817 1699 1924 1739 falli-

1076 1767 1143 1800 tui
1174 1760 1298 1799 etiam
1327 1759 1514 1799 Astius
1545 1756 1598 1798 ad
1627 1758 1845 1810 Plotagor.
1879 1769 1922 1809 p.

1077 1818 1131 1858 54
1152 1828 1217 1867 sq.
1259 1816 1351 1856 Imo
1382 1811 1444 1880 ᾐν
1472 1816 1646 1855 verbum
1667 1813 1853 1867 simplex
1872 1813 1924 1852 de

1077 1886 1192 1914 mole
1220 1874 1277 1912 ita
1297 1873 1481 1925 ponitur,
1515 1880 1561 1912 ut
1583 1883 1636 1911 ex
1657 1869 1924 1923 praecedenti

1078 1930 1313 1983 composito
1330 1942 1380 1982 Ρι
1383 1928 1589 1992 aepositio
1605 1925 1837 1994 repetenda
1853 1926 1921 1968 sit.

1079 1987 1150 2028 Sic
1171 1985 1282 2026 infra
1303 1998 1351 2053 p
1376 1986 1427 2026 71
1450 1985 1496 2026 Ε.
1530 1997 1616 2025 ουκ
1646 1974 1925 2025 ανταποδώ-

1079 2054 1226 2108 σομεν
1262 2038 1351 2094 τὴν
1381 2034 1608 2083 ἐναντίαν
1636 2035 1822 2104 γένεσιν
1845 2061 1896 2067 —

1078 2091 1317 2153 ἢαναγκη
1341 2091 1641 2148 αποδοῦναι;
1663 2098 1691 2140 i.
1718 2108 1754 2139 e.
1780 2069 1924 2161 ama}

1078 2154 1333 2197 ποδοῦναι.
1389 2154 1567 2196 Phaedr.
1612 2166 1671 2216 p.
1686 2153 1770 2193 248
1798 2153 1849 2194 Α.
1893 2145 1923 2218 ᾗ

1078 2208 1164 2266 μὲν
1187 2234 1238 2240 —-
1232 2206 1515 2279 ὑπερῆρεν
1529 2206 1595 2257 εἰς
1624 2202 1710 2251 τὸν
1740 2204 1828 2272 ἔξω
1849 2202 1927 2249 τό-

1078 2281 1170 2310 πον
1191 2261 1279 2336 τὴν
1300 2280 1384 2308 του
1399 2278 1609 2334 ηνιοχου
1635 2257 1871 2333 κεφαλήν,
1894 2258 1924 2317 ἡ

1079 2321 1132 2366 δὲ
1156 2320 1260 2366 τοτὲ
1281 2321 1368 2379 μὲν
1388 2312 1488 2379 ἦρε,
1512 2317 1616 2364 τοτὲ
1639 2316 1692 2363 δε
1716 2317 1850 2374 ἔδυ,
1840 2334 1868 2364 ι.
1886 2333 1922 2363 e.

1078 2376 1330 2435 υπερῆρεν.
1354 2380 1547 2433 Euiipid.
1573 2380 1708 2421 orest.
1731 2378 1836 2418 1101
1860 2390 1923 2445 sq.

1078 2439 1167 2491 Pyl.
1211 2436 1366 2499 πιθοῦ
1407 2451 1520 2503 νυν,
1572 2446 1833 2498 αναμεινον
1873 2427 1926 2474 δὲ

1120 2489 1333 2558 ασγάνου
1363 2487 1524 2549 τομάς.
1567 2492 1634 2534 Or.
1659 2488 1801 2545 μενῶ,
1836 2485 1924 2531 τὸν

1081 2544 1257 2606 εχθρὸν
1300 2549 1416 2592 εἴτι
1456 2543 1793 2604 τιμωρήσομαι.
1843 2546 1928 2587 Sed

1081 2609 1288 2649 latissime
1327 2613 1444 2661 patet
1478 2606 1548 2646 hic
1574 2618 1679 2646 usus
1711 2603 1925 2656 loquendi.

1080 2666 1294 2705 Pertinent
1342 2664 1452 2704 enim
1502 2663 1584 2703 huc
1635 2662 1759 2702 etiam
1809 2659 1926 2711 talia,

1081 2722 1204 2774 quale
1227 2729 1292 2761 est
1321 2722 1420 2763 Eur
1458 2718 1614 2761 Bacch.
1654 2719 1778 2760 1062.
1817 2710 1930 2758 κλα-

1082 2777 1170 2819 δον
1197 2776 1421 2844 κατῆγεν,
1451 2764 1584 2830 ἦγεν,
1614 2763 1729 2828 ἦγεν
1762 2769 1828 2821 εἰς
1849 2769 1929 2827 μέ-

1084 2836 1172 2876 λαν
1200 2830 1349 2876 πέδον
1381 2834 1485 2886 (bog
1513 2832 1656 2879 herab,
1686 2832 1783 2883 bog,
1807 2826 1927 2882 bog),

1083 2891 1135 2932 de
1156 2902 1238 2942 quo
1260 2903 1418 2943 genere
1437 2890 1558 2943 plura
1580 2888 1750 2940 collegit
1771 2886 1930 2927 Elms-

1084 2948 1222 2988 leius
1271 2948 1326 2988 ad
1379 2947 1490 2990 Med.
1541 2945 1664 2987 1219.
1689 2920 1931 2984 oPertinent

1082 3005 1179 3044 item
1198 3004 1278 3045 loci
1295 3003 1515 3051 eiusmodi,
1532 3003 1575 3042 in
1594 3002 1744 3053 quibus
1762 3000 1927 3040 diversa

1083 3061 1210 3101 verba
1231 3062 1374 3100 iuncta
1399 3066 1511 3110 sunt,
1548 3065 1595 3099 ut
1625 3057 1755 3110 Soph.
1781 3056 1925 3121 Antig,

1083 3119 1179 3160 537.
1228 3113 1311 3158 καὶ
1352 3114 1647 3171 συμμετίσχω
1686 3109 1768 3154 καὶ
1800 3107 1928 3179 φέρω

1083 3172 1168 3226 τῆς
1196 3169 1384 3225 αἰτίας,
1425 3175 1452 3216 i.
1480 3186 1514 3215 e.
1555 3168 1639 3212 καὶ,
1680 3164 1930 3223 συμφέρω;

1088 3231 1208 3270 cuius
1220 3230 1394 3270 iationis
1407 3228 1601 3282 exempla
1611 3226 1727 3267 dabit
1737 3226 1765 3266 S
1777 3237 1798 3264 c
1808 3225 1836 3265 h
1846 3236 1871 3263 a
1882 3236 1931 3262 e-

1087 3285 1179 3329 fer.
1210 3286 1264 3326 ad
1284 3287 1436 3326 Demos
1443 3286 1498 3328 th.
1524 3287 1682 3337 Appar
1707 3284 1738 3325 Ι,
1768 3294 1810 3335 Ρ.
1835 3279 1929 3320 246.

1086 3343 1243 3383 Indico.
1272 3343 1326 3383 ad
1355 3341 1528 3394 eregol
1555 3340 1648 3382 Gor.
1674 3352 1715 3391 p.
1742 3338 1863 3379 1032.
1891 3344 1931 3374 et

1087 3399 1139 3438 ad
1162 3399 1278 3446 Poet
1302 3398 1450 3441 Gnom.
1473 3410 1514 3450 p.
1542 3398 1637 3438 361.

1144 3451 1424 3511 Σιμμίας]
1445 3454 1506 3496 De
1525 3451 1701 3494 Simmia
1721 3457 1761 3489 et
1777 3448 1931 3491 Cebete

1089 3524 1127 3553 v,
1158 3511 1267 3553 Prol.
1295 3524 1337 3564 p.
1370 3511 1424 3552 68
1453 3523 1516 3561 sq.
1558 3504 1930 3549 Phaedonides

1515 3577 1590 3628 6*
