2222 3762
338 175 756 231 APOLOGIA
807 172 1210 230 SOCRATIS.
1261 175 1324 226 P.
1365 175 1450 227 20.
1508 172 1587 227 St.
1746 172 1816 222 69

115 324 315 380 πλείω
294 348 327 392 η
315 321 647 394 ξυμπαντες
661 330 712 379 οἱ
738 321 915 387 ἄλλ,οι
935 324 1155 392 Καλλίᾳ
1170 323 1244 390 τῷ
1252 318 1586 374 ε’.Ιππονικου
1604 319 1814 373 τοῦτον

117 402 220 465 οὗν
235 406 822 481 ἀνηρόμην-ἐστὸν)
826 430 897 477 αο
919 405 1072 475 αὐτῷ
1093 405 1191 460 δύο
1208 410 1392 459 υἱὲε-
1403 395 1478 457 Ὦ
1499 393 1815 467 Καλλία,ἦν

115 493 157 546 5'
180 491 298 563 5705,
313 499 464 562 εἰμέν
481 510 582 547 σου
600 491 670 546 τώ
691 497 794 548 vasa
810 490 969 546 πώλω
1007 487 1036 558 ὴ
1062 489 1244 562 μόσχου
1265 492 1490 557 &av-{619
1497 508 1575 554 ην,
1602 487 1815 556 εἴχομεν

113 575 186 632 ἂν
257 575 454 631 αὐτοῖν
518 577 818 644 ἐπιστάτην
872 579 1061 646 λαβεῖν
1116 579 1207 629 καὶ
1262 570 1694 644 μισθωσασθαι,
1754 566 1817 632 ὃς

114 665 332 738 ἔμελλεν
350 658 498 714 αὐτοὺ
514 659 660 714 καλω
689 683 743 715 τε
768 657 1007 731 κάγαθά)
1025 658 1269 724 ποιήσειν
1299 655 1400 724 τὴν
1427 654 1815 725 προςήκουσαν

113 743 350 815 ἀρετήν·
394 765 466 810 ην
504 742 544 797 5
587 743 659 798 ἂν
688 738 852 809 οὗτος
882 742 914 812 ἠ
945 747 1053 799 τῶν
1079 745 1316 798 ἱππικῶν
1343 763 1426 805 τις
1452 737 1486 805 ἢ
1517 742 1667 793 τῶν
1651 759 1818 808 semp-

114 831 312 900 >mciv-
354 832 455 884 νῦν
487 826 526 883 5
560 828 740 896 ἐπειδὴ
762 827 1051 902 ἀνθρώπω
1068 827 1246 892 ἐστόν,
1267 830 1391 880 τίνα
1423 823 1622 880 αὐτοῖν
1654 829 1711 877 ἐν
1740 824 1817 892 νῷ

230 1106 316 1146 καὶ
350 1101 553 1146 Ἱππίας
594 1099 618 1144 o‘
658 1099 886 1156 Ἡλεῖοε]
926 1105 1064 1146 Coisl.

117 1165 283 1216 recepit
312 1163 471 1204 Bekk.

231 1221 285 1262 R.
317 1221 386 1264 20.
451 1216 508 1260 ὃς
548 1218 775 1259 τετέλεκε
817 1219 913 1273 χρ.]
978 1218 1027 1259 V.
1073 1219 1305 1259 τετελείεκει
1356 1221 1530 1273 inepte.·
1570 1219 1818 1262 Perfectum

117 1279 398 1320 exhibuerunt
443 1278 566 1321 Bodl.
599 1277 701 1320 vat.
737 1277 840 1318 Ven.
883 1277 922 1316 b.
955 1276 1082 1319 Vind.
1114 1277 1155 1320 1.
1187 1276 1229 1320 4.
1259 1278 1299 1321 6
1340 1277 1457 1321 Flor
1490 1278 1534 1319 d.
1599 1279 1682 1321 ..h
1716 1279 1821 1321 Par.

119 1337 204 1381 DS.
269 1338 374 1377 Dein
407 1332 500 1376 δύω
530 1335 658 1376 Vind.
694 1336 732 1374 b.
765 1335 865 1376 Par.
900 1335 949 1374 l).
983 1335 1098 1387 quod
1131 1347 1215 1376 non
1248 1335 1463 1376 debebant
1496 1311 1692 1389 recipere
1725 1335 1820 1376 Tu-

1107 1104 1175 1143 καὶ
1209 1099 1372 1145 Ἱππίας
1410 1101 1457 1163 δὲ
1497 1101 1520 1145 ὁ
1553 1100 1656 1151 Ἠλ..
1701 1105 1818 1158 quod

117 1396 320 1436 ricenseS.

385 1393 592 1435 Nimirum
634 1390 715 1432 δύο
755 1397 927 1433 constat
966 1391 1148 1434 formam
1190 1405 1288 1434 esse
1321 1394 1537 1444 Atticam,
1574 1407 1658 1446 qua
1693 1394 1822 1434 etiam

116 1453 260 1500 Plato,
293 1451 328 1491 si
361 1464 442 1504 qua
474 1450 582 1491 fides
614 1452 819 1491 librorum
852 1454 933 1501 est,
965 1455 1214 1491 constanter
1254 1452 1358 1491 satis
1391 1463 1494 1491 usus
1528 1464 1625 1492 esse
1659 1450 1820 1503 reperi-

113 1517 194 1553 tur.
226 1510 284 1550 V.
314 1521 425 1561 quos
454 1508 601 1550 laudat
633 1506 899 1549 Matthiae
930 1509 1006 1548 Gr.
1039 1509 1079 1559 ἓ.
1109 1506 1207 1552 138.

117 1655 257 1695 verbis
291 1659 358 1695 est
388 1653 564 1705 insignis
595 1651 804 1704 quaedam
823 1646 924 1691 ἀνα-

120 1712 349 1754 κολουθιά.
389 1714 529 1757 Quum
560 1710 672 1751 enim
692 1709 926 1763 praecedat

120 1766 217 1811 οἶός
249 1765 288 1810 τ’
322 1768 458 1820 ἐστίν,
490 1767 678 1808 debebat
708 1779 821 1807 nunc
852 1780 921 1809 se-

119 1830 189 1880 qui
210 1828 454 1870 infinitivus.
518 1825 607 1866 Sed
632 1826 806 1895 ponitur
834 1827 922 1867 πεί-

119 1887 258 1926 θουσι
299 1899 348 1926 ac
392 1884 425 1924 si
467 1879 562 1925 οἶός
602 1878 643 1923 τ’
689 1881 804 1922 ἐστιν
839 1895 922 1927 uon

119 1943 420 1997 praecesserit.
475 1941 508 1982 l
514 1954 641 1982 ocum
660 1940 822 1980 dudum
849 1954 922 1981 ex

119 2002 270 2056 plicuit
294 2001 453 2040 Buttm.
485 2012 548 2052 gr.
581 2000 636 2039 G.
672 1998 704 2050 §-
741 1998 839 2042 138.
865 1998 928 2040 II.

119 2061 160 2103 2.
182 2058 401 2100 coll.Ros
420 2063 450 2098 t.
473 2057 507 2109 ἕ.
530 2056 627 2100 137.
644 2056 684 2099 5.
706 2070 742 2095 a.
769 2057 838 2108 qui
863 2062 928 2097 ta-

120 2130 216 2158 men
262 2116 564 2156 Hermanno
609 2127 690 2153 uon
735 2114 930 2154 videntur

122 2172 411 2223 satisfecisse,
465 2173 625 2223 quippe
674 2173 745 2222 qui
790 2171 932 2223 potius

125 2228 220 2271 οἶός
251 2224 280 2269 τ’
314 2228 399 2268 ἐστι
429 2231 618 2269 violento
650 2241 755 2268 ausu
787 2234 931 2267 sustu-

125 2290 242 2336 lerit,
281 2300 410 2339 quam
453 2290 499 2326 ut
529 2286 614 2325 tale
645 2283 932 2326 anacoluthon

124 2345 362 2399 agnoverit.
384 2347 638 2395 Quanquam
651 2342 715 2382 H·
705 2357 715 2383 1
731 2356 750 2383 ι·
763 2356 782 2381 s
795 2356 816 2382 c
830 2341 877 2382 h
867 2355 930 2412 ig.

123 2405 260 2445 multo
312 2403 439 2443 etiam
494 2400 698 2441 audacius
754 2395 850 2440 οἶός
899 2394 930 2439 τ’

124 2461 238 2502 ἐστιν
299 2461 439 2501 eiecto
502 2458 697 2509 scripsit:

126 2519 305 2559 ἕκαστος
347 2524 391 2558 et
429 2512 551 2570 χάριν
591 2512 926 2566 προςειδότας.

125 2575 257 2620 Quod
309 2574 413 2615 satis
467 2579 533 2615 est
583 2573 717 2614 verbo
761 2587 928 2614 memo-

125 2648 261 2675 rasse.
323 2632 531 2673 Ceterum
551 2630 738 2682 ξυνεῖναι
759 2637 801 2672 et
827 2631 926 2683 ξυν-

129 2694 257 2732 ουσία
301 2690 490 2731 refertur
560 2689 616 2729 ad
667 2689 929 2743 disciplinam

128 2756 172 2792 et
202 2748 527 2796 institutionem,
560 2751 606 2787 ut
628 2760 784 2800 saepe.
815 2747 929 2789 unde

128 2806 323 2860 discipuli
351 2809 396 2846 et
422 2804 640 2845 auditores
683 2818 813 2858 saepe
851 2817 928 2846 vo-

129 2870 277 2906 cantur
306 2878 347 2903 οι
374 2859 578 2914 ξυνόντες

185 2922 236 2962 Ρ.
273 2922 341 2965 20.
384 2915 518 2972 ἀνήρ
549 2917 660 2959 ἐστι
692 2916 928 2973 Πάριος]

130 2979 382 3031 intelligitur
431 2978 670 3027 Evoenus,
722 2977 930 3018 oriundus

130 3035 794 3087 Paroinsula.Harpoc1-at
830 3049 863 3074 s.
893 3035 930 3076 h.

207 3091 308 3134 Δύο
348 3089 695 3161 ἀναγράφουσιν
716 3088 929 3145 Εὖήνους

131 3107 327 3221 ἐλεγείων
396 3148 594 3203 ποιητάς,
672 3145 929 3201 ὁμωνύμους

134 3205 349 3263 αλλήλοις,
383 3206 580 3260 καθάπερ
610 3202 929 3261 Ἐρατοσθένης

133 3265 180 3307 έν
211 3269 270 3322 τῷ
313 3268 407 3321 περι
454 3266 810 3319 χρονογραφιῶν,
851 3263 925 3316 ἅμ-

135 3325 352 3378 φοτέρους
394 3324 528 3379 λέγων
575 3322 768 3377 Παριουε
805 3317 926 3365 εἶναι.

136 3383 422 3437 γνωρίζεσθαι
463 3381 509 3423 δέ
540 3395 645 3434 φησι
678 3378 752 3421 τὸν
784 3379 926 3422 νεώτε-

759 2471 954 2498 ovtoc·

1014 1666 1093 1723 ρον
1124 1650 1275 1701 μόνον.
1310 1651 1512 1705 μέμνηται
1550 1649 1596 1691 δὲ
1625 1646 1821 1703 θατέρου

1012 1706 1156 1750 αὐτῶν
1186 1711 1255 1751 καὶ
1289 1709 1480 1751 Πλαᾛτων
1522 1723 1562 1753 ν.
1596 1708 1820 1751 Phaedon.

1011 1782 1051 1821 p.
1083 1769 1153 1812 60.
1188 1769 1237 1812 D.
1271 1768 1454 1812 Phaedr.
1493 1780 1533 1820 p.
1560 1766 1658 1810 267.
1697 1769 1743 1806 A.
1767 1790 1819 1796 -

1012 1826 1178 1868 Deinde
1223 1827 1355 1867 verba
1399 1823 1462 1865 ὃν
1509 1822 1610 1879 ἐγώ
1651 1819 1821 1876 ᾐσθό-

1008 1898 1108 1938 μην
1148 1882 1530 1937 ἐπιδημοῦντα
1583 1884 1642 1922 sic
1693 1883 1821 1923 intel-

1010 1944 1139 1997 ligas:
1199 1956 1350 1995 quem
1402 1955 1502 1995 ego
1559 1953 1821 1994 praesen·

1009 2005 1117 2043 tem
1150 2001 1234 2042 hic
1265 2000 1472 2041 adesse
1505 2000 1821 2040 sentiebam.

1014 2058 1235 2111 Significat
1278 2072 1326 2098 se
1364 2070 1445 2098 non
1490 2058 1627 2109 ipsum
1660 2056 1824 2096 vidisse

1015 2117 1226 2158 Evenum.
1261 2115 1338 2155 sed
1370 2129 1394 2156 a
1427 2114 1560 2155 Callia
1600 2116 1821 2168 accepisse

1017 2187 1112 2213 eum
1160 2172 1333 2213 Athenis
1378 2173 1552 2214 versari.
1614 2173 1821 2213 Ceterum

1018 2229 1133 2270 ἐπεὶ
1165 2231 1249 2270 καὶ
1282 2243 1333 2269 ne
1376 2231 1413 2269 in
1453 2229 1594 2269 ἔπειτα
1625 2230 1693 2269 καὶ
1725 2242 1820 2270 mu·-

1017 2288 1191 2328 tandum
1213 2300 1408 2338 censeas,
1439 2287 1619 2340 Protag.
1653 2303 1692 2342 p.
1722 2287 1822 2331 334.

1014 2347 1064 2389 B.
1120 2344 1310 2398 sophista
1361 2345 1402 2385 in
1456 2358 1599 2386 rerum
1651 2347 1819 2386 utilium

1015 2403 1366 2445 enumeratione:
1408 2400 1498 2442 ἐπεὶ
1534 2404 1602 2443 καὶ
1634 2401 1681 2443 τὸ
1714 2403 1823 2443 ἔλαια

1015 2476 1122 2501 ον-
1148 2457 1462 2509 πολεμιώτατον
1504 2467 1594 2502 ταῖς
1634 2462 1717 2502 τῶν
1750 2459 1820 2502 ἅλ-

1013 2516 1231 2587 λωνζιόων
1241 2515 1350 2571 πλην
1369 2523 1459 2558 ταῖς
1473 2522 1550 2560 τοῦ
1562 2515 1614 2560 ἀπ
1617 2516 1825 2588 θρώπου.

1072 2573 1133 2619 Bc
1165 2574 1402 2617 τετέλεκε
1436 2578 1538 2632 πλ.]
1585 2577 1626 2621 h
1657 2593 1693 2620 e.
1737 2579 1825 2630 qui

1014 2638 1162 2678 inter
1230 2647 1441 2685 omncs,
1521 2638 1610 2689 qui
1688 2636 1824 2689 apud

1014 2707 1110 2735 nos
1172 2693 1489 2746 sapientiae
1566 2693 1825 2745 student,

1015 2751 1302 2805 plurimum
1388 2753 1664 2804 pecuniae
1741 2765 1824 2792 so-

1017 2809 1216 2862 phistis
1299 2810 1494 2851 solvit.
1586 2811 1822 2864 Perperam

1017 2869 1146 2920 vulgo
1176 2868 1403 2920 legebatur
1435 2866 1655 2918 τετελέκει,
1708 2867 1825 2919 quod

1017 2927 1252 2967 sententiae
1271 2927 1504 2968 rationibus
1527 2940 1702 2981 prorsus
1751 2927 1827 2967 ad-

1018 2989 1227 3026 versatur

1078 3039 1303 3095 Καλλίᾳ,
1356 3042 1425 3096 τῷ
1470 3037 1825 3096 Ἱππονικου]

1015 3098 1113 3139 Fuit
1144 3099 1215 3140 hic
1246 3098 1376 3139 homo
1410 3102 1540 3154 longe
1575 3100 1829 3147 ditissimus,

1014 3156 1072 3196 ita
1103 3161 1166 3206 ut,
1201 3161 1317 3198 teste
1359 3158 1650 3201 Plutarcho
1707 3157 1761 3198 Τ
1791 3157 1832 3198 Ι.

1014 3227 1054 3265 p·
1095 3213 1222 3266 165.,
1265 3217 1514 3270 simpliciter
1556 3214 1581 3257 ὁ
1624 3212 1833 3258 πλούσιος

1014 3277 1256 3313 vocaretur.
1319 3275 1551 3328 sophistas
1573 3276 1626 3316 ab
1657 3288 1708 3315 eo
1739 3286 1830 3314 ma-

1014 3341 1206 3383 gnopere
1238 3333 1530 3385 locupletatos
1566 3346 1663 3373 esse
1703 3330 1826 3371 multi

1016 3386 1096 3426 loci
1131 3391 1365 3442 testantur,
1410 3390 1541 3432 veluti
1590 3391 1821 3438 Protagor-
