2158 3718
273 149 343 200 34
422 197 429 204 ,
871 107 874 110 ’
909 143 1402 190 PROLEGOMENA

273 290 487 347 videtur,
523 289 851 355 Peloponnesi
893 288 1106 346 incolae,
1152 296 1342 347 narrat,
1390 288 1505 354 quid
1546 287 1772 337 Socrates
1814 300 2046 351 supremo

272 362 397 413 vitae
433 362 512 411 die
548 362 723 411 dixerit
758 367 903 425 atque
947 362 1116 425 egerit.
1169 359 1310 418 Quod
1345 375 1432 410 cur
1467 361 1531 409 ita
1569 359 1848 408 institutum
1874 357 1959 414 sit,
1995 357 2047 406 in

270 437 472 499 promtu
500 439 586 483 est.
640 433 831 482 Etenim
857 432 1072 497 primum
1099 431 1295 496 quidem
1322 445 1498 481 scaena
1526 429 1753 495 colloquii
1778 431 1870 478 isto
1900 427 2046 478 modo

273 504 477 554 Athenis
513 503 747 553 aliorsum
781 501 1015 552 translata
1062 501 1230 559 multa,
1269 516 1394 565 quae
1429 500 1568 550 aliter
1615 500 1820 549 fuissent
1855 498 2047 548 silentio

272 575 672 631 transmittenda,
703 573 1097 623 commodissime
1122 578 1390 638 potuerunt
1416 572 1659 637 copiosius
1686 570 1906 627 narrari,
1936 584 2048 619 cum

271 645 569 696 Echecrates
605 660 774 694 rerum
810 645 1081 693 Atticarum
1118 644 1375 708 imperitus
1400 644 1629 707 fingatur.
1682 642 1827 691 Cuius
1854 641 2049 705 generis

272 723 387 767 sunt
421 715 526 775 illa,
574 731 698 781 quae
744 721 1011 765 narrantur
1048 714 1108 764 de
1143 714 1394 764 Deliorum
1434 713 1739 771 celebritate,
1787 711 1847 761 de
1890 716 2049 760 morte

273 788 489 837 Socratis
512 802 603 852 per
631 787 829 849 triginta
856 786 959 835 dies
985 787 1371 852 procrastinata,
1401 784 1461 834 de
1489 783 1592 833 aliis
1618 783 1766 833 rebus
1792 781 2046 840 similibus

273 874 397 924 quae
425 863 559 908 certe
587 858 748 906 omnia
774 857 979 907 Athenis
1003 858 1055 905 in
1081 856 1253 919 vulgus
1279 855 1479 905 fuerunt
1504 860 1633 904 nota.
1681 853 1868 904 Deinde
1894 851 2046 901 dialo-

271 944 360 993 gus
388 930 531 978 etiam
557 934 821 994 propterea
848 927 1077 978 Phliunte
1102 927 1298 976 habitus
1324 927 1537 989 fingitur,
1570 924 1701 991 quod
1726 923 1863 974 Plato
1889 924 2048 973 statim

271 1014 298 1048 a
324 1001 568 1066 principio
602 999 717 1048 libri
752 998 912 1065 aliquo
947 999 1095 1048 modo
1132 997 1507 1062 significandum
1552 997 1741 1046 censuit
1775 995 2048 1045 doctrinam

269 1070 650 1121 immortalitatis
685 1071 861 1119 rationi
886 1070 1310 1135 Pythagoreorum
1347 1068 1610 1118 admodum
1650 1072 1907 1130 cognatam
1943 1080 2051 1114 esse

272 1147 319 1192 et
342 1142 522 1207 partim
546 1140 663 1190 inde
690 1141 900 1190 ductam.
952 1140 1182 1190 Phliunte
1210 1141 1339 1189 enim
1365 1139 1702 1204 Pythagoreos
1726 1139 1823 1186 iam
1848 1136 1962 1186 inde
1988 1135 2048 1185 ab

270 1217 429 1262 aetate
454 1211 786 1277 Pythagorae,
825 1213 906 1277 qui
948 1217 996 1261 et
1019 1213 1125 1276 ipse
1150 1211 1220 1260 ibi
1246 1210 1540 1275 aliquamdiu
1570 1213 1900 1258 commoratus
1927 1213 2046 1264 erat,

271 1283 438 1333 sedem
473 1298 529 1332 ac
566 1281 866 1332 domicilium
905 1297 1048 1332 suum
1082 1281 1314 1331 habuisse
1353 1286 1554 1331 constat.
1607 1282 1765 1345 Atque
1800 1279 1850 1328 id
1887 1279 2048 1343 ipsum

274 1360 408 1403 tanto
433 1352 704 1416 elegantius
725 1354 789 1403 ita
817 1358 889 1403 est
913 1355 1202 1410 institutum,
1230 1352 1359 1416 quod
1388 1351 1711 1416 philosophus
1736 1348 2050 1400 sermonibus

270 1425 472 1474 Athenis
498 1423 678 1473 habitis
703 1430 757 1473 ut
790 1425 1039 1488 principes
1066 1429 1287 1473 oratores
1320 1424 1557 1472 interesse
1587 1423 1727 1472 iussit
1753 1422 1898 1471 etiam
1925 1420 2048 1469 Sim-

269 1496 419 1544 miam
447 1501 495 1544 et
521 1494 780 1551 Cebetem,
820 1496 903 1560 qui
937 1510 1048 1545 cum
1077 1500 1239 1544 essent
1272 1493 1498 1558 discipuli
1525 1493 1740 1557 Socratis
1764 1491 2047 1548 fidelissimi,

269 1571 375 1615 tum
420 1565 603 1615 Thebis
649 1581 675 1615 a
722 1565 938 1630 Philolao
965 1566 1272 1631 Pythagoreo
1316 1565 1376 1614 ad
1419 1565 1672 1614 doctrinae
1717 1563 2047 1627 cognitionem

269 1636 494 1685 nonnihil
518 1637 847 1700 profecerant.
905 1637 1105 1686 Accedit
1130 1638 1363 1702 denique,
1403 1635 1531 1701 quod
1558 1636 1650 1684 isto
1677 1634 1824 1684 modo
1851 1634 2047 1699 non-in-

270 1707 529 1757 commode
564 1708 722 1771 potuit
759 1709 902 1757 etiam
929 1709 1217 1772 significari,
1258 1722 1471 1772 quonam
1496 1712 1722 1771 tempore
1746 1705 1944 1755 Phaedo
1969 1703 2047 1752 lit-

270 1779 388 1829 teris
423 1784 553 1828 esset
579 1783 827 1836 exaratUS,
866 1780 1263 1844 quandoquidem
1301 1794 1327 1827 e
1351 1779 1599 1827 mentione
1624 1776 2047 1843 Pythagoreorum

268 1848 521 1899 Platonem
559 1849 700 1899 facile
728 1851 973 1899 coniicere
999 1849 1136 1907 licet,
1175 1865 1271 1915 quo
1298 1848 1521 1914 tempore
1548 1849 1679 1898 hunc
1703 1847 1883 1897 librum
1913 1862 2046 1896 com·

268 1922 458 1984 posuit,
495 1921 592 1969 iam
630 1921 890 1971 arctiorem
928 1922 1173 1986 quandam
1211 1920 1440 1970 cumillis
1468 1921 1770 1970 contraxisse
1796 1917 2045 1968 familiari-

270 1997 419 2040 tatem
445 1998 645 2055 accep'ta
673 1993 818 2041 etiam
845 1993 1150 2041 accuratiore
1180 1992 1433 2041 doctrinae
1459 1992 1681 2056 ipsorum
1708 1992 1891 2040 notitia.

409 2062 670 2126 Pergimus
705 2063 766 2112 ad
803 2078 1090 2113 scaenam
1129 2062 1457 2128 colloquii,
1506 2062 1767 2112 Athenis
1813 2061 2045 2110 consti-

268 2138 479 2183 tutam.
534 2132 840 2183 Describitur
879 2149 995 2183 vero
1031 2134 1112 2183 hic
1149 2139 1260 2184 ante
1299 2134 1459 2182 omnia
1495 2134 1672 2182 mixtus
1709 2148 1767 2182 ex
1803 2132 1973 2181 dolore
2001 2137 2047 2181 et

269 2204 446 2268 gaudio
474 2218 661 2262 sensuS,
692 2220 788 2269 quo
816 2220 926 2254 cum
955 2219 1126 2254 omnes
1148 2210 1253 2254 tum
1279 2206 1382 2270 ipse
1410 2219 1603 2268 quoque
1619 2203 1817 2253 Phaedo
1838 2203 2046 2253 maxime

269 2275 431 2324 affecti
456 2275 641 2325 fuerint
666 2276 726 2324 ad
755 2276 1006 2326 Socratem
1034 2278 1350 2333 ventitanteS,
1390 2277 1570 2340 quippe
1597 2289 1741 2338 quem
1769 2273 1896 2324 ultra
1922 2275 2045 2322 vitae

267 2346 513 2395 humanae
539 2345 864 2396 humilitatem
892 2347 1069 2397 elatum
1109 2353 1354 2413 tamquam
1392 2349 1616 2409 augurati
1642 2347 1739 2396 sint
1764 2345 1958 2395 iamiam
1984 2344 2044 2394 ad

269 2417 519 2466 divinioris
560 2418 681 2466 vitae
715 2416 996 2469 beatitatem
1038 2433 1145 2468 esse
1189 2419 1549 2473 discessurun1;
1599 2417 1731 2482 quod
1772 2431 1918 2467 nemo
1955 2421 2043 2473 est,

269 2489 388 2552 quin
415 2489 592 2537 sentiat
616 2488 871 2553 praeclare
892 2505 1003 2539 cum
1029 2488 1289 2553 principali
1315 2488 1429 2536 libri
1455 2494 1748 2551 argumento
1771 2494 1818 2537 et
1839 2485 2043 2537 consilio

269 2560 549 2608 convenire.
600 2558 838 2608 Narratur
871 2575 1046 2624 porr0,
1087 2560 1285 2624 quinam
1313 2575 1371 2608 ex
1400 2560 1502 2608 eius
1529 2559 1694 2607 amicis
1721 2563 1768 2608 et
1793 2557 2042 2608 familiari-

267 2628 360 2677 bus
395 2630 708 2678 interfuerint
743 2630 926 2679 ultimis
964 2631 1066 2679 eius
1100 2629 1435 2686 sermonibus,
1483 2631 1608 2678 inter
1646 2645 1768 2694 quos
1803 2629 2044 2694 imprimis

267 2699 613 2749 memorabiles
640 2704 754 2748 sunt
781 2700 1007 2750 Simmias
1034 2706 1081 2749 et
1108 2700 1262 2750 Cebes
1289 2700 1527 2749 Thebani.
1599 2700 1658 2748 Hi
1694 2701 1963 2749 intromissi
1991 2701 2042 2748 in

269 2784 522 2819 carcerem
582 2771 836 2820 Socratem
880 2771 1191 2820 offenderunt
1245 2771 1391 2820 modo
1443 2768 1646 2819 vinculis
1689 2770 1949 2820 liberatum
1998 2777 2045 2820 et

267 2839 580 2903 Xanthippen
624 2856 829 2890 uxorem
877 2856 972 2890 una
1018 2858 1127 2891 cum
1178 2841 1326 2891 filiolo
1367 2842 1499 2891 iuxta
1533 2842 1693 2905 ipsum
1731 2843 2041 2893 assidentem.

269 2909 375 2967 Qua
401 2910 596 2975 quidem
625 2912 906 2969 amandata,
936 2928 997 2962 ne
1024 2912 1210 2963 scilicet
1243 2914 1359 2963 iletu
1387 2918 1433 2962 et
1460 2912 1640 2963 eiulatu
1668 2914 1771 2963 eius
1798 2914 2041 2963 sanctissi-

267 2996 402 3030 mum
437 2981 530 3030 hoc
556 2982 797 3031 moriendi
837 2992 1027 3048 tempus
1067 2990 1313 3048 tamquam
1341 2983 1540 3034 vocibus
1566 2983 1692 3034 male
1719 2986 1945 3034 ominatis
1970 2987 2042 3036 in·

267 3051 596 3110 terturbetur,
636 3054 867 3102 continuo
903 3056 1135 3104 transitus
1170 3057 1222 3104 iit
1259 3055 1317 3104 ad
1356 3056 1459 3104 eius
1498 3057 1594 3112 rei,
1634 3071 1757 3121 quae
1788 3062 1888 3105 toto
1915 3056 2042 3106 libro

267 3125 576 3187 potissimum
613 3125 794 3188 agitur,
833 3127 969 3189 quasi
1003 3128 1445 3190 praeparationem.
1500 3127 1727 3177 Socrates
1763 3129 1891 3176 enim
1928 3143 2043 3178 crus

267 3194 413 3243 modo
440 3193 643 3244 vinculis
679 3194 891 3244 solutum
931 3212 1078 3246 manu
1103 3198 1379 3262 perfricans
1423 3199 1543 3247 scite
1581 3198 1918 3247 animadvertit
1952 3200 2041 3247 mi-

266 3264 488 3314 rabiliter
515 3266 584 3315 sic
611 3280 716 3316 esse
744 3282 769 3315 a
796 3272 969 3315 natura
995 3269 1267 3317 institutum
1287 3309 1298 3326 ,
1327 3274 1381 3317 ut
1407 3268 1546 3318 dolor
1573 3276 1619 3319 et
1644 3267 1887 3332 voluptaS,
1926 3270 2037 3334 quia

269 3335 412 3384 simul
450 3335 720 3402 eodemque
754 3343 976 3402 tempore
1010 3355 1208 3389 movere
1246 3339 1469 3389 homines
1504 3354 1603 3388 non
1630 3340 1842 3405 possint,
1879 3347 2040 3389 tamen

271 3404 417 3455 veluti
444 3410 674 3456 extremis
700 3409 962 3459 verticibus
989 3412 1089 3458 suis
1117 3409 1329 3475 copulati
1356 3412 1450 3460 sint
1477 3410 1794 3476 doloremque
1819 3410 2041 3475 voluptas

269 3491 324 3528 ae
352 3476 895 3543 voluptatem-vicissim
933 3479 1074 3530 dolor
1110 3487 1358 3547 sequatur.
1412 3482 1518 3539 Quo
1545 3482 1741 3548 quidem
1777 3481 1904 3532 dicto
1933 3483 2040 3550 quis
