2222 3762
234 186 631 242 PLATONIS
671 160 1159 240 APoLofflAM
1199 184 1599 240 sooizA'ris.
1694 185 1758 235 37

75 329 335 401 losophus
368 329 426 382 in
459 327 747 382 scribendo
771 327 875 380 hoc
896 327 1034 381 libro
1065 328 1200 381 nihil
1225 327 1373 380 aliud
1399 329 1471 380 sit
1497 334 1762 397 sequutus

77 418 241 472 quam
278 399 427 470 quod
456 409 620 471 supra
656 398 1028 452 indicavimus.
1088 399 1282 452 Voluit
1304 399 1446 451 enim
1484 398 1762 453 Socratem

75 490 279 543 ponere
309 479 433 524 ante
460 470 667 539 oculos,
693 470 867 540 qualis
897 489 1085 523 revera
1108 471 1328 534 fuisset3
1362 489 1522 540 quem
1548 468 1766 539 quidem

79 542 228 612 quod
264 542 321 594 in
356 541 592 594 medium
628 540 888 611 produxit
925 561 1174 595 caussam
1221 561 1373 595 suam
1411 560 1592 594 coram
1625 538 1767 592 iudi-

78 614 234 667 cibus
270 621 540 682 orantem,
580 632 689 665 una
725 612 1021 682 eademque
1055 632 1220 684 opera
1256 613 1415 665 etiam
1454 611 1510 664 id
1550 610 1768 665 efficere

78 694 306 738 conatus
365 692 477 751 est,
545 691 604 736 ut
650 685 852 737 notatis
900 686 1059 736 simul
1106 685 1301 737 aetatis
1359 684 1537 751 vitiis,
1608 701 1769 752 quam

77 757 264 825 iniquo
313 755 515 809 iudicio
574 756 657 808 vir
703 763 814 807 tam
862 774 1123 827 magnus,
1184 763 1295 808 tam
1347 756 1594 826 sapiens,
1660 761 1771 805 tam

78 828 295 898 publice
342 827 706 908 privatimque
755 827 934 893 utilis,
988 827 1057 880 de
1095 826 1274 880 medio
1312 835 1455 881 esset
1503 826 1769 891 sublatUS,

81 904 262 969 quam'
291 898 585 952 clarlssime
633 905 950 970 appareret,
1002 899 1356 968 magistrique
1404 897 1666 950 memoria
1703 895 1773 948 ad

79 969 293 1024 omnem
330 970 704 1041 posteritatem
742 976 1060 1022 consecrata
1094 969 1403 1022 haberetur.

222 1070 309 1122 Ac
365 1068 547 1139 potuit
594 1086 723 1121 sane
771 1068 930 1120 Plato
981 1067 1086 1121 hoc
1153 1067 1427 1122 scribendi
1489 1067 1776 1120 eonsilium

80 1147 234 1194 tanto
286 1140 488 1193 rectius
537 1138 624 1190 vel
677 1139 953 1210 suscipere
988 1139 1074 1192 vel
1109 1138 1364 1208 exsequi,
1416 1137 1563 1207 quod
1613 1137 1778 1190 etiam

83 1211 447 1266 Athenienses
484 1208 733 1277 videbat,
771 1217 1083 1281 perpetrato
1121 1209 1390 1278 facinore,
1441 1208 1779 1278 poenitentia

82 1283 162 1337 rei
197 1282 542 1336 tristissimae
590 1287 767 1335 tactos
814 1301 934 1335 esse
988 1281 1328 1353 gravissime.
1399 1281 1598 1351 Neque
1636 1280 1779 1332 enim

84 1353 151 1408 de
186 1353 353 1406 nihilo
390 1353 672 1420 haustum,
729 1352 878 1422 quod
925 1354 1216 1424 scriptores
1254 1373 1366 1406 non
1403 1348 1781 1405 contemnendi

83 1431 325 1493 narrant,
366 1423 729 1477 Athenienses
753 1431 880 1493 post
907 1424 1067 1478 triste
1113 1423 1356 1479 Socratis
1387 1424 1557 1476 fatum
1596 1421 1780 1476 deere-

87 1505 202 1553 tum
237 1495 620 1568 publicavisse,
661 1515 768 1565 quo
806 1494 1156 1548 interdictum
1193 1495 1374 1564 fuerit,
1414 1513 1483 1548 ne
1522 1493 1644 1564 quis
1681 1513 1781 1565 pu—

84 1568 227 1622 blice
263 1567 352 1620 vel
387 1567 444 1626 in
477 1566 691 1620 theatro
733 1567 1058 1620 mentionem
1098 1566 1243 1619 illius
1278 1567 1511 1634 faceret,
1562 1584 1626 1618 eo
1677 1565 1783 1618 sci-

85 1639 215 1693 licet
255 1638 502 1707 consilio,
543 1646 603 1690 ut
637 1638 1002 1710 indignissimi
1024 1638 1280 1691 facinoris
1319 1636 1576 1691 memoria
1612 1655 1784 1705 quan-

87 1718 205 1764 tum
239 1709 359 1763 fieri
432 1716 580 1762 osset
617 1709 937 1764 aboleretur.
1011 1710 1208 1778 Neque
1244 1708 1353 1763 fide
1404 1720 1580 1775 caret,
1637 1705 1785 1777 quod

89 1781 255 1853 iidem
301 1730 674 1846 tragiderunt,
729 1782 932 1834 amicos
971 1780 1252 1849 Socratis,
1321 1780 1445 1851 qui,
1508 1778 1784 1833 saeviente

89 1853 429 1908 inimicorum
468 1851 594 1905 odio
646 1861 700 1904 et
737 1852 968 1921 invidia,
1021 1853 1155 1906 urbe
1194 1852 1555 1906 excessissent
1601 1857 1655 1903 et
1690 1869 1786 1920 pa-

90 1925 195 1978 tria
242 1924 431 1977 relicta
479 1923 536 1976 in
585 1923 716 1977 alias
767 1931 939 1977 terras
993 1924 1402 1996 confugissent,
1450 1923 1507 1976 in
1555 1922 1787 1992 patriam

92 2015 213 2050 esse
245 2002 529 2049 revocatos
564 1995 750 2064 'ibique
787 2003 898 2048 tam
937 1995 1202 2049 benevole
1240 2003 1530 2064 exceptOS,
1581 1999 1642 2046 ut
1678 2011 1788 2045 me-

91 2081 187 2135 tus,
219 2073 275 2120 et
314 2066 541 2139 periculi
581 2067 843 2120 immunes
875 2067 1032 2137 plane
1073 2067 1182 2118 iam
1215 2068 1508 2119 securitate
1543 2066 1787 2117 frueren-

92 2147 183 2191 tur
218 2138 288 2207 *).
362 2137 618 2206 Denique
660 2138 822 2190 etiam
862 2156 1001 2205 quae
1027 2157 1058 2189 a
1086 2136 1334 2190 Diodoro
1374 2135 1581 2203 Siculo,
1620 2135 1790 2187 Laer-

94 2210 204 2277 tio,
245 2207 573 2276 PlutarchO,
629 2208 777 2276 aliis,
832 2209 898 2261 de
952 2208 1364 2261 accusatoribus
1412 2206 1657 2262 Socratis
1703 2204 1791 2258 vel

96 2280 275 2350 capite
313 2277 579 2332 damnatis
616 2279 706 2331 vel
749 2280 886 2333 male
925 2278 1127 2332 habitis
1167 2286 1221 2332 ct
1256 2278 1555 2331 interfectis
1592 2296 1792 2329 memo-

97 2352 208 2404 riae
246 2349 446 2404 tradita
483 2358 608 2404 sunt
645 2350 756 2419 **),
797 2351 874 2403 ita
909 2349 1165 2403 videntur
1203 2357 1519 2419 comparata
1556 2367 1693 2415 esse,
1734 2355 1795 2399 ut

99 2442 261 2494 aegre
313 2421 529 2492 possint
577 2421 633 2475 in
683 2421 1077 2474 dubitationem
1133 2421 1333 2474 vocari.
1418 2421 1616 2489 Neque
1664 2438 1792 2471 vero

99 2505 295 2548 causae
332 2493 489 2546 istius
529 2493 913 2563 poenitentiae,
953 2511 1092 2562 quae
1129 2493 1328 2545 civium
1365 2492 1588 2558 animos,
1622 2489 1795 2543 turbis

102 2563 351 2619 civilibus
389 2563 680 2633 aliquando
721 2563 1069 2635 compositis,
1107 2564 1307 2626 subiit,
1344 2563 1455 2616 ullo
1494 2561 1658 2615 modo
1700 2561 1796 2614 ob-

102 2655 291 2690 scurae
341 2644 484 2688 sunt.
571 2635 714 2688 Nam
764 2635 996 2706 primum
1047 2634 1265 2704 quidem
1303 2633 1799 2688 animadverterunt

103 2707 499 2774 AthenienseS,
553 2726 672 2760 sese
723 2726 785 2760 eo
828 2708 1058 2759 maxime
1109 2707 1175 2760 ab
1215 2705 1654 2773 accusatoribus,
1706 2704 1799 2773 qui

102 2779 316 2850 privato
379 2779 564 2848 potius
614 2777 739 2831 odio
798 2798 958 2848 quam
1005 2795 1229 2849 propter
1289 2777 1540 2848 publicae
1606 2775 1798 2830 salut-is

108 2849 347 2904 studium
398 2868 582 2902 senem
638 2849 936 2921 sapientem
977 2850 1412 2911 accusavissent,
1459 2848 1515 2900 in
1565 2866 1800 2900 errorem

106 2921 274 2976 fuisse
311 2927 645 2992 pertractOS,
687 2919 836 2990 quod
874 2921 965 2975 isti
1002 2920 1345 2975 callidissime
1382 2919 1439 2972 id
1477 2932 1692 2990 tempus
1731 2917 1801 2970 ad

107 2991 474 3046 accusandum
513 2991 879 3064 delegissent,
919 3012 1026 3062 quo
1064 2992 1320 3047 facillime
1358 2991 1521 3045 animi
1558 2990 1615 3043 in
1651 3009 1802 3043 reum

199 3235 247 3285 Ἴ
282 3248 320 3278 ν.
357 3232 620 3275 ssrueker.
655 3230 769 3270 Hist.
805 3230 963 3271 Pinnos.
1003 3230 1098 3272 Vol.
1133 3231 1161 3272 Ι.
1198 3231 1317 3274 Part.
1349 3231 1410 3271 ΙΙ.
1443 3230 1560 3272 Libr.
1601 3231 1650 3273 11.
1692 3229 1800 3282 Cap.

287 3293 336 3335 ll.
372 3291 409 3344 ξ.
445 3290 519 3332 ΧΙ.
555 3289 623 3332 ed.
663 3288 778 3340 Lips.
813 3289 940 3334 1742.
973 3290 1014 3334 4,

186 3350 249 3402 **)
282 3364 321 3390 ν.
365 3352 653 3390 commentar.
698 3343 750 3384 ad
783 3358 822 3398 p.
852 3349 920 3392 23.
954 3352 997 3389 et
1027 3344 1096 3389 24.
1136 3352 1179 3386 et
1218 3345 1416 3387 Luzac.
1461 3345 1581 3386 Orat.
1621 3343 1674 3386 de
1719 3345 1800 3384 So—

284 3412 400 3448 crate
431 3405 549 3446 Cive.
583 3417 623 3456 p,
655 3402 702 3445 41
743 3416 835 3457 sqq.
874 3411 915 3447 et
948 3420 986 3458 p.
1020 3405 1094 3447 131
1135 3415 1228 3455 sqq.
