2158 3718
403 161 515 212 228

403 303 445 344 Ο
455 314 476 343 r
485 316 510 356 p
523 302 546 344 h
558 317 582 345 e
593 317 622 345 u
634 317 655 345 s
704 303 883 359 ignavus
933 314 1103 353 amator
1154 313 1200 354 S.

437 360 559 411 179.
590 360 640 402 D.

402 417 645 472 Orphica
677 419 729 464 P.
763 419 831 464 69.
866 422 916 465 G.
948 423 1001 465 D.

402 475 719 530 Oxymoron
752 480 805 522 A.
835 479 909 524 24.
950 481 1001 523 Β.

763 621 828 682 P.

399 743 733 800 Paedagogi
765 748 812 788 S.
851 748 946 796 183.
984 753 1032 796 C,

398 803 730 846 Palamedes
762 808 810 849 A.
843 806 913 851 41.
947 811 997 850 A.

400 859 635 901 Paralus
667 863 717 902 A.
749 863 820 907 33.
854 865 904 907 Ε.

397 916 778 962 Parenthesis
815 924 1196 982 saepiuslrepetita

453 975 501 1016 S.
529 973 630 1018 202.
663 978 714 1019 A.

397 1032 749 1076 Parmenidis
779 1038 978 1083 versiculi
1017 1043 1067 1085 S.
1100 1044 1195 1089 178.

454 1089 505 1130 Β.
541 1090 636 1135 195.
673 1092 722 1134 C.

395 1147 806 1202 Participium=
848 1167 1002 1198 eorum
1042 1170 1195 1200 cumu-

451 1205 552 1246 latio
585 1207 639 1247 A.
657 1206 730 1251 27.
765 1211 815 1254 A.
835 1211 905 1255 31.
939 1216 988 1258 A.
1020 1215 1069 1257 S.
1102 1216 1191 1260 181.

355 1262 365 1272 '
450 1262 502 1303 D.
536 1263 590 1306 P.
611 1263 680 1308 70.
714 1268 764 1310 A.
800 1269 848 1310 C.
873 1270 941 1314 50.
978 1274 1027 1312 A.
1062 1275 1115 1315 al.
1140 1297 1193 1306 —-

399 1343 401 1345 ·
449 1321 642 1373 genitivo
681 1322 826 1367 iuncta
870 1330 1086 1371 nominum
1129 1332 1193 1372 in-

447 1383 538 1419 star
576 1384 627 1422 A.
655 1381 726 1425 34.
759 1382 810 1423 B.
852 1391 952 1438 post
997 1385 1072 1427 δ’τι
1099 1389 1192 1429 illa-

447 1441 540 1478 tum
589 1439 640 1478 A.
690 1438 763 1482 37.
808 1441 857 1482 Β.
911 1449 1013 1497 post
1061 1448 1192 1488 τοῦδε

445 1492 561 1533 ἕνεκα
600 1495 653 1536 Ρ.
698 1496 793 1542 102.
835 1499 890 1542 D.
936 1515 1191 1556 praegresso

444 1546 586 1598 οὕτως
634 1551 885 1598 illustrando
924 1558 1099 1600 inservit
1139 1563 1189 1601 P.

444 1608 517 1653 59.
557 1614 607 1652 A.
663 1611 704 1652 in
750 1612 1005 1668 interrogat.
1046 1615 1193 1659 πόθεν

446 1664 659 1718 λαβόντες
689 1672 734 1709 et
764 1669 858 1711 sim.
897 1679 1105 1726 usurpata
1137 1677 1190 1718 P.

443 1722 512 1765 74.
537 1723 588 1766 Β.
620 1730 721 1778 post
752 1726 779 1778 ἤ
810 1729 907 1770 loco
939 1731 1056 1772 verbi
1087 1733 1189 1775 finiti

443 1781 494 1821 A.
538 1779 608 1824 28.
657 1782 710 1825 D.
761 1798 840 1838 pro
888 1787 1021 1829 verbo
1069 1791 1190 1833 finito

439 1850 522 1938 33‘
550 1841 1188 1959 ffiss‘ssffssiss‘ssssopssssssff'sspffi

439 1954 580 1999 ἔδοξεν
617 1955 716 2010 ἐμοί
755 1961 805 2000 Α.
844 1958 914 2002 21.
955 1960 1004 2002 C.
1049 1965 1188 2005 nomi-

439 2017 524 2052 nat.
574 2025 655 2064 per
704 2017 1017 2060 anacoluthiam
1069 2022 1185 2074 posi-

438 2075 530 2110 tum
570 2069 621 2110 Ρ.
664 2071 732 2115 81.
767 2072 817 2116 Β.
864 2075 903 2115 in
940 2080 1185 2120 accusativo

438 2131 540 2179 post
579 2125 773 2171 dativum
821 2133 1002 2174 nominis
1051 2138 1185 2178 collo-

437 2189 580 2225 catum
613 2185 662 2226 C.
697 2187 766 2230 51.
805 2187 856 2230 D.
889 2191 943 2231 al.
977 2205 1180 2244 praesen-

436 2242 491 2282 tis
543 2247 645 2295 post
693 2245 824 2287 verba
883 2249 1079 2292 veniendi
1128 2252 1182 2294 P.

376 2357 688 2399 Pausanias
719 2360 767 2402 S.
799 2360 896 2405 176.
931 2363 986 2404 Α.
1009 2362 1106 2410 1803
1128 2367 1179 2407 Β.

376 2413 685 2469 Pedisequi
718 2418 768 2460 Ρ.
802 2417 872 2466 60.
904 2422 954 2461 A.

373 2472 699 2527 Penelopes
729 2478 819 2518 tela
851 2478 902 2518 P.
935 2477 1093 2523 84JA.

372 2531 629 2573 Periuria
685 2535 987 2577 amantium
1036 2553 1060 2579 a
1101 2539 1183 2581 diis

428 2601 513 2629 non
544 2589 690 2642 punita
721 2591 768 2632 S.
810 2593 906 2636 183.
942 2593 993 2634 Β.

368 2644 646 2690 Persona:
680 2648 814 2700 prima
852 2656 896 2691 et
927 2654 1051 2694 tertia
1084 2655 1179 2695 iun-

426 2707 496 2743 cta
520 2703 570 2760 P:
591 2703 661 2748 98.
681 2706 730 2746 C.
759 2708 886 2748 tertia
911 2708 951 2748 in
974 2709 1100 2750 ἄπιοι
1111 2713 1180 2750 ίαν

425 2763 662 2812 παρέχεται
680 2763 782 2802 etin
807 2764 899 2804 sim.
930 2764 1063 2808 69.E.
1090 2772 1177 2807 ter-

426 2817 483 2855 tia
519 2815 734 2857 indefinito
766 2821 964 2860 subiecto
1005 2823 1175 2864 intelle-

426 2878 496 2914 cto
539 2874 586 2913 A.
633 2873 704 2917 29.
754 2875 806 2916 Α.
852 2876 903 2916 Ρ.
938 2877 1004 2920 93.
1047 2882 1095 2919 A.
1130 2880 1177 2920 S.

431 2929 525 2973 187.
561 2930 610 2970 Ε.
643 2932 831 2972 secunda
864 2935 982 2985 verbi
1017 2937 1174 2988 passivi

420 2989 460 3028 in
497 2988 543 3028 ἔῖ
574 2988 804 3031 terminata
837 2991 883 3033 S.
920 2992 1014 3035 172.
1046 2994 1092 3034 C.
1130 3003 1174 3036 et

426 3058 522 3100 174.
548 3059 599 3100 D.
635 3059 774 3102 dualis
803 3063 995 3104 secunda
1026 3066 1064 3105 in
1097 3056 1172 3120 τηί)

423 3116 653 3160 terminata
684 3119 730 3159 S.
770 3118 863 3163 189.
898 3119 946 3161 C.

367 3174 559 3214 pastis
608 3176 727 3217 initio
777 3176 873 3219 bem
928 3178 1167 3235 Peloponn.
1211 3205 1214 3246 ἶ
1259 3238 1564 3281 Praesens·
1599 3240 1804 3294 participii
1829 3253 1926 3282 cum
1957 3255 2059 3282 ver-

420 3231 465 3270 S.
497 3231 594 3275 201.
634 3233 687 3277 D.

363 3287 588 3330 Phaedo
622 3291 671 3330 P.
705 3290 777 3334 57.
810 3287 859 3333 A.

363 3343 588 3387 Phaedo
620 3347 816 3402 dialogus
848 3354 950 3403 post
981 3349 1162 3394 Parme-
1208 3350 1211 3404 l

419 3403 563 3448 uidem
595 3405 779 3461 scriptus
811 3407 862 3450 P.
898 3405 990 3455 100.
1025 3408 1073 3453 Ι).

988 169 1025 219 v1
1098 169 1260 220 Nl)
1335 172 1496 225 va

1294 312 1662 378 Phaeodondes
1693 317 1745 361 P.
1778 319 1848 366 59.
1879 322 1927 366 C.

1293 370 1579 414 Phaedrus
1610 375 1656 417 S.
1695 375 1789 421 176.
1823 379 1876 421 B.

1292 427 1582 472 Philolaus
1613 432 1665 474 P.
1701 433 1770 477 61.
1800 435 1854 480 D.

1292 484 1602 530 Philomela
1638 490 1685 531 P.
1719 492 1789 536 85.
1820 496 1870 536 Α.

1290 540 1656 598 Philosophia
1687 555 1754 591 est
1780 555 1966 596 maxima
1990 569 2086 598 mu-

1347 600 1437 642 sica
1479 601 1530 643 P.
1567 602 1636 646 61.
1670 609 1718 648 A.
1758 614 1826 651 est
1865 612 2090 658 meditatio

1346 659 1499 699 mortis
1528 660 1578 701 P.
1611 661 1679 706 64.
1717 666 1771 707 A.
1812 681 1910 710 cum
1942 683 2091 715 amore

1346 721 1528 768 cognata
1580 717 1772 776 Prolegg
1832 725 1887 766 ad
1936 728 2085 783 Symp.

1260 799 1261 803 η
1343 775 1475 827 vulgo
1523 778 1689 820 temere
1734 782 1996 835 ‚reprehensa
2037 789 2090 829 A.

1284 887 1656 933 Phliasiorum
1713 905 1812 936 cum
1870 895 2090 955 Pythago·
2139 934 2141 939 ,

1341 945 1428 986 reis
1460 949 1747 992 necessitudo
1770 951 1823 994 Ρ.
1853 953 1924 999 57.
1959 958 2011 1000 A.

1285 1001 1570 1045 Pindarus
1601 1018 1715 1061 resp.
1745 1009 1792 1054 S.
1821 1009 1922 1056 216.
1952 1012 2003 1057 Ε.

1282 1059 1451 1102 Plato
1511 1062 1683 1106 Socrati
1743 1069 1945 1111 morienti
2001 1084 2085 1114 non

1340 1117 1468 1160 affuit
1496 1119 1550 1161 P.
1585 1121 1655 1165 59.
1686 1122 1740 1165 Β.

1281 1173 1678 1221 Pleonasmus:
1711 1179 1877 1234 ταύτης
1895 1182 2000 1231 δόξα
2023 1188 2087 1234 τίς

1339 1232 1513 1284 αἰσχίων
1561 1233 1587 1286 ἢ
1638 1236 1780 1278 δοκεῖν
1829 1241 1880 1282 C.
1920 1241 1991 1284 44.
2034 1245 2084 1289 C.

1339 1289 1458 1330 δοκεῖ
1502 1288 1606 1344 post
1658 1296 1859 1347 φαίνεται
1909 1304 1954 1340 et
1989 1301 2084 1342 sim.

1339 1346 1390 1388 P.
1425 1346 1492 1393 60.
1526 1350 1575 1391 C.
1620 1350 1692 1391 ubi
1723 1357 1827 1404 post
1858 1356 2082 1399 relativum

1341 1406 1533 1458 sequitur
1574 1407 1830 1459 explicativa
1875 1416 2086 1456 sententia

1340 1461 1392 1502 P.
1430 1462 1502 1505 84.
1531 1462 1584 1503 D.

1283 1517 1555 1561 pluralis:
1601 1527 1702 1574 post
1742 1526 1782 1564 εἴ
1812 1542 1877 1571 τις
1907 1527 1954 1570 S.
1988 1529 2085 1573 183.

1338 1577 1388 1618 Α.
1442 1577 1495 1618 Ρ.
1553 1578 1647 1622 109.
1694 1579 1747 1624 D.
1800 1582 1992 1626 θάνατοι
2041 1594 2084 1630 ct

1336 1633 1429 1675 sim.
1478 1634 1526 1677 C.
1568 1635 1640 1680 46.
1680 1639 1733 1680 C.
1783 1645 2082 1694 pronominum

1338 1689 1392 1732 de
1430 1704 1512 1732 una
1559 1705 1606 1736 re
1638 1699 1687 1736 A.
1725 1695 1790 1741 19.
1826 1697 1876 1739 D.
1922 1701 1976 1742 P.
2009 1701 2078 1746 70.

1334 1747 1390 1789 D.
1423 1753 1565 1789 ταῦτα
1607 1765 1685 1804 pro
1726 1754 1931 1810 singulari
1963 1761 2082 1814 posi-

1334 1810 1403 1846 tus
1434 1806 1484 1850 P.
1516 1806 1583 1851 62.
1617 1809 1670 1850 D.

1276 1862 1926 1919 plusquamperfectum:
1968 1873 2081 1915 Atti-

1332 1934 1381 1961 ca
1423 1922 1512 1962 eius
1552 1922 1690 1966 forma
1738 1930 1790 1968 A.
1825 1927 1898 1972 31.
1936 1929 1993 1970 D.
2025 1934 2075 1972 A.

1331 1976 1400 2021 22.
1432 1978 1484 2020 D.
1517 1980 1564 2025 S.
1601 1981 1694 2027 198.
1727 1983 1776 2027 C.

1275 2036 1572 2079 Poetarum
1617 2040 1795 2083 scientia
1826 2047 1997 2089 taxatur
2027 2047 2078 2087 A.

1330 2092 1399 2136 22.
1438 2094 1487 2136 Β.
1523 2095 1572 2137 C.

1275 2149 1458 2193 Porus
1490 2152 1535 2193 S.
1569 2152 1669 2198 203.
1703 2159 1738 2196 A
1773 2167 1867 2209 sqq.

1274 2205 1578 2252 Possessiv
1594 2226 1617 2253 a
1649 2213 1748 2254 loco
1782 2213 1956 2267 genitivi
1975 2227 2078 2268 pro-

1330 2267 1513 2308 nominis
1555 2271 1794 2323 personalis
1834 2273 1982 2325 posita
2023 2279 2073 2314 A.

1272 2381 1670 2426 Praedicatum
1722 2385 1948 2438 singularis
1986 2399 2074 2428 nu-

1327 2440 1435 2481 meri
1466 2445 1568 2494 post
1597 2443 1805 2496 pluralem
1839 2442 1996 2489 S-178·
2019 2447 2071 2487 A.

1269 2496 1628 2541 praefiscine
1658 2499 1709 2542 P.
1741 2500 1814 2545 95.
1847 2498 1900 2541 Β.
2042 2548 2045 2553 ,

1268 2553 1656 2608 Praepositio=
1699 2557 1977 2612 insformulis
2017 2574 2072 2602 ex

1325 2613 1504 2653 articulo
1537 2615 1792 2668 compositis
1829 2616 1961 2656 verbo
1996 2631 2069 2656 ac—

1325 2670 1602 2711 commodata
1637 2672 1690 2712 P.
1722 2672 1793 2714 75.
1826 2672 1877 2712 Β.
1910 2672 1960 2713 Ρ.
1997 2674 2066 2716 76.

1321 2726 1373 2766 D.
1429 2726 1476 2766 S.
1523 2726 1621 2770 202.
1664 2726 1711 2767 Ε.
1778 2741 1830 2768 ex
1890 2729 2068 2770 alterins

1321 2794 1515 2823 sermone
1556 2782 1749 2824 iteranda
1790 2783 1838 2823 S.
1876 2783 1974 2829 202.
2012 2787 2063 2828 Β.

1321 2843 1419 2890 post
1451 2838 1494 2877 τί
1522 2839 1590 2891 δέ,
1626 2852 1678 2880 ex
1710 2839 2065 2884 antecedentibus

1316 2895 1552 2948 repetenda
1583 2897 1637 2938 P.
1675 2896 1744 2939 64.
1775 2898 1827 2938 D.
1861 2903 1961 2940 ante
1993 2912 2064 2941 re-

1320 2952 1443 2993 lativa
1493 2966 1576 2994 non
1612 2954 1764 2996 iterata
1807 2957 1856 2994 A.
1898 2955 1970 2999 27.
2007 2958 2059 2998 D.

1320 3008 1370 3052 P.
1404 3007 1473 3051 76.
1508 3011 1559 3052 Ι).
1604 3012 1643 3051 ἰιι
1684 3012 1956 3066 appositione
1997 3014 2063 3056 in-

1317 3067 1459 3108 finitivi
1507 3068 1660 3110 iterata
1713 3071 1763 3111 A.
1811 3068 1879 3112 35.
1922 3071 1972 3112 C.
2021 3072 2062 3113 in

1318 3127 1639 3177 comparatione
1702 3126 1834 3167 modo
1899 3129 2060 3170 omissa

1318 3182 1448 3223 modo
1482 3183 1664 3236 repetita
1698 3184 1745 3224 P.
1778 3182 1846 3226 67.
1880 3183 1932 3227 D.

1317 3297 1381 3337 bis
1421 3297 1612 3338 veniendi
1650 3298 1834 3338 iunctum
1880 3298 1929 3340 P.
1962 3299 2058 3343 116.

1312 3355 1361 3395 C.
1407 3355 1591 3395 infinitivi
1646 3360 1745 3407 post
1782 3356 1911 3396 verba
1955 3369 2058 3410 spe-

1309 3411 1428 3454 randi
1461 3413 1510 3456 P.
1545 3412 1612 3456 67.
1641 3411 1689 3455 Ε.
1720 3415 1764 3456 et
1794 3413 1981 3456 aoristus
2012 3415 2054 3456 in
