2158 3718
406 156 475 204 82
1017 149 1425 206 PLATole

409 305 657 377 φοτέρων
695 269 915 372 μετέχει.
956 302 1222 375 περιφερῆ
1265 302 1323 355 δὲ
1366 297 1433 368 δὴ
1482 292 1553 368 ἦν
1593 322 1686 356 και
1726 296 1874 354 αὐτοὶ
1914 301 2006 355 καὶ
2050 296 2084 366 ἡ

410 388 610 458 πορεία
652 383 840 440 αὐτῶν
896 380 988 440 διὰ
1045 380 1108 439 τὸ
1154 391 1272 448 τοῖς
1312 387 1564 454 γονεῦσιν
1607 380 1778 455 ὅμοιοι
1815 381 1972 440 εἶναι.
2015 374 2087 450 ἦν

412 489 513 526 ουν
559 465 661 537 τὴν
702 465 856 539 ἰσχὺν
902 465 1052 524 δεινὰ
1098 469 1190 523 καὶ
1235 464 1333 535 τὴν
1378 465 1583 542 ῥώμην,
1626 470 1719 523 καὶ
1762 463 1830 522 τὰ
1875 463 2088 544 φρονή-

410 575 565 625 ματα
607 550 821 625 μεγάλα
867 550 1041 623 εἶχον,
1084 555 1433 623 ἐπεχείρησαν
1478 556 1535 608 δὲ
1581 560 1699 617 τοῖς
1741 554 1937 624 θεοῖς,
1994 554 2089 606 καὶ

413 635 444 694 ὃ
489 634 627 706 λέγει
653 634 892 708 Ὅμηρος
932 640 1054 709 περὶ
1111 634 1408 713 Ἐφιάλτου
1458 658 1515 692 τε
1576 640 1667 693 καὶ
1696 632 1909 702 ’‘stt-ov,
1965 638 2090 707 περὶ

415 725 631 778 ἐκείνων
673 717 1030 787 λέγεται,”τὸ
1090 726 1165 785 εἰς
1222 717 1323 776 τὸν
1367 718 1610 794 οὐρανὸν
1653 718 1934 790 ἀνάβασιν
1976 721 2093 775 ἐπί-

408 815 608 880 χειρεῖν
651 814 860 871 ποιεῖν,
904 801 977 869 ὡς
1016 808 1439 876 ἐπιθησομένων
1482 813 1598 869 τοῖς
1638 808 1816 870 θεοῖς.

542 885 680 966 Cap.
726 885 866 944 XV.
916 886 975 944 Ὁ
1019 881 1120 945 οὖν
1149 886 1286 953 Ζεὺς
1324 891 1417 944 καὶ
1463 893 1517 945 οἱ
1558 885 1721 945 ἄλλοι
1762 891 1895 944 θεοὶ
1934 891 2094 960 ἐβου-

413 970 680 1041 λεύοντο,
738 969 768 1028 ὅ
826 994 880 1029 τι
932 970 1040 1047 χρὴ
1097 970 1305 1039 αὐτοὺς
1361 976 1617 1041 ποιῆσαι,
1667 973 1768 1027 καὶ
1809 969 2092 1077 ἠπόρουν

417 1053 544 1115 οὔτε
585 1079 693 1132 γαρ
736 1053 885 1122 ὅπως
912 1055 1294 1114 ἀποκτείναιεν
1337 1057 1482 1130 εἶχον
1511 1060 1605 1114 καὶ
1647 1053 1821 1131 ὥςπερ
1855 1055 1985 1122 τοὺς
2018 1060 2099 1126 γί-

528 1222 578 1264 C.
610 1221 702 1262 καὶ
731 1220 792 1262 τὰ
824 1221 972 1279 ἱερά]
1025 1223 1125 1265 Hoc
1154 1223 1207 1265 τὰ
1241 1236 1326 1266 οιιι.
1362 1220 1491 1264 Bodl.
1522 1222 1655 1264 Coisl.
1689 1221 1784 1264 Vat.
1816 1218 1869 1264 A.
1905 1220 2011 1264 Ven.
2043 1222 2093 1264 Ξ.

414 1279 539 1323 Vind.
557 1279 599 1324 2.
627 1279 727 1322 Par.
755 1278 853 1321 ΒΚ.
886 1280 1032 1321 Ambr.
1068 1281 1176 1334 Ang.
1208 1293 1248 1322 ιι.
1283 1295 1332 1323 w.
1365 1281 1464 1322 V'at.
1497 1292 1537 1320 n.
1571 1293 1610 1333 p.
1640 1291 1674 1320 r.
1710 1279 1814 1321 Ven.
1846 1283 1876 1320 t.
1908 1277 2021 1321 Flor.
2055 1292 2094 1320 a.

416 1351 454 1381 c.
484 1337 580 1380 Non
611 1337 774 1392 prob03
816 1336 1038 1391 praecedit
1072 1338 1181 1380 enim
1213 1338 1261 1378 αἱ
1287 1339 1416 1408 τιμαί
1441 1341 1485 1378 et
1515 1337 1704 1390 sequitur
1745 1336 1900 1379 deinde
1928 1335 1982 1377 τὰ
2015 1352 2097 1379 πα-

415 1395 468 1453 ρὰ
500 1399 597 1437 τῶν.
657 1394 892 1436 Eieeernnt
923 1399 1067 1437 tamen
1096 1394 1150 1436 τὰ
1183 1400 1281 1439 ante
1311 1393 1404 1450 ἱερα
1436 1394 1683 1436 Turicenss.

527 1451 694 1507 μόγις
726 1450 785 1504 δὴ
821 1469 843 1492 ο
878 1450 1046 1507 Ζεύς]
1077 1451 1120 1494 δὲ
1151 1453 1251 1496 Par.
1284 1452 1391 1496 ΒΚ.
1428 1452 1525 1495 vat.
1557 1464 1658 1506 p.11.
1681 1450 1806 1494 Stob·
1839 1447 2093 1507 μόλιςνεῑι.

421 1510 615 1555 ''ZVind-
650 1506 692 1554 2.

413 1642 456 1684 Ρ
479 1625 578 1672 2'66.
601 1625 674 1668 ed.
694 1624 852 1666 Herm.
884 1623 1025 1677 colligi
1056 1624 1212 1677 possit.

413 1687 550 1729 Aliter
581 1681 965 1738 Sydenhamus‚
996 1681 1114 1722 cuius
1143 1685 1213 1723 ta-

411 1756 511 1787 men
542 1739 800 1784 sententiam
817 1738 956 1782 fateor
977 1739 1114 1781 minus
1132 1740 1212 1781 mi-

412 1801 452 1844 hi
483 1799 669 1856 probari.

469 1885 575 1928 καὶ
605 1883 665 1926 τὰ
696 1878 1020 1953 φρονήματα
1049 1899 1096 1937 μ.
1128 1882 1179 1923 εἷ

405 1943 546 1998 χον]
577 1942 615 1985 h.
647 1955 682 1984 e·
714 1939 770 1988 ὡς
806 1938 997 1994 μεγάλα,
1037 1939 1206 1994 μεγάλα

408 2000 648 2057 ἐφρόνουν,
690 1997 857 2052 conf.p
862 1995 991 2041 .182.
1029 1998 1078 2039 C.
1139 1999 1205 2040 De

407 2059 606 2114 Ephialta
655 2062 700 2099 et
751 2011 857 2097 Otop
863 2085 877 2107 ,
924 2053 1111 2108 Neptuni
1160 2061 1206 2098 et

405 2115 666 2171 Iphimediae
694 2113 820 2163 filiis,
859 2124 899 2154 v.
941 2111 987 2153 H
1009 2125 1035 2154 o
1059 2125 1100 2154 m
1124 2126 1148 2155 e
1170 2126 1201 2156 r.

407 2174 504 2228 Ody
508 2187 565 2215 ss.
603 2175 679 2216 XI.
725 2184 762 2212 v
798 2169 884 2214 307
924 2182 1020 2223 sqq.
1059 2170 1203 2242 ibique

406 2188 777 2274 Euystathium
833 2227 1040 2270 Ceterum
1080 2226 1204 2280 ἰσχὺς

407 2288 482 2330 καὶ
508 2287 630 2344 ῥώμη
668 2287 731 2329 sic
761 2284 1032 2338 coniungitur
1062 2285 1200 2339 Legg.

405 2346 484 2393 lx.
496 2361 537 2402 p.
549 2345 648 2392 863.
663 2345 719 2390 Cx
740 2340 850 2399 μετὰ
871 2345 947 2398 μὲν
966 2341 1115 2394 ἰσχύος
1130 2343 1202 2383 και

406 2403 546 2461 ῥώμης
576 2405 803 2458 ἑπομένης,
842 2399 954 2441 conf.
999 2399 1209 2443 Schue-

405 2461 504 2504 fer.
540 2461 750 2516 Epimetr.
771 2457 824 2499 ad
848 2456 1066 2511 Aristoph.
1089 2458 1205 2500 Plut-

404 2517 706 2572 Hemsterihp
714 2515 911 2560 .ΧΧ1Χ.
938 2516 1094 2569 Appar.
1119 2515 1207 2557 De-

405 2575 558 2622 mosth.
593 2575 646 2616 Τ.
676 2575 707 2618 1.
728 2573 894 2629 2333.
946 2572 994 2614 Id
1027 2573 1206 2615 restitu-

408 2633 567 2675 endum
578 2630 854 2687 Xenophonti
873 2630 1073 2684 Sympos.
1095 2630 1150 2672 11.
1165 2630 1208 2675 9.

458 2717 568 2771 Cap.
598 2717 700 2758 XV.
728 2716 778 2758 C.
825 2713 854 2756 δ’
883 2729 935 2754 τι
963 2711 1070 2766 χρὴ
1105 2712 1203 2754 αὗ-

405 2772 503 2814 τοῦ
525 2788 544 2819 ς
577 2789 620 2814 π.
633 2774 649 2828 ]
697 2772 764 2815 Ne
794 2772 891 2824 qnia
919 2772 1038 2823 χρείη
1068 2770 1206 2811 corri-

404 2829 592 2882 gendum
626 2832 777 2883 putet,
823 2827 877 2869 cf.
909 2826 989 2868 Xe
1013 2838 1040 2867 n
1062 2839 1088 2867 o
1118 2839 1144 2880 p
1166 2825 1204 2868 h.

403 2884 949 2937 Heileu.ll.2‚10.oi
979 2879 1210 2935 Ἀθηναῖοι

403 2943 616 2998 ἠπόρουν,
636 2943 683 2983 τί
699 2940 781 2995 χρὴ
814 2945 963 2982 ποιεῖν.
998 2941 1203 2995 Age8.1[.

405 3000 483 3046 13·
525 2999 598 3041 καὶ
627 2999 824 3065 ἠρώτων,
862 2998 907 3038 τί
930 2996 1012 3052 χρὴ
1047 3013 1161 3039 nocet
1166 3013 1201 3037 ν.

403 3059 562 3113 Cyrop·
596 3056 632 3101 1.
655 3056 704 3109 4,
744 3054 825 3099 24·
862 3056 905 3095 ἐκ
945 3054 1109 3096 τούτου
1147 3054 1197 3109 δὴ

400 3115 556 3168 ἀνῆκεν
595 3114 618 3156 ὁ
655 3088 897 3166 Ἀ’στυοὶγης
932 3135 974 3143 -
1014 3111 1085 3155 καὶ
1122 3112 1201 3154 τὸν

401 3174 507 3228 KQ»
511 3188 560 3214 ον
576 3170 654 3213 οὐκ
673 3174 790 3222 ἔχων,
826 3188 847 3210 o
876 3186 920 3210 τι
936 3170 1019 3226 χρὴ
1049 3172 1198 3223 λέγειν.

399 3189 515 3273 Ῑδίἀρ-
543 3230 613 3274 IV.
639 3228 682 3281 5,
711 3227 787 3272 192
821 3228 863 3268 οἱ
891 3230 968 3280 μὲν
990 3244 1068 3269 ουν
1090 3229 1199 3280 Mt?-

400 3286 740 3333 δοιᾶκούσαντες
753 3285 963 3338 ἐσίγησαν,
979 3283 1199 3338 ἀποροῦν-

399 3360 468 3393 τες
488 3347 578 3399 μέν,
609 3348 695 3390 πῶς
710 3341 791 3399 χρὴ
814 3343 1050 3390 καλοῦντος
1071 3340 1196 3384 anet-

400 3406 516 3453 θεῖε,
547 3399 813 3457 φοβούμενοι
843 3399 908 3452 δέ,
930 3403 1038 3455 πῶς
1068 3396 1195 3441 ἄπει.

1298 1624 1446 1666 λοῦντι
1474 1621 1781 1676 omanadum,
1811 1621 1886 1664 ubi
1908 1621 1991 1666 etsi
2022 1635 2095 1666 se-

1297 1683 1441 1735 quitur
1505 1681 1747 1736 optatisus,
1791 1684 1935 1722 tamen
1984 1681 2096 1722 male

1298 1739 1537 1782 correxeris
1572 1740 1707 1792 xpel-21
1758 1737 1797 1779 L
1817 1750 1844 1791 y
1865 1749 1888 1779 s
1908 1737 1921 1779 i
1945 1750 1968 1779 a
1991 1749 2012 1778 s
2054 1750 2094 1779 c.

1299 1799 1477 1851 Agorat.
1508 1797 1668 1850 p.101
1695 1793 1762 1837 ed.
1798 1795 1942 1837 Brem.
1972 1795 2096 1848 ἐβου-

1296 1853 1495 1906 λεύοντο,
1525 1854 1573 1894 τί
1595 1851 1679 1909 χρὴ
1712 1856 1869 1894 ποιεῖν.
1899 1851 2093 1907 Eurip.

1291 1912 1434 1954 Orest
1450 1925 1491 1954 v,
1501 1909 1610 1955 282.
1642 1907 1972 1964 ἐξιστόρουν
1996 1924 2094 1962 νιν,

1289 1967 1442 2024 μητέρ’
1483 1970 1521 2010 εἰ
1551 1969 1727 2009 κτείνειν
1763 1981 1816 2022 με
1845 1965 1979 2021 χρή,
2023 1967 2096 2008 ubi

1289 2028 1402 2069 male
1432 2030 1651 2068 tentarunt
1681 2022 1732 2080 μ’
1781 2025 1921 2080 ἐχρῆν.
1981 2026 2016 2066 Δ
2038 2037 2094 2066 e-

1289 2083 1465 2136 schyi.
1509 2084 1660 2126 Prom.
1689 2097 1731 2124 v.
1758 2081 1866 2126 6802
1905 2079 1930 2123 ὅ
1963 2080 2005 2123 δ’
2037 2082 2096 2130 εἴς

1289 2157 1335 2183 τε
1359 2142 1430 2182 Πυ
1437 2139 1504 2182 9ὠ
1534 2139 1639 2182 κάπὶ
1670 2137 1879 2193 Δωδώνην
1905 2137 2096 2187 πυκνοὺς

1288 2197 1616 2254 θεοπρόπουςι
1601 2198 1758 2250 ἴαλλεν,
1790 2194 1847 2243 ὡς
1882 2195 2094 2252 μάθοι,

1287 2257 1333 2297 τί
1359 2256 1442 2312 χρῆ
1468 2254 1631 2310 δρῶντ’
1666 2253 1692 2307 ἢ
1714 2255 1896 2309 λέγοντα
1914 2254 2096 2307 δαίμοσι

1286 2313 1496 2385 πράσσειν
1509 2312 1625 2367 φίλα.
1662 2313 1754 2354 Ari
1772 2310 1955 2366 stoph.
1974 2312 2091 2354 Plut-

1295 2385 1334 2413 v.
1359 2370 1438 2415 36:
1467 2368 1642 2427 ωχόμην
1665 2393 1718 2402 ——
1745 2368 2024 2424 πευσόμενος,
2054 2368 2095 2410 εἰ

1292 2427 1375 2483 χρὴ
1413 2453 1460 2459 -
1495 2443 1531 2469 ει
1537 2444 1608 2469 ναι
1637 2431 1896 2482 πανοῦργον.
1946 2426 2091 2470 Quum

1294 2487 1407 2528 enim
1441 2486 1598 2529 Graeci
1630 2485 1803 2527 omnino
1842 2484 1897 2526 ab
1929 2483 2092 2526 oratio-

1293 2556 1346 2585 ne
1378 2543 1555 2597 obliqua
1591 2547 1772 2597 repente
1803 2541 1984 2583 transire
2015 2553 2091 2582 so—

1291 2601 1406 2643 leant
1426 2600 1479 2654 ad
1499 2612 1742 2642 sermonem
1759 2603 1939 2648 rectum,
1961 2609 2090 2651 quem

1289 2658 1561 2711 grammatici
1583 2660 1764 2704 vocant3
1795 2659 1886 2696 tum
1910 2654 2089 2698 verbum

1289 2712 1370 2768 χρὴ
1414 2718 1595 2767 propter
1625 2712 1980 2765 significationem
2013 2725 2089 2754 su-

1289 2783 1354 2812 am
1408 2772 1536 2823 longe
1586 2768 1936 2822 frequentissime
1986 2774 2089 2822 post

1289 2827 1523 2880 praeterita
1553 2826 1614 2868 ita
1635 2831 1907 2880 usurparunt,
1938 2831 1987 2868 ut
2005 2839 2087 2880 po-

1287 2889 1438 2925 nerent
1470 2883 1646 2926 modum
1676 2882 1975 2935 indicativum,
2008 2884 2083 2926 ubi

1286 2941 1472 2995 vulgaris
1487 2942 1599 2982 ratio
1621 2941 1821 2995 exigebat
1838 2941 2087 2995 optativum.
2157 2981 2158 2984 ,

1286 3010 1326 3039 v.
1361 2998 1415 3041 ad
1445 2998 1739 3053 Euthyphron.
1771 3012 1812 3053 p.
1834 2997 1876 3041 4.
1899 2998 1948 3040 0.
1972 2998 2014 3043 9.
2032 2998 2087 3042 Β.
2137 3059 2139 3062 ἱ

1341 3111 1520 3168 ὥςπερ
1543 3111 1680 3162 τούς
1707 3112 1994 3184 ylyoe'v‘toec
2009 3126 2086 3153 κε-

1284 3169 1700 3227 ραυνώσαντες]
1747 3169 1941 3223 Intellige
1970 3167 2086 3223 ἤφοὶ-
2156 3191 2158 3193 ·

1282 3244 1404 3270 νισαν
1425 3241 1479 3270 ex
1498 3228 1694 3282 proximo
1719 3225 1986 3280 ἆφανίσαιεν,
2007 3239 2085 3268 cu-

1281 3286 1351 3328 ἰιιε
1367 3284 1735 3338 breviloquentiae
1765 3285 1961 3338 exempla
1991 3285 2082 3326 co!—

1280 3344 1387 3398 1egit
1416 3342 1741 3399 Wytteubac
1757 3339 1796 3384 h.
1823 3340 1879 3382 ad
1905 3340 2082 3382 Selecta

1280 3400 1468 3455 Princip.
1506 3400 1671 3442 Hister.
1699 3412 1736 3453 p
1768 3396 1868 3443 364.
1904 3397 1989 3440 Sic
2018 3398 2081 3440 in-
