2222 3762
442 131 609 185 DXX

553 277 654 321 ‹lnlo
675 275 863 327 legerint
884 280 1016 325 atque
1032 272 1320 315 tractaverint
1336 285 1346 319 3
1361 284 1461 311 nam
1480 283 1627 312 rerum
1652 271 1826 324 quidem
1847 277 1890 313 et
1909 271 2140 313 verborum

553 348 757 389 notiones
771 348 819 387 in
837 345 1224 387 Platonicisxlibris
1244 332 1494 397 explicatae
1506 357 1593 385 non
1609 340 1735 385 facile
1763 350 1953 397 possunt
1964 345 2142 389 aliunde

557 419 724 472 percipi
755 422 959 460 accurate
990 417 1078 458 nisi
1110 417 1167 457 ab
1195 417 1296 469 ipso
1318 414 1524 466 Platone,
1543 417 1844 468 fallunturque
1874 427 2143 468 magnopere

557 493 632 545 qui
661 504 736 532 eas
768 495 927 543 putant
945 490 1001 531 in
1021 489 1199 529 Lexicis
1228 499 1362 542 posse
1393 488 1616 540 explicari.
1677 487 1808 537 Quod
1830 488 2143 545 ipsun-permit,

559 563 736 616 opinor,
768 564 901 604 etiam
918 562 1143 609 Astius‚
1174 560 1251 612 qui
1282 560 1626 612 prudentissimo
1658 561 1844 602 consilio
1879 561 1991 602 nihil
2012 560 2142 602 aliud

557 637 647 676 nisi
663 629 842 687 plenum
861 639 1199 685 accuratumque
1223 632 1723 674 vocuml’latonicarum
1741 633 1930 674 indicem
1952 631 2142 674 conden-

558 710 662 749 dum
697 707 926 747 iudicavit.

615 760 814 830 Sequuta
851 782 1006 829 postea
1052 781 1118 816 est
1165 773 1361 816 Platonis
1399 776 1540 818 editio
1573 777 1727 820 Turici
1757 785 1987 831 suscepta,
2019 778 2143 818 cuius

556 852 704 904 operis
742 849 879 890 index
922 849 995 888 hic
1035 853 1130 889 est:
1192 845 1465 888 Platonis
1502 863 1674 903 opera,
1704 850 2144 905 'quaeseruntur

563 923 759 965 omnia.
819 921 1194 972 Recognoverunt
1221 919 1304 960 J0.
1337 917 1521 974 Georg
1551 921 1785 963 Baiteru
1798 936 1846 975 ες
1869 923 1958 967 -.Ῐο.’
1980 921 2142 978 Qasp.

557 994 834 1039 Orellius,
897 994 1020 1044 Aug.
1080 989 1227 1034 Guil.
1293 992 1771 1039 winkelmannus.
1855 995 2147 1036 Accedunt

554 1069 795 1119 integra
839 1065 1084 1107 varietas
1122 1058 1393 1107 lectionis
1435 1065 1895 1120 Stephanianae,
1934 1067 2144 1107 Bekke·

554 1141 773 1189 riailae,
814 1136 1038 1178 Stallba
1074 1137 1356 1188 umianae‚
1400 1138 1619 1181 scholia
1663 1146 1716 1180 et
1753 1142 2028 1181 nominum
2070 1140 2144 1180 in·

557 1214 677 1253 dex,
739 1210 908 1260 Turici,
936 1209 1147 1260 impensis
1167 1208 1338 1261 Meyeri
1370 1215 1415 1250 et
1436 1211 2073 1262 Zelleri,MDCCOxXX¹X.
2103 1211 2147 1255 4.

562 1285 746 1325 Praeter
793 1281 962 1323 scholia
1011 1281 1210 1322 additum
1259 1283 1390 1323 etiam
1429 1281 1708 1325 Glossarium
1743 1285 2020 1326 Platonicum
2063 1290 2146 1335 est,

557 1357 628 1398 cui
646 1368 742 1409 pro
774 1354 912 1395 fundo
934 1353 1088 1396 subest
1105 1351 1384 1396 Glossarium
1407 1354 1582 1397 Timaei
1605 1354 1847 1409 Sophistae
1861 1356 2146 1398 adnodicem

556 1429 810 1470 Parisinum
856 1426 1003 1467 denuo
1047 1426 1338 1478 recognitum.
1397 1427 1552 1468 Editio
1584 1434 1792 1470 accurata
1818 1435 1864 1471 et
1894 1429 2036 1470 nitide
2064 1430 2144 1470 im-

551 1513 720 1554 pressa.
781 1497 820 1539 Τ
825 1503 952 1539 extus
983 1497 1115 1539 huius
1133 1499 1336 1552 exempli,
1358 1500 1435 1552 qui
1466 1505 1665 1550 vocatur,
1687 1500 1822 1542 eti-am
1847 1499 2020 1542 octonis
2050 1500 2143 1552 pla·

555 1573 672 1625 gulis
696 1573 943 1623 impressus
979 1577 1061 1623 est,
1082 1571 1147 1612 ita
1176 1576 1225 1610 ut
1243 1572 1409 1623 singuli
1421 1571 1516 1612 fere
1537 1572 1989 1613 sermones‘Platonis
2020 1583 2146 1624 sepa·

556 1645 688 1685 ratim
721 1656 897 1697 quoque
931 1648 1134 1684 veneant.
1194 1644 1247 1684 In
1270 1643 1622 1697 praefationibus
1637 1645 1798 1686 minori
1814 1644 1926 1685 huie
1946 1643 2146 1695 editioni,

557 1718 682 1758 cuius
715 1721 819 1756 sunt
849 1716 960 1756 tomi
989 1716 1153 1768 viginti
1172 1728 1313 1766 unus,
1347 1716 1402 1756 ab
1444 1716 1712 1757 doctissimis
1744 1716 1988 1759 editoribus
2017 1727 2145 1769 prae-

560 1791 706 1832 missis
737 1790 792 1830 de
821 1782 976 1841 paucis
1008 1787 1272 1840 quibusdam
1302 1788 1412 1828 locis
1435 1788 1774 1830 difficilioribus
1805 1789 2070 1841 disputatur,
2103 1793 2147 1828 et

560 1861 784 1917 quomodo
814 1860 886 1900 vel
918 1859 1181 1900 emendandi
1209 1860 1281 1901 vel
1312 1859 1563 1912 explicandi
1595 1860 1699 1912 sint,
1730 1862 1980 1915 exponitur.

439 1936 634 1978 Posthac
643 1933 731 1986 ipsi
743 1945 906 1973 novam
916 1945 1098 1984 operum
1109 1932 1314 1973 Platonis
1327 1933 1521 1973 omnium
1533 1932 1740 1981 editione,
1750 1931 2018 1986 roganteCa
2026 1945 2048 1973 r
2057 1945 2083 1973 o
2094 1934 2108 1972 l
2118 1947 2144 1974 o

554 2007 594 2048 Τ
607 2020 670 2048 au
683 2005 806 2045 chni
817 2009 865 2044 tz
876 2005 892 2044 i
903 2017 929 2044 o
960 2009 1132 2054 nostro,
1159 2005 1449 2058 suscepimus,
1460 2017 1577 2058 quae
1593 2010 1761 2046 textum
1776 2005 1996 2047 Graecum
2013 2018 2146 2058 quam

556 2079 912 2120 emendatissime
943 2082 987 2119 et
1015 2076 1156 2118 nitide
1178 2109 1179 2115 ,
1199 2089 1458 2129 expressum
1490 2077 1670 2118 exhibet
1700 2079 1984 2131 continetque
2012 2077 2145 2119 etiam

556 2150 740 2192 Scholia
773 2148 948 2191 Graeca
978 2151 1146 2202 passim
1180 2154 1310 2190 aucta
1339 2154 1384 2189 et
1414 2154 1614 2189 correcta
1659 2148 1814 2190 addito
1850 2150 2048 2194 Indice
2079 2150 2145 2190 hi-

556 2223 723 2263 storico
754 2224 800 2263 in
822 2222 1053 2263 Platonem
1085 2227 1129 2262 et
1147 2220 1403 2275 Conspectu
1430 2221 1693 2273 paginarum
1706 2223 1930 2274 potiorum
1948 2228 2145 2263 veterum

558 2294 826 2348 editionum,
865 2306 976 2346 quae
1000 2305 1044 2334 ra
1081 2294 1245 2335 criticis
1290 2294 1338 2335 in
1375 2293 1612 2335 afferendis
1658 2293 1772 2335 locis
1811 2295 2015 2336 Platonis
2052 2295 2145 2336 fere

558 2372 770 2418 usurpata
811 2371 926 2406 sunt.
985 2364 1124 2406 Cuius
1162 2368 1310 2419 operis
1348 2366 1604 2407 nitidissimi
1642 2367 1877 2420 inscriptio
1914 2367 2024 2408 haec
2055 2374 2143 2410 est:

614 2438 878 2479 Platonis
911 2437 1097 2491 Opera
1130 2439 1312 2480 omnia
1341 2451 1430 2479 uno
1460 2439 1684 2478 volumine
1712 2438 2054 2492 comprehensa:
2087 2442 2143 2480 ad

557 2511 688 2550 fidem
707 2512 974 2561 optimorum
991 2509 1203 2550 librorum
1224 2510 1369 2550 denuo
1389 2511 1655 2562 recognovit
1673 2515 1719 2550 et
1737 2523 1828 2551 una
1844 2523 1942 2551 cnm
1962 2512 2142 2552 scholiis

559 2582 833 2622 emendatius
865 2581 1006 2621 edidit
1025 2579 1080 2622 G.
1098 2579 1219 2622 Stal
1235 2581 1480 2622 lbaumiu
1492 2594 1527 2622 s.
1560 2582 1696 2622 editio
1727 2587 1992 2635 stereoty-pa.
2013 2582 2142 2636 ''Lip-

556 2654 665 2704 siae,
698 2653 912 2694 sumtibus
955 2658 1000 2692 et
1028 2653 1143 2705 typis
1185 2651 1286 2695 Car.
1319 2651 1589 2694 Tauehnitii.
1623 2653 1749 2697 1850.
1786 2652 1828 2697 4.
1862 2656 1964 2697 mai.

616 2725 762 2765 Huius
793 2726 1003 2765 editionis
1034 2731 1180 2765 textus
1214 2737 1300 2765 nna
1329 2737 1427 2765 cum
1460 2726 1643 2767 scholiis
1685 2728 1839 2767 eodem
1861 2739 1980 2768 anno
2011 2730 2142 2769 etiam

560 2803 770 2848 septem
804 2797 1188 2837 voluminibus
1218 2796 1391 2838 formae
1430 2797 1632 2839 minimae
1663 2800 1807 2839 editus
1839 2804 1907 2839 est
1937 2799 1982 2839 in
2015 2813 2141 2840 usum

560 2869 829 2920 scholarum,
859 2875 907 2908 ut
953 2869 1155 2921 singulae
1184 2873 1332 2921 partes
1362 2869 1652 2911 saluberrimo
1682 2871 1824 2923 pretio
1855 2872 2035 2911 venales
2065 2872 2141 2912 ha-

557 2941 760 2983 beantur.
819 2940 902 2980 Est
930 2946 1076 2981 autem
1118 2940 1228 2981 haec
1259 2953 1434 2993 qnoque
1463 2942 1600 2982 editio
1633 2943 1967 2995 diligentissime
1998 2956 2139 2983 emen-

558 3013 679 3063 data,
710 3018 759 3052 ut
787 3025 814 3052 a
844 3014 1016 3053 mendis
1045 3012 1381 3066 typographicis
1410 3026 1549 3066 prope
1578 3015 1784 3055 immunis
1815 3015 1886 3055 sit.

564 3119 567 3121 .
618 3084 809 3137 Excepit
845 3084 959 3124 hanc
1001 3085 1240 3126 editionem
1274 3085 1399 3126 brevi
1439 3091 1542 3137 post
1573 3085 1996 3142 Teubneriana‚
2028 3100 2140 3139 quac

560 3156 674 3196 hanc
719 3156 854 3196 habet
900 3157 1259 3209 inscriptionem:
1324 3156 1592 3198 Platonis
1635 3158 1856 3210 Dialogi
1900 3160 2140 3199 secundum

561 3226 786 3279 Thrasylli
825 3229 1082 3281 tetralogias
1122 3230 1346 3282 dispositi=
1401 3242 1455 3270 ex
1492 3231 1797 3282 recognitione
1836 3229 1910 3271 Oa
1922 3243 1956 3273 r.
1994 3230 2137 3272 Frid.

558 3299 834 3340 Hermann
850 3301 879 3341 i.
909 3300 1030 3353 Lips.
1075 3302 1177 3342 Vol.
1211 3302 1366 3344 l-Vl,
1407 3302 1621 3342 sumtibus
1661 3307 1705 3342 et
1745 3303 1861 3355 typis
1903 3303 2139 3343 Teubneri.

562 3371 860 3415 1851›--1853.
875 3371 914 3414 8.
940 3373 1039 3412 min.
1104 3373 1246 3414 Habet
1277 3374 1382 3414 hacc
1414 3373 1549 3413 editio
1585 3375 1777 3414 criticam
1810 3372 2137 3415 annotationem
