2158 3718
299 119 406 173 270
1030 120 1349 174 PLATole

297 260 488 328 φησιν
515 259 593 322 εἰς
616 258 814 312 ’Ἅιδου
853 259 1069 328 φέρειν,
1107 257 1142 327 ἡ
1181 258 1233 311 δ’
1274 257 1406 313 οὔτε
1445 259 1592 330 ἁπλῆ
1642 260 1776 315 οὔτε
1812 248 1911 332 μία
1948 266 2086 333 φαί-

294 345 456 396 νεταί
498 363 594 413 μοι
645 339 808 396 εἶναι.
885 341 1020 397 οὐδὲ
1057 339 1165 412 γὰρ
1213 341 1286 396 ἄν
1331 341 1626 414 ἡγεμόνων
1663 346 1801 399 ἔδει·
1868 342 1941 400 οὐ
1973 347 2083 418 γάρ

294 425 411 480 πού
446 445 544 490 τις
568 426 640 480 ἂν
677 426 974 497 διαμάρτοι
1021 425 1303 496 οὐδαμόσε
1350 431 1480 497 μιᾶς
1526 426 1665 482 ὁδοῦ
1704 427 1895 500 οὔσης.
1970 435 2084 486 νῦν

296 510 358 565 δὲ
396 513 544 565 ἔοικε
581 514 790 580 σχίσεις
827 529 886 564 τε
924 510 1019 563 καὶ
1056 511 1356 580 περιόδους
1380 510 1591 576 πολλὰς
1616 515 1789 582 ἔχειν·
1832 511 1942 568 ἀπὸ
1966 519 2083 568 τῶν

294 593 470 648 ὁσίων
505 615 566 649 τε
603 596 697 648 καὶ
732 598 988 664 νομίμων
1025 598 1141 647 τῶν
1189 595 1398 650 ἐνθάδε
1445 598 1879 668 τεκμαιρόμενος
1915 598 2082 667 λέγω.

291 678 326 748 ἡ
377 679 482 749 μὲν
519 673 628 733 οὖν
675 682 879 748 κοσμία
926 698 986 732 τε
1032 679 1125 732 καὶ
1164 680 1439 749 φρόνιμος
1475 679 1624 751 ψυχὴ
1664 682 1858 736 ἕπεταί
1890 702 1949 736 τε
1987 685 2085 736 καὶ

406 851 452 891 Ρ.
478 853 574 893 108.
611 844 675 893 οὐ
716 843 818 906 γάρ
859 848 988 906 που]
1034 852 1086 894 V.
1109 846 1245 901 οὐδὲ,
1283 852 1398 902 quod
1429 865 1452 892 e
1480 852 1600 896 Bodl.
1624 866 1687 906 pr.
1711 854 1819 897 Tub.
1845 855 1954 898 Ven.
1978 854 2081 896 ΛΠ

292 909 381 951 Par.
407 907 597 948 CEHIL
620 909 731 960 Aug.
762 907 870 951 Flor.
892 921 915 947 a
941 909 964 947 b
989 921 1010 947 c
1030 921 1069 948 m
1102 915 1323 950 mutatum.
1366 907 1474 948 Dein
1497 907 1594 949 vat.
1622 912 1731 962 Aug.
1759 908 1887 950 Coisl.
1914 911 2018 950 Ven.
2036 913 2078 952 Λ

291 965 419 1005 Vind.
443 964 483 1006 Φ
519 964 613 1008 Par.
638 964 873 1006 CEGHIL
909 965 1053 1006 Ambr.
1088 977 1165 1018 pro
1201 958 1476 1019 διαμάρτοι,
1509 966 1620 1015 quod
1651 965 1887 1006 sententiae
1917 967 2078 1020 optime
2103 995 2107 997 -

291 1021 504 1072 convenit,
528 1021 712 1074 simplex
735 1023 908 1063 verbnm
929 1014 1132 1075 ἁμάρτοι
1152 1024 1369 1075 praebent.
2061 1039 2067 1051 i

405 1083 579 1133 ὁσίων
620 1105 678 1133 τε
718 1090 817 1133 καὶ
859 1089 1140 1146 νομίμων]
1182 1093 1271 1132 Hoc
1300 1098 1530 1146 praeeunte
1557 1092 1748 1132 Bekkero
1777 1093 2017 1146 recepimus
2054 1106 2083 1132 e.

289 1147 409 1188 Bodl.
432 1148 540 1188 Tub.
563 1148 674 1192 Ven.
696 1148 747 1190 H
767 1150 858 1191 Par.
883 1147 916 1188 G
940 1149 1068 1198 Vind.
1095 1151 1116 1189 1
1140 1150 1165 1188 2
1187 1150 1213 1188 6
1234 1149 1342 1189 Ven.
1366 1161 1387 1187 c
1418 1157 1458 1188 et
1479 1161 1611 1201 marg.
1633 1149 1727 1189 Par.
1749 1146 1794 1200 C,
1819 1161 2078 1200 quamquam·

293 1203 420 1248 Coisl.
453 1206 550 1246 Vat.
577 1205 732 1256 aliique
760 1218 810 1246 τε
841 1205 1052 1256 ignorant.
1093 1206 1191 1246 Ald.
1214 1206 1311 1245 Bas.
1336 1207 1358 1245 1
1391 1205 1538 1270 Steph.
1570 1200 1665 1246 οέπὸ
1695 1203 1789 1246 τῶν
1814 1203 2004 1247 θυσιῶν
2026 1218 2077 1247 τε

288 1258 373 1302 καὶ
394 1260 624 1315 νομίμων.
665 1261 763 1304 Bas.
786 1263 811 1301 2
834 1255 928 1302 οῗπὸ
952 1260 1045 1303 τῶν
1065 1260 1254 1303 θυσιῶν
1275 1275 1325 1302 τε
1346 1258 1430 1302 καὶ
1452 1261 1596 1303 οσίων
1618 1275 1702 1303 om.
1730 1257 1813 1302 καὶ
1843 1261 2075 1315 νομίμων,

293 1318 404 1358 unde
426 1319 509 1358 iam
536 1319 714 1358 Forster.
736 1319 1046 1359 restituendum
1068 1318 1172 1358 vidit
1194 1319 1308 1368 quod
1330 1319 1639 1371 evulgavimus.

403 1381 433 1442 ἡ
456 1383 562 1442 μὲν
584 1377 688 1430 οὖν
707 1387 936 1442 κοσμία]
964 1377 1053 1430 οὖν
1075 1401 1156 1430 om.
1177 1401 1240 1442 pr.
1264 1388 1384 1431 Bodl.
1405 1389 1515 1429 Ven.
1538 1387 1600 1429 H.

275 1520 439 1571 ’Ἅιδου
475 1525 656 1584 φέρειν.
708 1530 802 1570 Fuit
837 1538 979 1570 autem
1014 1530 1132 1569 Tele-

284 1586 397 1640 phus
426 1585 540 1627 filius
569 1586 760 1625 Herculis
783 1597 823 1626 et
843 1588 1005 1640 Auges,
1029 1599 1137 1637 quae

285 1642 368 1684 fuit
402 1642 487 1682 filia
526 1643 641 1691 Alei,
676 1643 792 1695 regis
829 1644 1052 1687 Arcadiae.
1096 1645 1135 1683 Is

285 1700 356 1739 avi
377 1700 496 1739 iussu
519 1699 561 1738 in
592 1706 734 1739 monte
755 1699 978 1739 Parthenio
1003 1711 1135 1752 expo—

284 1757 393 1797 situs
425 1763 465 1795 et
493 1768 519 1794 a
539 1767 666 1795 cerva
695 1757 877 1796 nutritus
909 1765 986 1801 est,
1023 1756 1135 1806 unde

284 1811 459 1865 Telephi
500 1823 654 1851 nomen
694 1813 857 1865 aceepit
891 1814 943 1852 ab
977 1806 1135 1862 θηλά-

285 1868 396 1920 ζειν,
422 1869 645 1919 iactare,
671 1877 710 1908 et
733 1864 927 1921 ἔλαφος,
952 1881 1129 1919 cerva,

284 1927 474 1966 ductum.
529 1925 630 1964 Inde
666 1925 927 1978 Teuthranti,
969 1924 1132 1977 Mysiae

282 1982 395 2036 regi,
437 1981 618 2022 traditus
649 1983 799 2034 Augen
842 1991 1036 2034 matrem,
1078 1982 1131 2022 ab

279 2038 362 2078 hoc
393 2038 435 2077 in
465 2038 776 2077 matrimonium
800 2037 985 2089 ductam,
1009 2050 1138 2078 recu-.

279 2095 448 2149 peravit
482 2104 522 2134 et
555 2093 628 2133 filii
660 2094 752 2134 loco
781 2095 833 2135 ab
861 2096 932 2135 iiio
962 2094 1130 2134 habitus

283 2159 358 2195 est.
400 2150 491 2199 Quo
522 2150 633 2191 sacto
666 2151 701 2190 ei
730 2151 771 2190 in
810 2163 939 2202 regno
971 2151 1130 2203 Mysiae

280 2208 505 2250 suecessit.
548 2207 675 2247 Plura
704 2207 757 2247 de
782 2207 937 2248 fabulis
959 2207 1012 2248 ad
1034 2219 1129 2246 eum

279 2265 591 2318 pertinentibus
629 2276 666 2306 v,
698 2275 767 2316 ap.
807 2263 993 2315 Hygia.
1031 2263 1128 2304 Fab.

281 2323 377 2364 100.
413 2322 509 2364 101.
550 2320 794 2374 Apoliod.
831 2321 880 2363 11.
913 2322 952 2365 7,
981 2321 1023 2360 4.
1057 2320 1126 2360 ΙΙΙ.

279 2379 320 2428 9,
347 2379 385 2421 1.
430 2377 552 2419 Ovid.
578 2377 748 2420 Metam.
772 2376 865 2419 ΧΗ.
895 2378 989 2419 110.
1011 2376 1124 2418 X111.

279 2435 376 2475 171.
428 2434 554 2473 Trist.
583 2433 636 2474 V.
668 2435 715 2483 2,
758 2434 825 2474 15.
878 2433 1128 2485 Fragmenta

276 2489 449 2542 Telephi
482 2489 711 2542 Aeschylei
738 2503 775 2532 v,
795 2502 865 2543 ap.
889 2489 1126 2529 Dindorf.

277 2547 356 2586 sub
379 2548 477 2587 222.
511 2547 625 2586 Idem
665 2554 959 2598 argumentum
998 2546 1124 2585 etiam

277 2601 512 2655 Sophocies
534 2602 805 2654 etEuripides
826 2608 1124 2642 tractaverunt.

275 2658 338 2698 De
366 2659 596 2711 proximis:
636 2651 664 2711 ἡ
696 2650 746 2698 δ’
778 2651 891 2699 οὔτε
920 2652 1049 2710 ἁπλῆ
1079 2670 1123 2698 κ.

274 2727 313 2754 τ.
339 2715 376 2755 λ.
409 2713 702 2766 Olympiod.
727 2727 767 2766 p.
792 2716 870 2754 158
893 2707 1123 2764 ὁΣωκροὶ-

273 2783 373 2835 της,
396 2770 553 2819 inquit,
585 2767 694 2823 διχῇ
719 2769 956 2810 δείκνυσι·
989 2772 1124 2822 φιλο·

274 2836 434 2878 σοφως
462 2820 551 2877 μὲν
579 2818 673 2866 ἀπὸ
706 2825 789 2866 τοῦ
814 2825 1014 2866 δεῖσθαι
1038 2821 1122 2872 τὰς

274 2876 434 2935 ψυχὰς
463 2880 557 2922 τῶν
586 2873 856 2934 ἦγεμόνων·
889 2880 1003 2934 μιᾶς
1032 2875 1122 2934 γὰρ

272 2929 417 3004 ιζῧσης
440 2930 560 2979 ὁδοῦ
581 2931 646 2990 μὴ
677 2929 737 2978 ἂν
759 2937 1006 3002 δεηθῆναι
1029 2937 1122 2978 τῶν

271 2988 506 3049 αγόντων’
537 2988 785 3047 ἴερατικῶς
816 2990 868 3034 δὲ
902 3008 995 3034 απο
1028 2992 1120 3035 τῶν

271 3044 324 3092 ἐν
365 3046 574 3103 τριόδοις
609 3049 757 3103 τιμῶν
787 3050 871 3104 τῆς
901 3045 1118 3103 “Εκα’της.

270 3107 432 3148 Retu¹it
467 3107 595 3159 igitur
630 3107 836 3158 inu-rpres
867 3111 994 3146 verba
1022 3100 1118 3147 ἀπὸ

271 3163 366 3205 τῶν
387 3158 532 3205 ὁσίων
554 3176 603 3205 τε
625 3159 707 3204 καὶ
729 3163 941 3215 νομίμων
955 3177 997 3203 κ.
1017 3178 1055 3204 τ.
1077 3164 1116 3204 λ.

271 3221 327 3260 ad
350 3233 471 3260 sacra
491 3221 683 3262 Hecates.
717 3219 800 3259 Nec
823 3232 922 3260 vero
947 3220 1119 3259 dubium

272 3285 340 3316 est
385 3286 458 3317 aut
508 3278 711 3316 incertum
768 3277 879 3315 iusta
930 3276 1118 3315 sunt-bria

269 3331 369 3372 huic
406 3334 510 3373 deae
548 3333 727 3385 singuiis
764 3333 981 3371 mensibus
1014 3337 1119 3371 inter

270 3382 357 3437 τὰς
398 3383 663 3442 τριακάδας
706 3390 814 3429 furta
856 3401 966 3438 esse,
1011 3401 1117 3439 quae

269 3444 442 3487 fuerunt
461 3447 657 3499 Hecatae,
688 3446 770 3487 diis
798 3445 943 3486 inseris
966 3453 1008 3484 et
1029 3457 1117 3485 ma-

1224 1530 1366 1578 nibus,
1399 1529 1470 1580 qui
1499 1534 1588 1569 tum
1616 1528 1970 1582 propitiabantur,
2005 1541 2076 1570 sa-

1224 1598 1335 1626 crae.
1379 1598 1419 1628 v,
1464 1585 1709 1639 Harpocrat.
1753 1586 1793 1625 in
1841 1579 2074 1639 Τριακοές.

1223 1642 1380 1685 Athen.
1412 1642 1505 1683 V11.
1537 1655 1577 1695 p.
1602 1643 1685 1683 325
1709 1642 1761 1682 A.
1798 1641 2070 1683 Hcmster·

1222 1698 1332 1738 hus.
1365 1698 1420 1738 ad
1448 1699 1622 1742 Lucian.
1661 1697 1786 1738 Dian.
1814 1697 1936 1741 Mort.
1968 1700 2001 1739 I.
2032 1700 2072 1741 1.

1222 1768 1263 1808 p.
1287 1756 1367 1796 471
1394 1756 1458 1798 ed.
1483 1755 1717 1797 Lehmann.
1759 1754 1875 1803 Quae
1898 1755 2071 1806 quidem

1224 1824 1347 1851 sacra
1367 1818 1534 1852 constat
1554 1812 1597 1851 in
1624 1811 1764 1851 triviis
1789 1811 1858 1851 vel
1880 1813 2006 1851 etiam
2027 1812 2071 1852 in

1217 1868 1391 1908 tumulis
1414 1881 1463 1908 ac
1483 1868 1693 1921 sepulcris
1715 1868 1825 1907 facta
1847 1879 1958 1911 esse.
2002 1868 2071 1909 Ad

1218 1936 1268 1964 ea
1290 1925 1419 1976 igitur
1433 1924 1550 1964 Plato
1572 1925 1763 1978 respexit
1781 1924 1967 1974 indeque
1988 1923 2073 1964 So·

1218 1990 1375 2020 cratem
1418 1981 1519 2021 fecit
1548 1981 1842 2021 coniicieutem
1872 1981 1984 2020 viam
2014 1981 2069 2021 ad

1215 2037 1375 2077 inferos
1406 2038 1563 2077 multas
1591 2037 1757 2077 habere
1778 2037 2006 2077 scissiones
2029 2045 2070 2076 et

1218 2094 1434 2135 circuitus.
1476 2096 1522 2133 In
1563 2094 1645 2133 alia
1680 2102 1823 2133 tamen
1859 2094 2070 2133 sententia

1217 2149 1296 2189 fuit
1327 2150 1709 2203 Heindorfius,
1741 2150 1812 2201 qui
1839 2148 1906 2190 his
1926 2149 2068 2190 verbis

1218 2218 1301 2245 non
1342 2207 1521 2247 Hecates
1572 2218 1693 2247 sacra
1741 2206 1818 2246 sed
1865 2206 2068 2259 mysteria

1215 2262 1335 2314 tangi
1363 2264 1553 2313 coniecit,
1586 2264 1627 2302 in
1665 2263 1819 2314 quibus
1849 2262 2069 2303 anfractus

1215 2319 1274 2357 illi
1297 2321 1340 2358 in
1369 2319 1518 2359 Orcum
1542 2319 1748 2360 ducentes
1778 2326 2066 2372 spectatorum

1217 2375 1351 2415 oculis
1376 2375 1553 2415 subiecti
1575 2375 1742 2418 suerint.
1783 2374 1862 2416 Cui
1881 2376 2067 2429 pruden-

1215 2431 2067 2485 teradversaturLobeckiusAglaoph.

1215 2489 1267 2529 ΙΙ.
1291 2499 1331 2540 p.
1347 2489 1468 2528 1343.
1503 2488 1669 2541 Quippe
1690 2489 2065 2541 primum-quidem

1214 2557 1297 2583 non
1321 2552 1487 2583 constat
1506 2544 1585 2584 hoc
1616 2556 1804 2595 unquam
1826 2545 1884 2583 ita
1904 2544 2063 2584 sactum

1215 2612 1324 2639 esse.
1375 2600 1536 2639 Deinde
1576 2601 1747 2640 nomine
1786 2597 1880 2641 τῶν
1918 2592 2065 2641 ὁσίων

1211 2652 1296 2696 καὶ
1347 2655 1561 2709 νομίμων
1601 2668 1810 2707 nusquam
1861 2658 2068 2709 mysteria*

1213 2711 1519 2764 significantur,
1557 2724 1678 2752 sacra
1714 2711 1907 2752 funebria
1935 2721 2065 2763 atquo

1212 2769 1325 2808 iusta
1355 2771 1499 2808 crebro
1532 2769 1800 2816 denotantur,
1830 2768 1882 2808 de
1913 2781 1996 2819 qua
2018 2782 2062 2808 re

1213 2837 1253 2868 v.
1279 2825 1591 2868 Valckenar.
1617 2825 1670 2863 ad
1693 2825 1890 2868 Ammon.
1915 2836 1959 2876 p.
1980 2826 2061 2866 189

1210 2893 1274 2932 sq,
1308 2882 1492 2934 interpp.
1526 2882 1581 2921 ad
1610 2880 1833 2933 Hesych.
1868 2881 1916 2923 T.
1942 2881 1992 2923 11.
2014 2893 2066 2934 p.>

1210 2939 1306 2980 794.
1349 2936 1722 2989 Wyttenbach.
1761 2937 1813 2977 ad
1850 2937 1958 2977 Plut.
1997 2937 2058 2978 De

1208 2995 1264 3035 is.
1304 3003 1343 3034 et
1382 2993 1489 3034 Osir,
1527 3007 1569 3047 p.
1608 2994 1745 3035 374ss
1781 3002 1821 3032 et
1860 2993 1916 3033 ad
1953 2993 1996 3037 h.
2026 2993 2057 3037 l.

1207 3049 1396 3101 Denique
1418 3051 1453 3091 si
1476 3051 1547 3090 ilia
1569 3052 1664 3102 ipsa
1682 3051 1842 3090 Tartari
1864 3058 1906 3088 et
1925 3049 2058 3102 Elysii

1207 3107 1389 3147 divortia
1419 3107 1553 3147 oculis
1583 3107 1843 3146 initiatorum
1873 3105 2056 3146 fuissent

1207 3164 1412 3214 subiecta,
1444 3165 1514 3204 vix
1544 3163 1752 3216 potuisset
1772 3163 1888 3202 Plato
1913 3162 2055 3202 dicere

1207 3232 1303 3259 sese
1328 3233 1349 3259 e
1370 3221 1496 3259 rebus
1519 3219 1713 3260 omnibus
1736 3219 1788 3258 ob
1811 3218 1956 3259 oculos
1979 3228 2054 3269 po-

1207 3276 1298 3315 sitis
1326 3289 1517 3328 capere
1551 3276 1931 3329 coniecturam.
1971 3271 2053 3315 Ce-

1206 3339 1339 3371 terum
1363 3334 1414 3371 de
1436 3331 1782 3386 τεκμαίρεσθαι
1812 3331 1904 3370 sine
1926 3342 2052 3370 accu-

1206 3389 1342 3429 sativo
1394 3389 1545 3430 obiecti
1593 3387 1792 3440 usuipari
1842 3386 1966 3427 solito
2007 3398 2049 3429 v·

1204 3445 1477 3489 Heindorf.
1497 3446 1548 3486 ad
1570 3444 1651 3488 h.1.
1677 3452 1715 3484 et
1734 3454 1810 3484 nos
1827 3443 2051 3485 adCriton.
