2158 3718
328 121 498 158 Lxxn
563 145 567 148 .
960 90 1409 157 PROLEeoMENA

325 245 656 299 introductas
694 264 828 300 esse.
868 244 1040 312 Quasi
1076 263 1202 298 vero
1227 245 1371 315 apud
1394 243 1690 308 Platonem,
1727 244 1821 299 ubi
1847 245 2027 299 statim

327 316 395 370 ab
431 316 584 370 initio
620 317 800 387 operis
837 316 981 370 docti
1018 315 1085 369 de
1122 333 1300 369 amore
1339 323 1607 369 sermones
1643 314 1922 380 habentur,
1959 315 2027 369 iis

325 386 466 440 ullus
511 387 663 440 locus
711 386 931 440 concedi
976 384 1228 455 potuerit,
1278 403 1378 438 nec
1424 385 1644 438 eaedem
1680 403 1778 455 per
1812 385 1891 438 rei
1927 404 2025 438 na-

327 466 503 510 turam
548 456 829 511 debuerint
873 455 1084 525 placere
1129 453 1497 525 Xenophonti,
1545 455 1638 524 qui
1677 454 1908 508 convivii
1942 455 2026 507 hi-

325 527 586 590 laritatem
631 526 1053 593 suavitatemque
1108 542 1320 578 omnem
1366 524 1668 578 describere
1717 524 2025 579 constituis-

328 605 408 651 set
421 598 493 667 *).
530 598 610 648 At
645 614 792 660 vero,
829 593 1081 664 inquiunt
1092 595 1197 662 **)‚
1234 594 1379 663 quod
1412 593 1577 648 Xeno
1617 595 1724 648 hon
1764 595 2027 649 maiorum

323 668 640 737 poculorum
689 684 848 718 usum
878 664 1082 734 reiicit,
1133 663 1292 717 Plato
1342 673 1521 717 autem
1601 674 1833 720 ocratem
1871 684 2028 720 suum

323 738 576 790 informat
613 736 791 800 talem,
830 735 924 805 qui
958 735 1169 788 fortiter
1203 753 1377 804 usque
1412 734 1483 788 ad
1518 734 1813 790 diluculum
1838 755 1867 789 e
1891 755 2024 807 psy-

324 816 468 860 ctere
505 806 657 869 bibit,
703 814 854 859 estne
899 805 1005 859 hoc
1041 805 1317 869 eiusmodi,
1355 812 1418 857 ut
1453 805 1677 858 alterum
1714 807 2028 877 scriptorem

326 876 589 947 suspicari
624 876 780 929 liceat
815 875 969 929 alteri
1008 894 1159 929 suam
1193 876 1455 929 rationem
1492 893 1614 928 cum
1638 876 1817 946 aliqua
1840 876 2024 930 s‘imul-

322 955 432 1000 tate
469 947 822 1018 opposuisse?
858 945 1127 1000 Nimirum
1149 945 1306 1000 Plato
1333 943 1572 1001 Socratis
1607 945 1864 1000 invictam
1898 965 2025 1000 con·

323 1017 604 1071 tinentiam
652 1017 924 1086 animique
973 1016 1341 1070 fortitudinem
1395 1025 1712 1071 ostensurus
1761 1035 1884 1070 eum
1929 1035 2026 1070 ex·-

323 1096 490 1141 tremo
528 1088 776 1142 convivio
812 1088 888 1140 ita
912 1086 1360 1152 facit-bibentem,
1387 1095 1465 1151 ut,
1498 1086 1625 1140 licet
1650 1087 2027 1158 compotationi

319 1157 616 1230 indulgeat,
656 1166 833 1212 tamen
869 1166 1083 1229 praeter
1126 1166 1332 1211 ceteros
1369 1175 1556 1211 omnes
1580 1167 1793 1211 maneat
1817 1157 2026 1211 sobrius

321 1237 377 1281 et
411 1228 526 1286 veri
560 1228 864 1299 philosophi
889 1237 1102 1282 tueatur
1137 1228 1474 1300 dignitatem3
1512 1227 1822 1299 Xenophon
1846 1236 2026 1281 autem

322 1318 445 1353 eum
488 1298 646 1352 iussit
680 1299 735 1351 in
775 1318 838 1352 eo
874 1299 1077 1353 versari
1115 1298 1377 1362 convivio,
1416 1297 1561 1367 quod
1585 1317 1618 1350 a
1641 1298 1854 1371 vulgari
1877 1317 2025 1352 more

322 1378 374 1423 et
430 1369 816 1422 consuetudine
860 1388 967 1423 non
1010 1369 1318 1432 recederet,
1373 1377 1434 1421 ut
1480 1369 1719 1440 profecto
1762 1368 2026 1438 quidquid

320 1440 668 1494 convivarum
710 1439 1175 1510 intemperantiam
1218 1447 1485 1509 argueret,
1534 1438 1592 1492 id
1630 1447 1801 1492 totum
1840 1439 2024 1493 tollere

320 1519 375 1564 et
409 1527 686 1564 removere
723 1510 1109 1580 debuerit***).
1147 1509 1338 1563 Paullo
1374 1509 1499 1579 plus
1535 1509 1791 1579 ponderis
1825 1509 2024 1564 habere

320 1581 570 1634 videntur
614 1589 931 1652 argumenta
966 1589 1184 1634 mutuae
1224 1579 1509 1633 simultatis
1547 1599 1579 1632 a
1617 1577 1931 1634 Cornario
1964 1581 2023 1635 in

317 1651 555 1704 medium
590 1652 766 1705 allata.
804 1650 862 1704 Is
887 1651 1044 1716 enim,
1084 1651 1212 1703 dum
1245 1650 1431 1703 statuit
1454 1649 1876 1721 Xenophontem
1901 1670 2023 1704 eum

318 1723 505 1787 fuisse,
545 1722 638 1790 qui
673 1721 869 1775 librum
907 1741 1063 1775 suum
1095 1721 1375 1775 Platonico
1412 1721 1517 1774 scri
1560 1729 1613 1774 to
1650 1729 1838 1792 utpote
1871 1722 2022 1793 prius

315 1793 373 1846 in
409 1794 584 1846 lucem
627 1792 822 1846 emisso
859 1791 1189 1863 opposuerit,
1236 1791 1367 1845 haec
1404 1739 1676 1861 scriffit†):
1725 1790 1878 1858 „Sed
1913 1811 2022 1846 non

315 1863 374 1916 in
418 1863 502 1916 his
548 1870 770 1927 tantum,
819 1881 956 1932 quae
1002 1882 1070 1916 ex
1106 1862 1459 1916 aemulatione
1508 1862 1741 1932 quadam
1777 1863 2021 1917 Platonis

317 1931 609 2004 Symposio
653 1933 806 2004 prius
853 1933 997 1987 edito
1044 1934 1307 1988 contraria
1343 1933 1573 2004 scripsit,
1623 1933 1719 1986 sed
1767 1934 1928 1987 etiam
1963 1933 2021 1988 in

314 2004 418 2068 his,
469 2009 607 2073 quae
643 2005 791 2058 velut
826 2004 1042 2058 aliunde
1080 2012 1254 2058 sumta
1290 2004 1436 2068 citat,
1474 2002 1785 2074 Xenophon
1821 2023 1854 2057 a
1889 2003 2020 2058 Pla-

316 2084 439 2129 tone
477 2074 760 2128 dissentire
797 2074 1230 2146 deprehenditur.
1289 2073 1463 2142 Quale
1501 2082 1555 2128 et
1588 2073 1689 2129 hoc
1726 2082 1823 2138 est,
1873 2075 2020 2144 quod

315 2143 570 2199 Socrates
607 2146 753 2216 apud
788 2146 967 2217 ipsum
1001 2145 1304 2200 Pausaniae
1341 2144 1640 2217 apologiam
1662 2164 1762 2216 pro
1785 2145 1886 2211 his,
1924 2145 2019 2214 qui

312 2217 369 2269 in
404 2217 812 2287 intemperantia
848 2217 1005 2270 simul
1028 2216 1353 2281 volutantur,
1393 2215 1683 2280 adducens,
1719 2216 1776 2269 in
1801 2234 1908 2285 qua
1932 2217 2016 2269 di-

313 2287 454 2340 xerit
487 2287 596 2351 ille,
646 2287 791 2356 quod
838 2287 1000 2340 etiam
1043 2288 1309 2340 exercitus
1356 2286 1674 2340 fortissimus
1713 2295 1873 2351 esset,
1924 2288 2018 2356 qui

313 2377 383 2411 ex
420 2357 610 2410 amatis
648 2366 703 2410 et
738 2358 1061 2412 amatoribus
1098 2366 1382 2422 constaret,
1431 2366 1486 2411 et
1527 2357 1730 2412 dictum
1765 2357 1868 2411 hoc
1902 2358 2015 2429 pri-

311 2447 459 2481 mum
505 2428 672 2481 veluti
714 2429 1062 2484 falsissimum
1105 2429 1304 2482 refellit
1349 2437 1402 2481 et
1445 2446 1570 2481 mox
1608 2428 1912 2482 testimonia
1946 2426 2015 2482 ab

310 2498 402 2551 illo
438 2499 505 2551 de
543 2498 817 2553 Thebanis
856 2508 909 2552 et
945 2498 1096 2553 Eleis
1120 2500 1382 2570 producta
1405 2498 1593 2552 reiicit.
1635 2497 1799 2565 Quod
1835 2507 2015 2552 autem

309 2588 420 2621 non
460 2568 599 2622 hanc
634 2568 937 2622 Pausaniae
982 2571 1287 2640 opinionem
1333 2588 1396 2622 eo
1440 2570 1558 2623 loco
1594 2569 1879 2639 reprobare
1915 2587 2010 2622 vo—

309 2638 487 2702 luerit,
536 2638 688 2692 cuius
726 2640 980 2710 scriptum
1018 2639 1180 2692 etiam
1215 2639 1483 2692 Athenaei
1522 2639 1732 2692 saeculo
1767 2638 2013 2709 ignotum

309 2707 428 2771 fuit,
480 2715 534 2760 et
578 2709 672 2775 qui
710 2708 867 2761 etiam
904 2709 1050 2778 apud
1085 2709 1290 2761 nullum
1326 2709 1489 2762 alium
1533 2726 1694 2776 quam
1729 2707 2010 2762 Platonem

309 2777 379 2829 de
416 2777 745 2830 amatoribus
789 2785 844 2830 et
878 2777 1067 2830 amatis
1103 2777 1325 2847 loquens
1360 2778 1647 2842 inducitur,
1688 2778 1797 2832 sed
1831 2779 2010 2850 ipsum

308 2845 590 2901 Platonem
638 2865 738 2918 per
788 2847 888 2900 hoc
936 2854 1121 2900 notare
1175 2847 1502 2911 instituerit,
1565 2867 1630 2902 ex
1686 2867 1750 2902 eo
1807 2850 2009 2903 clarum

310 2917 393 2983 fit,
441 2916 583 2991 quod
627 2935 691 2970 ea
738 2916 1037 2970 Pausaniae
1084 2918 1247 2972 verba
1293 2918 1437 2990 apud
1481 2918 1760 2974 Platonem
1803 2919 2005 2974 haben-

378 3074 423 3127 *)
453 3076 574 3118 Idem
604 3077 654 3118 de
685 3077 765 3117 hac
796 3089 838 3117 rc
868 3077 1002 3117 visum
1033 3084 1094 3118 cst
1124 3078 1369 3119 Bockhio
1402 3080 1430 3118 l.
1463 3092 1497 3119 c.
1530 3093 1569 3132 p.
1605 3085 1627 3121 8
1660 3092 1748 3131 sqq.

356 3146 424 3200 **)
454 3147 640 3189 Athen.
672 3148 701 3188 1.
733 3161 767 3188 c.
800 3147 1088 3189 Cornarius
1118 3149 1145 3187 1.
1178 3160 1211 3188 c.
1244 3161 1284 3201 p.
1317 3153 1369 3189 28
1401 3162 1491 3201 sqq.

328 3217 418 3269 ***)
449 3218 516 3260 Ita
544 3218 815 3261 Bockhius
848 3229 1016 3272 quoque
1048 3220 1208 3262 censuit
1238 3233 1278 3272 p.
1315 3225 1378 3261 18.

378 3287 421 3337 ἢ)
452 3291 498 3331 P.
533 3295 586 3332 42
617 3303 678 3343 sq.
