2158 3718
782 144 1044 188 PHAEno
1075 159 1123 200 p.
1146 147 1241 187 102.
1276 111 1290 121 ⁴

1773 143 1882 201 λ251

94 305 235 356 τητα
271 282 583 355 ὑπερέχων,
621 287 697 354 τῷ
737 284 799 338 δὲ
836 285 898 336 τό
937 284 1175 353 μέγεθος
1199 286 1297 352 τῆς
1333 283 1700 353 σμικρότητος
1736 301 1880 352 παρ-

95 371 243 438 έχων
289 367 582 438 ὑπερέχον.

31 487 35 489 -
95 448 496 524 ξυγγραφικῶὲ
551 452 732 522 ἐρεῖν,
792 449 918 505 ἀλλ’

658 367 770 421 Καὶ
817 366 930 438 ἅμα
985 367 1301 439 μειδιάσας,
1329 365 1554 436 ’'Eomwc9
1604 369 1740 437 ἔφη,
1787 370 1882 425 καὶ

974 446 1082 507 οὖν
1136 453 1247 521 ἔχει
1298 451 1367 519 γε’
1416 469 1529 505 που
1586 450 1662 515 ὥς
1715 451 1880 521 λέγω.

91 537 343 607 Ξυνέφη.
419 536 605 605 Λέγω·
631 536 694 590 δὲ
739 535 902 589 τοῦδ’
950 537 1142 605 ἕνεκα,
1195 535 1542 605 βουλόμενος
1587 535 1745 600 δόξαι
1791 536 1883 589 σοὶ

93 619 238 691 ὅπερ
277 622 416 690 ἐμοί.

494 621 617 691 ἐμοὶ
661 619 770 689 γάρ
805 624 1078 690 «φαίνεται
1115 617 1195 674 οὐ
1221 620 1399 690 μόνον
1437 617 1575 673 αὐτὸ
1614 617 1680 673 τὸ
1715 620 1881 689 μέγε-

93 788 882 903 Αηὸιῗεὲεῆιέἕηιῗθῦἒῧᾶἒῖυἷοοῗὲὴ
909 792 1881 898 2P32m¹13¹5u¹³l3²51¹5¹¹3353?ssssssss

92 906 190 949 Par.
212 905 247 946 G
273 904 383 946 Flor.
406 907 435 946 d
462 881 619 958 aliiquoe
648 918 731 946 non
760 906 886 959 pauci
914 901 1048 959 Λέγω
1077 899 1139 960 δὴ
1170 900 1309 947 τοῦδ’
1342 900 1499 947 ε’νεκα.
1549 906 1631 946 Pro
1668 898 1892 956 έθέλειν,,

27 993 30 995 Α
90 963 211 1015 quod
231 962 352 1003 Bodl.
385 961 514 1005 Coisl.
535 963 645 1004 Ven.
669 962 716 1008 Ξ
739 963 868 1004 Vind.
894 962 935 1004 Τ
960 963 1053 1002 Par
1077 963 1111 1004 G
1112 920 1248 1001 ηἘΙομ
1272 974 1298 1001 a
1318 963 1383 1002 bis
1405 962 1605 1016 deinceps
1627 959 1900 1015 suppedita-”

93 1022 209 1072 runt,
249 1027 353 1060 vett.
385 1019 499 1062 editt.
528 1019 593 1059 bis
612 1020 836 1071 sc1iptum
864 1014 1023 1059 habent
1049 1013 1228 1060 θέλειν.
1273 1016 1590 1066 Pa1.13vstv‚
1618 1019 1735 1070 quod
1763 1018 1882 1059 dedit

93 1074 276 1118 Bekker.

91 1210 328 1270 παρέχων,
364 1202 597 1282 ὑπερέχον
631 1212 716 1268 τῆς
752 1207 944 1268 σμικρό-

90 1284 234 1325 τητος
264 1284 324 1316 sc
354 1271 440 1324 τῆς
472 1264 663 1313 ἑαυτοῦ.
704 1273 849 1321 ltaque
879 1272 939 1311 lo-

89 1341 189 1368 cum
223 1328 284 1369 sic
317 1329 659 1382 interpretamur:
699 1327 940 1368 Simmias

91 1386 319 1425 medium
378 1391 528 1426 tenet
586 1384 757 1425 locum
806 1384 943 1424 inter

91 1450 396 1493 utrumque,
438 1441 640 1494 quippe
695 1440 846 1480 simul
894 1448 942 1480 et

91 1509 290 1551 parvus
321 1505 368 1537 et
393 1510 633 1550 magnus,
658 1497 775 1536 dum
802 1497 943 1536 alte—

91 1553 208 1594 rius
236 1553 468 1605 (Socratis)
493 1554 819 1607 parvitatem
849 1565 942 1592 ex-

88 1618 312 1664 superat.
351 1622 430 1659 eo,
491 1610 628 1660 quod
675 1610 940 1662 magnitu-

87 1667 216 1707 dine
253 1675 549 1720 exsuperat
589 1664 653 1719 (ei
691 1664 941 1717 antecellit),

89 1723 249 1764 alteri
271 1731 442 1763 autem
464 1720 726 1774 (Phaedoni)
747 1734 939 1763 conce-

93 1779 170 1819 dit
199 1791 311 1819 eam
339 1779 789 1832 magnitudinem,
810 1790 942 1830 quae

88 1847 237 1875 suam
265 1835 440 1889 ipsius
472 1833 713 1886 (Simmiae)
754 1836 938 1888 parvi·

90 1898 248 1931 tatem
286 1899 520 1945 superet.
560 1891 765 1931 Nimirum
801 1892 939 1943 loqui-

90 1955 160 1988 tur
182 1947 377 1989 Socrates
405 1948 688 1993 ludibundus,
717 1948 790 1998 ita,
821 1954 867 1987 ut
895 1948 936 1986 in

43 2027 50 2033 ,
88 2017 138 2044 re
165 2016 372 2058 perquam
399 2004 566 2057 vulgari
594 2016 805 2044 summam
842 2004 937 2043 dili-

84 2061 276 2113 gentiam
317 2062 470 2102 sectari
511 2061 719 2101 videatur.
781 2060 936 2113 Quam-

91 2119 235 2158 obrem
258 2117 382 2157 etiam
402 2118 577 2157 verbum
606 2109 856 2170 ὑπερέχειν
878 2122 941 2155 tei

62 2174 136 2213 in
157 2174 307 2214 eadem
326 2185 372 2213 re
398 2182 589 2236 repetere
610 2184 694 2212 non
717 2173 937 2215 dubitavit.

86 2230 213 2278 Quod
252 2241 454 2281 quorsum
483 2229 710 2281 pertineat,
743 2230 939 2281 proxime

84 2288 314 2338 sequentia
334 2286 436 2325 satis
459 2285 685 2326 declarant.

147 2398 197 2439 D.
273 2395 684 2452 ξυγγραφικῶς
763 2389 937 2450 ἐρεῖν]

91 2455 211 2495 Istud
230 2452 564 2508 ξυγγραφικῶς
579 2453 649 2492 alii
665 2454 786 2493 aliter
807 2455 938 2493 inter-

91 2517 325 2564 pretantur.
384 2509 672 2551 Fischerus
714 2510 825 2550 enim
862 2522 936 2549 ex-

40 2603 42 2607 .
89 2568 242 2620 plicat:
321 2567 703 2607 historicorum
775 2578 938 2618 more,

90 2622 556 2677 Wyttenbachius:
615 2623 938 2675 scriptorum

88 2680 331 2720 civilium
382 2692 416 2722 s.
468 2679 804 2732 publicorum
853 2691 938 2718 ra-

89 2737 260 2787 tione,
331 2735 698 2777 Heindorfius:
778 2736 938 2788 quasi

92 2791 346 2847 ξυγγραφῇ
406 2793 515 2833 sive
574 2791 935 2845 chirographo

87 2850 379 2889 cavendum
421 2849 502 2891 sit.
547 2849 767 2889 Postrema
805 2849 934 2888 inter-

92 2905 272 2957 pretatio
302 2905 492 2956 proxime
513 2905 566 2945 ad
588 2918 735 2944 verum
757 2905 935 2945 accedit.

92 2959 200 3000 Nam
222 2968 266 2999 ut
287 2960 683 3012 Wyttenbachii
708 2962 813 3001 ratio
837 2973 936 3014 spe-

90 3017 210 3056 ciosa
238 3016 308 3062 sit,
337 3017 496 3068 quippe
527 3029 633 3066 quae
663 3029 717 3057 ex
745 3017 869 3069 Gorg.
892 3029 936 3070 p.

87 3073 175 3113 451
216 3071 248 3112 Β
289 3071 526 3111 confirmari
565 3084 693 3124 posse
731 3073 937 3124 videatur,

93 3136 237 3168 tamen
263 3141 311 3168 ea
335 3140 381 3167 re
405 3126 648 3179 diligentius
673 3129 941 3168 considerata

55 3234 59 3235 ⁷
91 3186 167 3225 vix
206 3185 403 3237 cuiquam
443 3184 702 3238 probabitur.
750 3184 856 3224 Nam
896 3186 940 3224 in

89 3241 275 3294 Gorgiae
314 3241 404 3282 loco
451 3239 678 3281 manifesto
718 3241 941 3308 respicitm

91 3297 151 3338 ad
179 3310 305 3338 unam
335 3297 580 3338 formulam:
622 3290 680 3337 τὰ
702 3309 790 3347 μεν
817 3289 939 3337 αλλα

92 3346 266 3405 ὁμοίως
307 3354 582 3406 scriptoiibus
619 3353 814 3392 civilibus
850 3365 939 3392 cre—

94 3409 168 3449 bro
218 3418 465 3463 usurpatam
515 3407 759 3461 (Boeckh.
811 3407 937 3462 Corp

95 3465 228 3507 Insci.
251 3467 283 3507 Ι.
305 3479 346 3520 p.
369 3467 449 3506 124
470 3466 524 3506 ad
551 3479 590 3506 ιι.
614 3464 707 3518 84).
745 3465 832 3505 Hoc
860 3477 939 3506 au-

1027 1220 1112 1255 tem
1152 1214 1243 1254 loco
1286 1214 1456 1255 omnino
1487 1214 1541 1254 de
1580 1214 1802 1266 diligentia
1839 1222 1880 1254 et

1028 1271 1223 1310 cautione
1254 1271 1454 1321 loquendi
1486 1271 1758 1322 cogitandum
1782 1283 1878 1311 esse

1027 1327 1178 1378 liquet.
1220 1327 1504 1375 Quamobrem
1541 1325 1879 1382 ξυγγραφικῶς

1026 1384 1389 1435 interpretandum
1420 1391 1503 1424 est:
1533 1385 1682 1424 modo
1715 1392 1765 1424 et
1794 1396 1877 1423 ra-

1026 1441 1178 1480 tione
1201 1452 1377 1479 eorum
1395 1470 1405 1491 ‚
1426 1441 1517 1492 qui
1539 1439 1878 1494 syngraphas

1007 1494 1359 1549 (contracte)
1402 1498 1666 1545 scribunt,
1710 1497 1752 1536 in
1784 1497 1878 1548 qui-

1027 1553 1107 1593 bus
1137 1553 1442 1606 componendis
1471 1566 1678 1593 summam
1716 1553 1879 1593 cautio-

1028 1622 1125 1649 nem
1153 1622 1203 1649 ac
1233 1609 1494 1661 diligentiam
1518 1610 1675 1661 requiii
1696 1615 1879 1652 constat.

1028 1665 1335 1720 [Funkhaenel‚
1363 1666 1609 1719 Philologus
1632 1667 1703 1708 111.
1726 1679 1768 1720 p.
1793 1667 1876 1707 321

1028 1719 1170 1775 —24.]
1213 1721 1333 1763 Unde
1373 1723 1501 1762 etiam
1543 1723 1763 1764 Gaiusl.
1796 1723 1876 1762 112

1029 1778 1368 1844 syngrapharum
1408 1779 1612 1819 formulas
1652 1779 1879 1819 arbitratur

1028 1848 1178 1885 quam
1217 1836 1443 1875 maxime
1491 1836 1659 1881 certis
1701 1843 1749 1874 et
1789 1846 1878 1875 so—

1028 1892 1297 1931 lemnibus
1328 1892 1508 1931 verbis
1539 1900 1733 1944 oportere
1755 1903 1870 1931 com-

1025 1948 1188 2000 positas
1221 1959 1331 1988 esse.
1374 1947 1582 1987 Nimirum
1607 1948 1750 1988 iocose
1770 1946 1874 1986 haec

1027 2004 1127 2043 dicit
1146 2003 1340 2043 Socrates
1362 2004 1594 2056 respiciens
1615 2016 1724 2055 quae
1746 2003 1873 2044 modo

1027 2061 1080 2099 de
1113 2059 1310 2099 Simmiae
1340 2060 1629 2112 magnitudine
1665 2068 1705 2100 et
1732 2061 1879 2113 parvi-

1025 2122 1111 2155 tate
1164 2117 1389 2181 exposuit,
1438 2117 1480 2156 in
1531 2117 1683 2182 quibus
1738 2116 1874 2156 istud·

998 2187 1005 2195 x
1024 2166 1280 2236 υπερέχειν
1301 2171 1363 2238 τῷ
1386 2168 1600 2226 μεγέθει,
1630 2166 1875 2238 ὑπερέχων

1025 2222 1115 2280 τὴν
1145 2214 1435 2295 σμικρότητα
1466 2236 1507 2268 et
1542 2225 1765 2294 παρέχων
1794 2224 1876 2281 μέ-

1026 2285 1172 2337 γεθος
1194 2280 1427 2338 υπερέχον
1447 2278 1755 2338 σμικρότητος
1776 2297 1877 2338 spe—

1026 2341 1130 2379 ciem
1162 2340 1287 2380 habet
1313 2342 1526 2380 maximae
1555 2341 1801 2393 diligentiae
1835 2346 1876 2381 et

1026 2398 1329 2461 accuiationis‚⁵
1359 2398 1528 2448 qualem
1562 2397 1667 2437 alias
1703 2399 1742 2437 in
1777 2409 1877 2449 syn—

1023 2453 1198 2506 graphis
1229 2454 1564 2493 animadvertere
1598 2454 1753 2497 liceret
1798 2453 1875 2494 Ca·

1025 2510 1211 2550 vendam
1239 2522 1361 2564 vero,
1400 2522 1452 2550 ne
1480 2511 1576 2550 ideo
1605 2523 1700 2550 cum
1722 2510 1873 2561 Wyt·

1026 2565 1278 2606 tenbachi
1291 2578 1314 2607 o
1336 2573 1461 2633 putes
1478 2579 1554 2621 pro
1572 2559 1699 2620 ἐρεῖν
1719 2566 1878 2617 requiri

1025 2624 1165 2675 potius
1227 2618 1486 2687 εἰρηκέναι.
1536 2625 1623 2663 lmo
1682 2623 1875 2663 futurum

1024 2679 1261 2719 lectissime
1291 2680 1475 2732 ponitur.
1515 2679 1604 2719 Hoc
1633 2680 1745 2719 enim
1773 2679 1877 2719 dicit

1025 2734 1245 2776 Sociates:
1287 2735 1414 2776 Dum
1440 2737 1547 2776 isto
1584 2737 1732 2777 modo
1764 2735 1877 2775 dis-

1024 2804 1169 2842 sero,
1192 2792 1380 2832 videor
1409 2793 1539 2833 adeo
1570 2805 1764 2832 usurus
1788 2804 1878 2831 es-

1024 2860 1080 2888 se
1108 2848 1397 2901 diligentia
1424 2850 1530 2889 ista
1557 2861 1758 2900 eorum,
1790 2849 1878 2898 qui

1024 2905 1363 2958 syngraphas
1425 2906 1687 2947 scribunt.
1766 2905 1875 2945 Tum

1023 2973 1123 3001 vero
1166 2973 1369 3014 pergens:
1431 2962 1525 3002 sed
1563 2962 1723 3002 misso
1764 2961 1873 3000 isto

1026 3029 1107 3055 res
1136 3024 1280 3057 certe
1309 3019 1386 3057 ita‘
1414 3018 1730 3064 sesehabet‚
1757 3017 1874 3069 opi·

1026 3085 1141 3123 nor,
1166 3081 1219 3114 ut
1240 3074 1376 3117 dico.
1418 3072 1615 3116 Ceterum
1638 3074 1759 3113 etiam
1787 3073 1886 3113 Cic..

1024 3142 1101 3182 pro
1123 3128 1291 3172 Muren.
1311 3143 1347 3170 c.
1371 3132 1423 3171 17
1451 3132 1511 3171 in.
1539 3131 1781 3182 Peryitz‘sne
1801 3141 1875 3169 vos

1024 3190 1232 3238 tamquam
1258 3199 1318 3227 ex
1349 3187 1598 3239 syngrapha
1625 3198 1755 3238 agere
1785 3198 1875 3225 cum

1022 3243 1214 3294 populo?
1253 3255 1385 3283 sensu
1426 3243 1596 3292 quidem
1634 3241 1872 3294 paullulum

1026 3297 1210 3338 diverso.
1250 3321 1308 3328 —
1346 3299 1446 3339 Mox
1474 3298 1588 3362 quod
1608 3304 1706 3350 post
1727 3295 1872 3338 τοῦδε

1025 3366 1166 3394 ενεκα
1207 3354 1384 3395 infertui
1425 3347 1729 3408 βουλόμενος,
1772 3354 1799 3394 i.
1831 3365 1868 3395 e

1023 3421 1099 3450 οτι
1134 3405 1382 3464 βούλομαι,
1423 3410 1783 3451 constructionem
1817 3409 1874 3449 ad

1024 3463 1067 3506 h.
1110 3466 1138 3507 l.
1198 3466 1430 3508 declaravit
1497 3465 1869 3516 Heindorfius,
