2158 3718
341 108 444 160 202
945 110 989 162 P
1005 110 1189 163 LAT
1213 109 1431 164 ONIS

340 258 546 323 ἐτέρας.
596 257 957 324 τεκμαίρομαι
1005 259 1062 310 δὲ
1106 260 1162 309 ἔκ
1210 277 1359 319 τινος
1403 261 1694 322 ἐνυπνίου,
1739 255 1767 311 ὃ
1817 256 2035 329 ἑώρακα

340 337 530 407 ὀλίγον
575 339 848 408 πρότερον
896 338 1100 405 ταύτης
1144 342 1242 406 τῆς
1285 341 1514 404 νυκτός·
1573 345 1663 418 κοςὶ
1707 343 2037 408 κινδυνεύεις

340 429 397 476 ἐν
454 425 627 492 καιρῷ
686 444 793 477 τινι
850 424 950 479 οὐκ
1008 429 1214 495 ἑγεῖραί
1265 448 1348 495 με.
1433 428 1552 480 ΚΡ.
1594 419 1710 480 'H'v
1766 430 1821 480 δὲ
1869 425 1932 493 δὴ
1984 434 2038 482 τί

339 504 402 561 τὸ
449 506 733 569 ὲνύπνιον;
820 508 952 562 ΣΩ.
994 506 1212 563 Ἐδόκει
1246 514 1326 573 τίς
1350 531 1446 580 μοι
1469 507 1607 579 γυνὴ
1638 515 2036 579 προςελθοῦσα

337 589 478 658 καλὴ
521 595 612 646 καὶ
658 590 896 657 εὐειδής,
955 589 1118 647 λευκοι
1165 591 1359 663 ἱμάτια
1404 598 1630 664 ἔχουσα,
1690 600 1916 649 καλέσαι
1969 618 2036 665 με
2080 618 2086 621 ’

338 678 431 729 καὶ
474 681 672 740 εἰπεῖν,
700 667 777 729 Ὠ
823 675 1150 746 Σώκρατες,
1196 674 1369 745 ἤματί
1409 700 1500 732 κεν
1546 676 1784 749 τριτάτῳ
1837 683 2038 747 Φθίην

338 761 605 832 ἐρίβωλον
666 764 826 814 ἱκοιο.
921 762 1062 816 ΚΡ.
1099 760 1196 826 Ως
1251 761 1470 818 ἄτοπον
1527 762 1588 817 τὸ
1651 761 1937 828 ἐνύπνιον,
1992 756 2032 818 ὦ

456 922 504 963 Β.
566 921 622 967 ὥς
662 925 721 975 γε’
755 939 851 974 μοι
890 923 952 976 δ.]
1002 925 1049 968 V.
1087 923 1144 970 (ὗς
1182 925 1281 975 ἐμοὶ
1324 927 1360 967 ὃ.
1420 926 1508 967 Sed
1553 925 1678 967 Bodl.
1719 927 1815 970 Vat.
1851 928 1961 968 Ven.
1996 928 2035 970 b.

338 978 466 1020 Vind.
506 980 547 1022 1.
588 981 628 1023 6.
671 982 710 1025 7.
753 981 884 1023 Huet.
931 982 1033 1024 Par.
1069 981 1163 1024 DS.
1207 984 1324 1027 Flor.
1358 983 1385 1024 f.
1418 998 1458 1037 g.
1491 982 1626 1030 1«.ch
1660 986 1710 1037 γε’
1736 999 1814 1037 μοι
1846 986 1884 1025 «5.
1916 986 2034 1038 quod

338 1043 456 1078 recte
491 1038 666 1080 Herm.
702 1041 900 1080 restituit.
959 1040 1121 1082 Contra
1158 1041 1271 1082 Tub.
1307 1042 1419 1082 Fior.
1459 1041 1499 1084 d.
1571 1041 1664 1095 (ιγ’
1696 1042 1792 1091 ἐμοὶ
1824 1043 1862 1085 «5.

452 1095 559 1147 Cap.
601 1096 670 1136 ΙΙΙ.
730 1096 790 1136 ου’
824 1097 975 1149 μίαξ
987 1114 1109 1152 υμφ.
1124 1098 1138 1151 ]
1172 1101 1225 1143 V.
1258 1098 1458 1151 0⁰²&stth
1489 1099 1604 1151 quod
1639 1114 1662 1140 e
1696 1099 1831 1144 Coisl.
1852 1101 1967 1142 Ven.
1990 1117 2037 1143 ....

334 1151 456 1193 vind.
490 1154 529 1196 2.
562 1153 602 1196 3
641 1154 737 1194 Par.
771 1155 860 1195 BE
877 1155 933 1195 H.
967 1158 1082 1209 Ang
1118 1156 1277 1200 [doni.
1313 1158 1416 1200 Zitt
1450 1164 1707 1198 correctum.
1770 1158 1874 1198 Dein
1906 1160 2035 1210 ἐστιν,

332 1208 507 1263 ἅλλὰχ.
543 1224 567 1252 e
602 1212 728 1256 Bodl.
762 1212 895 1256 Coisi.
929 1214 1042 1256 Ven.
1073 1218 1119 1256 Ξ.
1155 1218 1262 1268 Ang.
1293 1215 1393 1256 Par.
1427 1214 1582 1255 BEH.
1623 1215 1743 1256 vind.
1775 1216 1816 1258 2.
1849 1215 1890 1259 3.
1925 1217 2034 1258 Zitt.

333 1367 438 1391 των
468 1351 688 1407 κύριοι]
724 1354 1024 1408 Intelliguntur
1055 1370 1142 1399 un-

334 1409 454 1450 deci
475 1410 652 1462 mviri‚
694 1414 740 1452 οἱ
770 1409 929 1465 ἕνδεκα,
961 1414 1034 1466 qui
1068 1413 1143 1455 ha-

333 1466 494 1508 bebant
543 1472 804 1521 potestatem
856 1472 1039 1512 carceris
1099 1479 1144 1514 et

334 1525 649 1579 suppliciorum
700 1528 753 1567 ab
798 1528 847 1569 iis
906 1529 1140 1570 sumendo-

334 1594 457 1635 rum,
507 1585 577 1636 qui
621 1585 794 1637 publice
837 1586 1027 1635 damnati
1071 1600 1141 1628 es

334 1645 445 1684 sent.
494 1640 557 1682 Ea
591 1648 690 1683 sunt
722 1641 758 1685 Ιι.
789 1644 818 1683 1.
850 1644 1006 1687 vasum
1055 1644 1140 1686 Ce-

334 1703 472 1740 terum
517 1712 555 1739 v.
603 1699 655 1740 ad
697 1701 888 1755 Apoiog
937 1701 1060 1746 Socr.
1101 1716 1140 1743 c.

334 1754 619 1800 XXV11.De
640 1759 862 1811 particulis
892 1763 941 1813 γέ
967 1775 1038 1800 τοι
1069 1759 1141 1813 δή,

335 1826 449 1866 quae
481 1813 638 1856 habent
668 1815 750 1857 vim
772 1817 1012 1859 affirmandi
1043 1831 1140 1859 cum

336 1872 637 1922 restrictione,
683 1885 720 1913 v.
758 1876 1053 1917 Hermann.
1086 1876 1140 1918 ad

339 1929 479 1983 Viget.
513 1944 552 1984 p.
587 1931 684 1974 790.

394 2021 770 2070 τεκμαίρομαι
839 2019 891 2059 δὲ
958 2022 1011 2060 ἔκ
1070 2037 1144 2061 τι-

337 2087 430 2117 νος
461 2074 543 2127 -]
586 2073 811 2128 Frequens
843 2082 910 2119 est
939 2077 1007 2119 hic
1039 2091 1144 2120 usus

338 2129 457 2171 verbi
486 2135 815 2186 τεκμαίρεσθαι,
846 2148 934 2187 quo
970 2136 1028 2177 ita
1062 2150 1144 2188 ρο-

338 2188 475 2240 nitur,
517 2195 564 2230 ut
596 2195 732 2230 τοῖιο
766 2205 799 2232 s.
832 2192 942 2234 αὐτὸ
982 2194 1141 2235 intelli-

338 2245 526 2298 gendum
567 2248 844 2300 relinquatur.
885 2264 923 2291 v.
967 2252 1029 2292 De
1071 2266 1142 2293 re·

339 2303 456 2356 publ.
499 2305 570 2347 111.
610 2320 650 2358 p.
683 2306 783 2351 406.
825 2310 875 2350 Ι).
914 2309 1053 2361 Gorg.
1082 2324 1141 2408 A).

337 2360 437 2404 484.
483 2363 529 2403 B.
588 2363 807 2406 Phaedon.
858 2380 898 2420 p.
942 2367 1040 2410 108.
1082 2370 1140 2408 Α.

338 2417 487 2472 Lysid.
521 2435 559 2474 p.
595 2421 694 2465 204.
731 2423 779 2466 Ε.
813 2423 1002 2478 Hippias
1038 2427 1138 2467 mai.

340 2490 382 2529 p.
424 2477 526 2521 287.
567 2479 614 2519 C.
673 2481 857 2534 Eurip.
899 2484 1059 2523 Alcest.
1103 2496 1141 2524 v,

340 2533 529 2577 245.a1.
590 2535 687 2577 Non
734 2539 826 2579 sine
869 2552 1023 2581 caussa
1063 2553 1139 2581 au·

340 2596 427 2632 tem
461 2593 673 2635 adduntur
693 2595 822 2636 verba
854 2595 1001 2648 ὀλίγον
1030 2596 1139 2652 πρό-

339 2661 478 2703 τερον,
548 2651 662 2693 Nam
703 2653 866 2694 somnia
913 2660 1012 2706 post
1050 2668 1140 2695 me-

340 2706 456 2747 diam
489 2714 660 2750 noctem
696 2711 787 2750 visa
809 2724 886 2763 pro
917 2712 1031 2753 veris
1064 2711 1138 2752 ha-

340 2764 431 2805 beri
492 2767 703 2809 sotebant.
770 2780 807 2808 ν.
873 2769 1138 2810 Homeri

342 2821 501 2874 Odyss
544 2824 622 2868 IV
658 2838 695 2864 ν.
727 2825 811 2869 842
838 2839 930 2879 sqq.
970 2826 1067 2870 XX.
1099 2840 1139 2866 v.

344 2878 560 2923 82-91,
619 2882 884 2924 Horatius
934 2885 1061 2925 Satir.
1102 2886 1138 2926 I.

344 2938 421 2988 10,
453 2938 523 2981 33.
585 2940 847 2983 Quirinus
889 2948 1011 2995 post
1039 2955 1139 2983 me

342 2995 485 3037 diam
518 3003 729 3039 noctem
765 3000 942 3051 visus,
980 3013 1138 3053 quum

344 3055 551 3096 somnia.
582 3068 721 3097 vera.

400 3141 454 3179 ἐν
517 3146 685 3197 καιριῦ
746 3144 880 3198 τινι]
953 3158 1140 3200 perop-

346 3202 598 3251 portune,
635 3206 682 3241 ut
713 3203 968 3244 sexcenties.
1008 3204 1137 3244 Κιν-

343 3254 617 3308 δυνεύειν,
663 3259 780 3312 quod
832 3262 1006 3315 proprie
1050 3267 1139 3303 est·

343 3313 393 3353 in
426 3316 673 3367 periculo
714 3320 952 3370 versari,
998 3320 1134 3373 peri-

346 3371 413 3412 cii
429 3373 547 3426 tari,
570 3381 778 3428 sequente
801 3377 1003 3420 infinitivo
1028 3379 1136 3420 alio·

1224 1369 1320 1398 rum
1346 1355 1571 1397 verborum
1597 1355 1856 1408 saepissime
1877 1369 1901 1396 a
1924 1356 2035 1398 scri·

1224 1415 1418 1468 ptoribus
1500 1414 1650 1454 Atticis
1720 1414 1780 1454 ita
1849 1415 2035 1467 ponitur,

1224 1478 1271 1513 ut
1302 1472 1414 1514 idem
1454 1472 1509 1511 sit
1544 1471 1658 1522 quod
1699 1471 1866 1523 δοκεῖν,
1907 1471 2034 1513 sicuti

1225 1531 1356 1571 etiam
1405 1534 1510 1571 vett.
1561 1529 1846 1570 Grammatici
1903 1529 2033 1570 inter·

1224 1593 1467 1642 pretantur,
1511 1585 1564 1627 de
1607 1587 1762 1638 quibus
1789 1599 1828 1631 ν.
1860 1585 2032 1628 Ruhn-

1222 1646 1338 1689 ken.
1372 1644 1425 1686 ad
1458 1643 1572 1687 Tim.
1604 1657 1643 1697 p.
1665 1644 1764 1688 159.
1797 1644 2033 1687 Valcke-

1227 1716 1335 1746 nar.
1367 1702 1423 1744 ad
1459 1701 1625 1743 Herod.
1661 1703 1709 1744 V.
1739 1701 1838 1746 105.
1899 1699 2035 1743 Nimi-

1227 1774 1323 1803 rum
1379 1765 1500 1802 ortus
1552 1765 1621 1801 est
1675 1774 1781 1803 usus
1831 1758 2035 1812 loquendi

1229 1832 1282 1861 ex
1329 1830 1489 1872 genere
1531 1817 1719 1871 quodam
1759 1816 2033 1870 antiphrasis,

1228 1890 1314 1930 qua
1366 1877 1536 1916 Atticos
1597 1875 1809 1928 imprimis
1861 1878 2036 1916 constat

1226 1934 1354 1976 valde
1386 1933 1629 1975 delectatos
1662 1947 1775 1977 esse.

1279 1990 1488 2034 Ἐδόκει
1518 1991 1601 2036 τίς
1629 2006 1728 2043 μοι
1756 1987 1886 2045 γυνὴ
1921 1988 2032 2042 πρ,]

1226 2048 1378 2092 Δοκεῖν
1409 2055 1477 2090 est
1507 2049 1682 2090 verbum
1721 2047 1941 2102 proprium
1976 2047 2032 2088 de

1223 2109 1328 2150 visis
1390 2113 1433 2148 et
1481 2107 1718 2148 insomniis.
1777 2103 2029 2157 Euripid.

1225 2165 1368 2220 Iphig.
1383 2165 1514 2205 Taur.
1539 2178 1576 2207 v
1597 2163 1667 2207 44.
1695 2162 1810 2207 ἔδοξἓ
1840 2164 1882 2203 ἐν
1898 2160 2030 2212 ὕπνῳ.

1225 2225 1372 2266 Orest.
1412 2236 1451 2263 v.
1482 2221 1583 2266 402.
1618 2220 1735 2264 ἔδοξ’
1777 2222 1883 2261 ἰδεῖν
1921 2223 2033 2274 τρεῖς

1225 2280 1344 2322 νυκτὶ
1402 2283 1651 2334 προςφερεῖς
1707 2276 1855 2334 κόρας.
1921 2278 2030 2319 Ari-

1225 2337 1398 2393 stoph.
1443 2338 1570 2393 Vesp.
1622 2350 1663 2379 ν.
1695 2335 1766 2380 31.
1805 2333 1922 2379 ἔδοξέ
1953 2351 2032 2388 μοι

1225 2396 1321 2448 περὶ
1357 2401 1529 2450 πρῶτον
1566 2393 1700 2436 {lavor
1737 2395 1779 2434 ἐν
1821 2396 1875 2448 τῇ
1907 2393 2032 2432 πυκνὶ

1224 2452 1512 2506 ἐκκλησιάζειν
1550 2469 1586 2492 κ.
1627 2469 1666 2492 τ.
1707 2451 1742 2492 λ.
1812 2450 2029 2493 Quoniam

1225 2516 1368 2553 autem
1411 2523 1625 2564 personae
1665 2510 1704 2549 in
1745 2508 1910 2549 somnis
1950 2520 2029 2560 ap-

1225 2575 1426 2622 parentes
1459 2569 1624 2608 divinae
1661 2580 1759 2607 esse
1789 2564 2028 2606 credeban-

1226 2632 1320 2676 tur,
1376 2626 1469 2666 hinc
1506 2626 1575 2677 fit,
1623 2629 1670 2664 ut
1709 2624 1799 2665 sere
1842 2621 2028 2664 humana

1227 2683 1372 2736 specie
1419 2683 1705 2736 pulchriores,
1756 2680 2026 2733 grandiores,

1225 2741 1499 2795 augustiores
1540 2742 1751 2794 fingantur
1793 2744 1927 2790 atque
1962 2737 2024 2779 di—

1225 2805 1390 2842 cantur.
1453 2799 1603 2851 ltaque
1622 2797 1880 2847 mutierula,
1912 2807 2025 2848 quae

1226 2857 1396 2898 Socrati
1435 2857 1658 2911 apparuit,
1701 2859 1880 2896 vocatur
1916 2851 2019 2904 καλὴ

1226 2915 1297 2954 καὶ
1324 2914 1516 2967 εὐειδής,
1555 2912 1782 2967 pulchra
1829 2916 1885 2952 et
1915 2909 2024 2951 sor-

1227 2987 1392 3024 mosa,
1453 2973 1692 3024 eademque
1749 2970 1830 3011 suit
1896 2966 2020 3008 λευκὰ

1224 3028 1379 3085 ἱμάτια
1410 3032 1590 3084 ἔχουσα,
1624 3030 1661 3070 ΙΙ.
1695 3042 1732 3070 e.
1762 3025 2023 3068 vestibus

1219 3089 1469 3131 candidis
1538 3087 1746 3133 induta,
1817 3083 2019 3136 quoniam

1219 3153 1391 3188 veteres
1423 3147 1608 3201 spectris
1639 3140 1842 3185 candidas
1877 3145 2020 3182 vestes

1220 3206 1492 3255 tribuebant,
1537 3205 1592 3245 de
1622 3215 1704 3255 qua
1736 3213 1783 3240 re
1815 3212 1853 3239 v.
1885 3199 2019 3252 intpp.

1221 3263 1274 3304 ad
1319 3263 1480 3305 Plinii
1529 3261 1668 3315 Epist.
1713 3257 1807 3298 VII.
1850 3255 1920 3299 27.
1962 3279 2018 3286 -—

1219 3318 1343 3362 λευκά
1375 3320 1487 3362 idem
1520 3317 1636 3372 quod
1668 3311 1870 3369 λαμπροί,
1908 3311 1944 3354 Ιι.
1981 3327 2019 3357 e.

1220 3378 1476 3421 candida.
1531 3375 1645 3419 Vide
1675 3372 1727 3416 ad
1758 3371 2018 3414 'rhomam
