2158 3718
565 187 1316 244 CRITO.P.48.St.

1687 187 1788 240 225

80 342 218 410 ἐμοῦ
262 342 534 410 λέγοντος,
579 337 841 407 ἀντίλεγε,
898 342 991 392 καί
1040 358 1128 394 σοι
1172 341 1458 406 πείσομαι·
1504 356 1550 390 ει
1594 337 1650 388 δὲ
1694 334 1789 405 μή,

80 429 298 480 παῦσαι
340 419 462 490 ἤδη,
507 413 547 476 ὦ
595 422 848 490 μακάριε,
893 422 1159 487 πολλάκις
1195 443 1291 492 μοι
1335 423 1503 487 λέγων
1544 418 1645 473 τὸν
1687 417 1789 472 αὐ·
1826 422 1875 475 Ε

82 507 184 564 τὸν
226 508 424 575 λόγον,
479 503 551 570 ὡς
599 503 707 578 χρὴ
766 509 993 560 ἐνθένδε
1038 504 1291 561 ἀκόντων
1328 503 1654 570 Ἀθηναίων
1699 507 1789 574 ἐμὲ

81 592 304 648 ἀπιέναι
318 608 332 623 ·

399 589 473 654 ὡς
542 589 642 660 ἐγώ
704 595 826 659 περὶ
897 593 1106 645 πολλοῦ
1168 591 1439 658 ποιοῦμαι
1494 591 1677 642 πεῖσαί
1731 605 1788 641 σε

82 680 263 732 ταῦτα
309 674 602 748 πράττειν,
661 671 804 728 ἀλλα
862 671 937 743 μὴ
980 673 1237 738 ἄκοντος.
1300 671 1407 746 ὅρα
1467 675 1522 726 δὲ
1582 669 1648 737 δὴ
1693 673 1794 738 τῆς

81 767 324 835 σκέψεως
367 755 470 825 τὴν
512 755 709 830 ἀρχήν,
759 756 859 813 ὲοέν
899 778 984 814 σοι
1012 761 1214 823 ἱκανῶς
1260 762 1511 826 λέγηται,
1541 758 1632 810 καὶ
1679 776 1794 810 πει-

81 846 157 915 ρῶ
202 842 618 914 αποκρίνεσθαι
658 839 724 897 τὸ
768 841 1150 915 ἐρωτώμενον,
1206 833 1238 919 ἦ
1282 837 1355 895 ἂν
1400 840 1643 912 μάλιστα
1685 838 1792 917 οἵῃ.
1830 835 1898 887 49

83 929 203 982 ΚΡ.
247 925 339 981 Ἀ)
346 924 415 981 λα
461 924 813 999 πειράσομαι.

202 1119 366 1171 πειρῶ
413 1114 862 1171 ἀποκρίνεσθαι]

925 1117 1049 1157 Vett.
1091 1114 1210 1160 editt.
1277 1111 1622 1169 ἀποκρίνασθαι,

1680 1116 1797 1168 quod

84 1176 153 1217 vix
182 1186 291 1216 unus
326 1176 493 1217 alterve
532 1175 730 1217 codicum
773 1180 942 1225 tuetur3
982 1186 1188 1227 praesens
1230 1174 1292 1215 rei
1324 1175 1403 1228 ipsi
1435 1174 1599 1228 optime
1629 1180 1697 1215 est
1725 1186 1799 1215 ac-

82 1231 420 1274 commodatum.

86 1379 236 1428 parata
287 1373 632 1425 esse-videtur,
685 1379 733 1415 ut
786 1375 903 1415 nuno

88 1431 220 1474 modo
271 1434 444 1482 tolerari
487 1437 636 1486 queat.
695 1432 801 1474 Nam
855 1438 906 1473 ut

86 1494 256 1532 taceam
303 1491 359 1532 de
413 1490 504 1532 aliis
565 1489 904 1541 difficultatibuS,

87 1547 184 1598 quis
216 1559 300 1588 non
346 1547 542 1590 offendat
581 1547 626 1588 in
666 1560 745 1599 eo,
788 1548 904 1600 quod

88 1603 294 1646 Socrates
334 1610 481 1659 optat,
529 1611 577 1645 ut
616 1605 780 1646 Critoni
820 1617 904 1645 non

86 1663 219 1703 invito
258 1665 513 1704 sententiam
563 1676 681 1703 suam
729 1675 906 1716 persua-

88 1719 226 1760 dent?
286 1719 500 1762 Nimirum
551 1719 631 1761 hoe
671 1725 714 1761 et
745 1733 824 1773 per
859 1733 905 1760 se

89 1778 241 1819 mirum
283 1783 350 1819 est
390 1784 434 1820 et
483 1778 559 1818 viri
607 1778 907 1831 sapientissimi

88 1845 247 1887 resque
277 1835 483 1877 humanas
503 1848 606 1889 prae
624 1836 781 1877 virtute
804 1849 908 1877 con-

91 1897 257 1934 stanter
331 1893 644 1935 contemnentis
720 1906 906 1946 persona

89 1962 268 2003 prorsus
301 1951 532 2004 indignum.
585 1953 723 2002 Atque
754 1951 904 1992 eadem

91 2007 345 2049 difficultate
378 2008 586 2061 premitur
631 2009 762 2048 etiam
792 2009 911 2049 ratio

91 2064 380 2109 Sommeri.
452 2065 602 2118 ltaque
651 2067 910 2118 relinquitur

91 2123 229 2163 altera
258 2124 395 2173 ratio,
435 2130 481 2163 nt
512 2133 734 2163 sumamus
766 2124 909 2163 Crito·

92 2192 189 2220 nem
224 2192 322 2220 esse
351 2181 605 2228 subiectum,
640 2180 692 2220 ad
727 2176 912 2220 ἄκοντος

93 2242 239 2278 autem
283 2237 512 2291 cogitando
545 2236 756 2277 addamus
788 2236 908 2288 ἐμοῦ.

93 2295 163 2335 Ita
194 2307 297 2335 vero
327 2295 541 2335 sententia
572 2292 676 2334 haee
694 2300 783 2335 est:
810 2309 907 2336 ma-

16 2398 19 2403 r
94 2351 182 2406 gni
222 2351 458 2392 aestimo
508 2357 562 2392 te
614 2350 741 2392 mihi
793 2366 909 2394 sua·

96 2409 245 2457 dere,
286 2410 430 2450 utici
470 2422 647 2462 agam,
698 2408 735 2450 h.
777 2425 815 2454 e.
856 2416 911 2450 ut

95 2466 276 2518 fugam
309 2478 621 2520 capessam,
661 2467 817 2509 modo
850 2480 910 2508 ne

96 2532 179 2564 me
211 2524 398 2564 invito
430 2523 526 2566 hoc
558 2524 754 2567 facias.
788 2526 912 2568 Quae

98 2583 135 2621 si
169 2580 412 2633 diligentius
464 2582 774 2635 perpenderis,
812 2582 914 2624 nihii

96 2638 209 2681 aliud
243 2640 481 2691 significare
515 2639 681 2680 videbis
712 2640 789 2682 nisi
811 2640 915 2682 hocz

98 2707 425 2750 generosam
511 2702 650 2738 tuam
730 2698 913 2740 amiei-

100 2752 252 2800 tiam,
297 2766 398 2805 ,qua
439 2754 531 2805 sit,
582 2759 636 2795 ut
677 2754 799 2795 mihi
841 2756 913 2796 fu-

99 2822 212 2864 gam
256 2811 517 2863 suadeas,
569 2814 764 2864 utique
804 2815 915 2865 pin-

99 2868 219 2909 rimi
289 2868 459 2918 facicm
514 2869 608 2911 sed
669 2869 916 2911 n³olihoc

102 2926 715 2975 committere‚utmeae
744 2929 917 2981 ipsius

100 2983 380 3022 voluntati
411 2996 474 3023 ac
504 2985 815 3025 sententiae
845 2987 916 3025 ni-

103 3037 180 3079 hii
222 3040 465 3090 tribuas,
505 3052 663 3092 quum
704 3055 804 3095 ego
844 3056 921 3084 so—

105 3097 246 3148 leam
290 3110 388 3138 non
438 3110 614 3138 rerum
665 3105 922 3140 externa-

103 3165 212 3194 rum
241 3155 535 3196 momentis
565 3158 923 3208 commoveri,

105 3210 204 3252 sed
243 3213 420 3253 solius
456 3212 717 3252 veritatis
749 3214 923 3255 virtu-

105 3269 298 3322 tisque
342 3270 672 3311 rationibus.
717 3269 839 3314 Conf.
879 3285 921 3324 p.

104 3324 175 3368 46.
205 3326 255 3369 Β.
286 3321 528 3397 ιυΚ’ριτωι
561 3322 823 3379 ἧπροθυμιά
843 3342 924 3370 σου

107 3384 270 3425 πολλοῦ
300 3378 397 3437 ἀξία
429 3386 509 3427 κτλ.
564 3385 691 3425 Hane
724 3397 825 3428 vero
857 3387 920 3427 in-

106 3443 456 3493 terpretationem
500 3443 750 3483 confirmant
789 3443 922 3487 verba

165 3510 276 3551 Plat.
310 3513 422 3566 Opp.
455 3513 556 3553 vol.
588 3512 625 3552 1.
659 3511 707 3553 Ρ.
740 3512 770 3553 l.

991 1386 1268 1427 praegressa·
1320 1373 1366 1414 εἴ
1405 1387 1461 1426 πῃ
1503 1373 1610 1424 ἔχεις
1647 1368 1805 1414 ἀντιλέ-

991 1446 1082 1485 γειν
1123 1428 1233 1480 ἐμοῦ
1281 1430 1484 1484 λέγοντος
1530 1432 1638 1480 κτλ;
1687 1431 1803 1487 quod

992 1491 1100 1530 enim
1135 1490 1191 1529 ibi
1224 1489 1396 1530 dicitur:
1435 1489 1478 1530 εἰ
1503 1480 1548 1529 δὲ
1575 1486 1654 1542 μή,
1696 1488 1805 1530 παῦ-

992 1560 1062 1588 σαι
1098 1542 1443 1600 ἥδη-πολλάκις
1472 1561 1542 1597 μοι
1577 1546 1712 1600 λέγων
1733 1543 1807 1587 τὸν

991 1598 1126 1645 αυτὸν
1173 1601 1324 1658 λόγον,
1373 1605 1414 1645 id
1471 1617 1584 1646 nunc
1635 1606 1808 1646 brevius

993 1663 1242 1705 enuntiatur
1272 1663 1415 1703 verbis
1451 1657 1552 1702 ἀλλὰ
1585 1659 1640 1715 μὴ
1677 1661 1806 1704 ἄκον-

994 1731 1080 1760 τος.
1113 1719 1253 1761 Recte
1291 1733 1392 1762 vero
1423 1721 1479 1761 ita
1513 1720 1643 1760 ταῦτα
1679 1718 1808 1775 πράτ-

994 1792 1080 1819 τειν
1110 1779 1302 1830 ponitur:
1342 1778 1518 1830 gravius
1563 1779 1675 1820 enim
1715 1792 1807 1820 rem

993 1835 1304 1890 significaturus
1345 1836 1549 1876 Socrates
1590 1836 1809 1878 Critonem

992 1895 1052 1936 ait
1087 1893 1165 1934 sibi
1185 1893 1448 1946 persuadere
1465 1895 1625 1940 conari,
1657 1899 1705 1934 ut
1731 1893 1811 1935 hoc

992 1956 1145 2004 agat,
1185 1950 1223 1991 h.
1267 1964 1304 1991 e.
1354 1956 1401 1990 ut
1433 1949 1576 2003 fugam
1610 1953 1812 1993 moliatur

994 2015 1037 2050 et
1069 2014 1289 2060 capessat:
1324 2008 1362 2047 in
1383 2021 1467 2059 qua
1497 2010 1708 2049 sententia
1737 2022 1810 2050 ne·

994 2079 1066 2107 mo
1102 2072 1169 2106 est
1202 2067 1301 2117 quin
1335 2065 1482 2106 videat
1500 2066 1602 2106 iilud
1633 2066 1809 2108 verbum

995 2126 1135 2164 locum
1177 2136 1298 2163 suum
1342 2123 1571 2175 eleganter
1598 2124 1810 2168 obtinere.

995 2181 1246 2231 Quanquam
1290 2177 1488 2232 πράττειν
1520 2182 1646 2222 etiam
1688 2184 1814 2234 poni·

995 2243 1068 2278 tur
1102 2237 1356 2290 simpiiciter
1386 2251 1465 2290 pro
1499 2239 1637 2278 verbo
1669 2242 1814 2281 cuius-

995 2307 1161 2346 cunque
1191 2294 1362 2347 generis
1385 2306 1438 2336 ex
1465 2297 1818 2348 antegressisre-

995 2351 1198 2405 petendo.
1242 2365 1279 2393 v.
1319 2351 1374 2391 ad
1409 2352 1681 2407 Sophistsp.
1718 2354 1817 2399 267.

1000 2411 1050 2450 Β.
1081 2408 1268 2449 Pluralis
1301 2410 1432 2449 ταῦτα
1463 2416 1604 2451 autem
1647 2412 1702 2453 de
1733 2413 1818 2453 'una

996 2480 1042 2507 re
1073 2468 1241 2521 positus
1262 2468 1490 2519 neminem,
1523 2470 1691 2521 opinor,
1722 2471 1817 2511 moss

996 2525 1163 2565 rabitur
1193 2526 1267 2574 qui
1296 2525 1453 2577 legerit
1471 2538 1571 2568 ann.
1604 2528 1656 2567 a'd
1693 2531 1816 2581 ΑροΙ.

999 2596 1041 2634 p.
1084 2581 1154 2626 19.
1196 2581 1254 2622 D.
1295 2581 1418 2625 Prot.
1461 2597 1499 2636 p.
1539 2584 1638 2627 331.
1680 2585 1729 2626 E.
1765 2589 1816 2627 ai.

1002 2640 1218 2691 Deinceps
1251 2645 1352 2693 post
1390 2636 1448 2694 μή
1479 2646 1653 2695 repetas
1685 2657 1708 2682 e
1740 2656 1814 2685 su-

999 2697 1238 2751 perioribus
1276 2698 1452 2738 verbum
1480 2729 1492 2749 ,
1539 2712 1652 2752 quae
1702 2700 1813 2742 ratio

1000 2768 1054 2796 ne
1085 2755 1151 2794 eui
1173 2754 1318 2795 durior
1343 2755 1558 2808 videatur,
1591 2764 1816 2811 comparet

999 2812 1130 2853 modo
1162 2811 1562 2863 frequentissimam
1595 2816 1706 2856 iiiam
1731 2815 1821 2857 for-

1002 2870 1157 2910 mulam
1192 2868 1247 2922 μή
1278 2882 1365 2920 μοι,
1396 2868 1454 2924 μή
1483 2884 1555 2921 μοι
1587 2870 1739 2922 οὕτως,
1767 2872 1823 2927 μή

1004 2941 1076 2977 μοι
1116 2929 1268 2975 ταῦτα,
1312 2927 1366 2968 de
1397 2941 1480 2980 qua
1520 2931 1631 2972 dixit
1665 2931 1823 2973 Hein-

1011 2985 1144 3027 dorf.
1177 2985 1228 3024 ad
1264 2985 1494 3054 Protagor.
1530 3002 1569 3040 p.
1601 2987 1702 3032 494.
1735 2990 1824 3030 De-

1010 3043 1138 3109 nique
1169 3055 1246 3095 pro
1277 3038 1332 3096 μὴ
1366 3041 1552 3086 ἄκοντος
1568 3058 1696 3098 quum
1724 3059 1825 3099 pro-

1009 3100 1102 3152 prie
1134 3100 1360 3141 dicendum
1403 3100 1528 3142 fuerit
1566 3100 1622 3157 μὴ
1653 3100 1825 3152 ἅκοιτα,

1009 3155 1126 3209 quud
1160 3157 1299 3209 ipsum
1336 3157 1461 3198 video
1494 3160 1532 3199 in
1565 3161 1691 3204 codd.
1722 3175 1825 3204 non-

1009 3213 1135 3255 nullis
1160 3216 1369 3267 seriptum
1399 3222 1585 3270 exstare,
1607 3218 1716 3261 haud
1737 3221 1824 3260 scio

1009 3284 1059 3313 an
1077 3271 1147 3311 hic
1168 3273 1287 3312 locus
1313 3273 1366 3314 iis
1393 3276 1738 3317 annumerandus
1758 3278 1824 3327 sit,

1009 3330 1047 3369 in
1081 3329 1232 3379 quibus
1263 3330 1481 3382 'genitivus
1513 3335 1697 3385 ponitur
1716 3335 1825 3374 nulia

1007 3386 1173 3426 ratione
1222 3384 1363 3428 habita
1405 3388 1497 3428 eius
1535 3392 1678 3440 verbi,
1709 3390 1823 3442 quod

1007 3449 1318 3496 praecesserat,
1338 3450 1570 3497 ρι-ορῐιηιι
1595 3448 1709 3499 quod
1733 3461 1824 3489 ma·

1400 3515 1465 3565 15
