2222 3762
413 185 668 240 XLVIII

412 329 639 384 cedente
690 328 856 381 libere
897 334 1042 395 nata,
1083 345 1221 396 quae
1284 344 1448 395 quum
1507 330 1844 385 natura-libus
1905 331 2107 403 ingenii

412 402 663 469 dotibus,
703 408 816 452 tum
864 398 1145 451 doctrinae
1191 397 1389 451 studiis
1443 405 1748 470 temporum
1786 404 2109 472 opportuni·

410 474 612 527 tatibus
651 470 853 524 adiutis
894 469 1129 539 denique
1168 468 1238 520 ad
1275 488 1397 522 eum
1435 469 1622 524 florem
1658 472 1926 556 adolevit2
1945 492 2108 544 quem

412 552 605 617 postea
669 551 750 596 est
811 551 1121 594 consecuta.
1196 538 1525 610 Quanquam
1582 542 1827 596 divinum
1874 546 1979 598 viri
2023 546 2108 599 in·
2186 590 2192 594 .

411 617 632 689 genium
668 614 775 666 iam
812 613 880 665 ab
919 612 1075 664 initio
1114 618 1321 664 certum
1357 612 1624 681 quendam
1666 616 1842 669 tenuit
1869 635 2105 685 cursum,

412 707 522 758 quo
558 682 941 757 persequendo
980 682 1218 751 denique
1259 681 1328 735 ad
1366 683 1565 738 celsam
1601 686 1748 739 illam
1786 688 2109 758 sapientiam

409 758 676 831 pervenit,
706 774 868 824 quam
907 773 1014 807 non
1052 752 1217 806 modo
1255 754 1531 825 aequales,
1557 757 1655 810 sed
1690 757 1855 812 etiam
1899 762 2107 830 posteri

409 833 554 884 iusta
591 826 947 880 admiratione
998 825 1322 895 prosequuti
1368 834 1511 879 sunt.
1586 827 1702 881 Iam
1739 848 1870 883 vero
1908 831 1993 885 his
2028 831 2109 884 ita

410 899 674 972 expositis
713 898 873 950 etiam
911 896 1016 948 alia
1051 895 1319 964 quaedam
1347 917 1675 952 memorasse
1707 900 1938 970 iuvabit,
1961 901 2107 956 unde

406 973 599 1026 horum
636 970 898 1023 librorum
938 976 994 1020 et
1030 968 1389 1039 proprietates
1428 978 1482 1022 et
1519 971 1760 1042 origines
1797 974 2107 1026 accuratius

408 1049 827 1115 cognoscantur.
903 1038 1178 1107 Quorsum
1203 1040 1438 1110 primum
1461 1042 1766 1111 referimuS‚
1790 1043 1940 1113 quod
1976 1060 2106 1099 sane

408 1112 877 1168 animadversione
926 1119 1011 1164 est
1065 1110 1230 1183 longe
1280 1111 1696 1183 dignissimum⁷
1748 1114 1896 1184 quod
1945 1116 2001 1168 in
2038 1115 2105 1169 iis

406 1185 725 1241 Platonicae
787 1182 857 1236 de
913 1181 1051 1236 ideis
1113 1181 1427 1251 doetrinae,
1480 1185 1695 1254 qualem
1745 1186 2113 1259 philosophus

406 1265 601 1330 postea
621 1254 954 1322 informavit,
980 1253 1074 1307 vix
1100 1255 1289 1307 tenuia
1310 1255 1773 1324 quaedam‚immo
1801 1276 1931 1311 ¹vero
1957 1258 2106 1312 nulla

407 1329 756 1399 reperiuntur
792 1326 1043 1397 vestigia.
1119 1324 1456 1396 Spectantur
1479 1327 1622 1380 enim
1651 1329 1905 1383 notiones
1940 1349 2105 1402 gene-

406 1401 548 1454 rales
587 1407 645 1452 et
681 1416 996 1452 communes
1046 1418 1158 1451 non
1194 1398 1300 1450 iam
1349 1394 1773 1473 pearacpvdcxcfig,
1823 1401 1902 1452 ita
1940 1402 2104 1454 ut‘iis

405 1473 678 1526 tribuatur
715 1472 822 1523 τῶν
863 1467 1042 1522 ὄντων
1070 1471 1187 1524 sive
1218 1473 1328 1522 τῶν
1368 1467 1542 1533 ὅντως
1580 1468 1757 1524 ὄντων
1789 1472 1881 1525 vis
1914 1479 1971 1526 et
2006 1491 2104 1526 na-

405 1553 547 1612 tura,
591 1541 688 1596 sed
729 1560 878 1594 more
915 1541 1026 1593 fere
1053 1539 1340 1596 Socratico
1378 1541 1555 1612 logice
1594 1541 1949 1614 explorantur
1983 1552 2105 1598 tan-

406 1634 570 1685 quam
616 1632 797 1666 merae
856 1611 1052 1667 mentis
1099 1613 1382 1679 notiones3
1432 1614 1499 1666 de
1539 1633 1647 1683 quo
1698 1614 2008 1669 discrimine
2051 1636 2103 1668 v.

408 1687 571 1740 etiam
617 1684 1002 1739 Aristotel.
1054 1684 1304 1754 Metaph.
1343 1684 1510 1738 XIII.
1549 1690 1600 1739 4.
1639 1686 1758 1742 coll.
1796 1686 1842 1739 l.
1881 1689 1928 1742 6.
2001 1686 2103 1741 Ni-

405 1759 601 1812 mirum
673 1757 874 1819 οὐσίας
933 1763 1184 1809 naturam
1236 1757 1396 1809 Plato
1456 1765 1652 1828 postea
1703 1757 1920 1826 demum
1966 1758 2104 1812 ideis

405 1829 735 1901 impertivit,
778 1847 886 1898 quo
935 1835 1182 1897 tempore
1221 1826 1560 1882 Socraticam
1605 1829 1871 1882 rationem
1911 1849 2106 1884 conso-

403 1903 549 1956 'ciare
601 1900 782 1971 coepit
831 1919 954 1953 cum
990 1899 1399 1971 Megaricorum
1449 1899 1517 1952 de
1568 1908 1724 1952 ente
1759 1900 2103 1972 placitisab

402 1973 613 2028 Eleatis
650 1971 914 2043 repetitis,
989 1969 1321 2041 Quanquam
1361 1970 1641 2024 fatendum
1691 1979 1777 2024 est
1836 1991 1961 2025 eum
1997 1973 2104 2026 iam

403 2047 460 2099 in
475 2043 779 2098 'Charmide
818 2050 872 2096 et
895 2043 1141 2095 Lachete
1172 2062 1345 2113 prope
1385 2041 1454 2095 ad
1491 2062 1610 2095 eam
1630 2043 1893 2096 rationem
1917 2063 2104 2098 acces-

405 2118 542 2171 sisse
582 2115 830 2184 adeoque
854 2115 910 2167 in
932 2114 1333 2185 Euthyphrone
1375 2118 1527 2168 ὶδὲαυ
1557 2121 1614 2168 et
1642 2115 1791 2177 εἶδος
1813 2114 1881 2167 de
1906 2116 2103 2170 mentis

404 2187 722 2243 notionibus
759 2185 983 2240 dixisse.
1057 2185 1225 2254 Quod
1260 2192 1442 2239 tamen
1480 2205 1639 2239 nemo
1676 2186 1978 2255 mirabitur,
2010 2187 2106 2257 qui

406 2261 569 2314 etiam
618 2276 796 2312 meras
843 2257 1043 2311 mentis
1094 2258 1348 2311 notiones
1397 2277 1577 2310 rerum
1627 2258 1783 2328 quasi
1834 2258 2103 2330 imagines

403 2338 569 2401 atque
606 2331 816 2401 species
860 2330 1136 2400 perfectas
1185 2338 1401 2383 exstare
1438 2329 1763 2383 meminerit.
1843 2328 1955 2384 Sed
1994 2329 2102 2384 huc

402 2401 618 2456 accedit
671 2401 907 2470 denique
959 2401 1120 2453 etiam
1155 2400 1308 2452 aliud.
1353 2400 1521 2469 qnid,
1573 2399 1722 2468 quod
1785 2399 1869 2454 his
1927 2400 2100 2469 libris,

403 2473 649 2543 quamvis
686 2472 869 2525 multis
893 2479 1056 2539 atque
1095 2470 1452 2542 amplitudine
1489 2489 1587 2523 sua
1621 2471 1947 2542 insignibus,
1975 2491 2103 2543 pro·-

402 2545 583 2616 prium
630 2561 750 2596 esse
799 2541 1029 2594 iudicari
1075 2541 1255 2594 debet.
1332 2539 1554 2611 Quippe
1590 2541 1745 2593 nulla
1777 2540 1906 2595 dum
1941 2542 1998 2596 in
2033 2542 2102 2597 iis

403 2615 753 2684 reperiuntur
777 2612 1058 2666 doctrinae
1072 2612 1474 2684 Pythagoricae
1500 2612 1808 2667 accuratius
1847 2613 2100 2686 cognitae

319 2726 323 2731 .
402 2685 622 2739 indicia.
699 2683 865 2751 Quod
915 2691 1060 2736 certe
1099 2682 1367 2737 eiusmodi
1405 2691 1527 2752 est,
1564 2693 1626 2736 ut
1660 2684 1778 2737 iure
1814 2683 1941 2738 inde
1979 2704 2100 2740 sus·

401 2757 573 2829 picari
623 2756 786 2809 lice-at
834 2754 1252 2826 philosophum,
1302 2773 1411 2824 quo
1468 2762 1714 2824 tempore
1763 2774 1856 2808 eos
1903 2756 2099 2811 litteris

403 2826 838 2900 consignaverit,
892 2825 1135 2879 nondum
1171 2825 1524 2879 interioribus
1561 2826 1780 2879 scholae
1818 2827 2099 2900 Pythago-

401 2899 548 2954 ricae
595 2899 763 2953 sacris
800 2897 968 2951 fiiisse
1002 2896 1288 2951 initiatum.
1362 2895 1530 2964 Quod
1567 2897 1785 2967 quidem
1823 2918 1888 2953 eo
1926 2898 2099 2952 confi-

403 2970 622 3025 (lentius
659 2970 736 3023 ita
772 2976 1011 3023 statuere
1048 2969 1212 3035 licet,
1246 2987 1355 3039 quo
1394 2968 1694 3023 studiosius
1730 2970 1909 3041 ipsum
1943 2971 2099 3023 novi-

402 3061 523 3096 mus
555 3043 617 3094 in·
635 3040 890 3108 Politice,
921 3039 1267 3108 Pam-menide,
1298 3039 1521 3108 Politia,
1552 3041 1798 3110 Timaeo,
1827 3041 2095 3114 Legibus,

403 3114 529 3167 aliis·
587 3113 773 3180 libris,
831 3111 1304 3184 Pythagoreorum
1371 3110 1622 3164 doctrina
1703 3128 1861 3165 suam:
1931 3114 2096 3167 ratio-

401 3203 526 3239 nem
585 3202 876 3238 exornasse
939 3190 994 3236 et
1053 3182 1486 3254 locupletavisse.
1591 3183 1676 3237 At,
1749 3184 1890 3237 enim
1964 3199 2097 3238 vero

403 3255 666 3330 cognovit
715 3254 807 3309 ille
843 3266 1039 3327 postea.
1074 3252 1325 3322 demum,
1362 3273 1529 3325 quum
1564 3255 1621 3308 in
1658 3254 1875 3309 Italiam
1912 3255 2094 3309 inferi-

405 3345 555 3382 orem
591 3333 647 3381 et
667 3324 910 3382 Siciliam
979 3326 1220 3380 rofectus
1250 3332 1353 3394 est,
1384 3326 1620 3380 testibus
1651 3325 2092 3398 locupletissimis

403 3400 446 3452 si
488 3417 596 3469 qua
631 3397 768 3451 fides
805 3404 890 3452 est
927 3346 1004 3464 (liv.
1030 3396 1200 3450 Proll.
1226 3395 1297 3450 ad
1314 3397 1581 3466 Politia),
1621 3397 2092 3469 Pythagoreorum
