2158 3718
233 109 340 164 258
967 110 1289 155 PLATONIS

237 247 533 317 ἀναγκάζει
570 247 674 319 τὴν
713 247 892 304 αὐτοῦ
931 250 1090 304 ἰδέαν
1128 248 1266 304 αὐτὸ
1307 255 1504 320 ἴσχειν,
1544 248 1686 304 ἀλλά
1724 253 1818 306 καὶ
1857 254 2029 309 ἐναν-

235 336 362 387 τίου
400 330 566 404 αὐτῷ,
591 331 681 387 ἀεί
713 354 891 398 τινοςς
932 338 1068 396 Πῶς
1106 334 1309 402 λέγεις;
1335 333 1546 405 ’ᾩςπερ
1573 333 1699 405 ἄρτι
1739 337 2020 408 ἐλέγομεν.

206 413 406 492 δοἶσθα
444 415 553 488 γὰρ
593 418 805 487 δήπου,
853 415 943 475 ὅτι
982 415 1018 470 ἂ
1055 417 1126 472 ἄν
1163 415 1350 487 ἡτῶν
1386 424 1560 488 τριῶν
1600 421 1719 474 ἰδέα
1757 422 2028 494 κατάσχῃ,

235 500 452 571 ἀνάγκη
501 498 693 564 αὐτοῖς
737 499 807 554 οὐ
851 502 1030 571 μόνον
1077 503 1263 571 τρισὶν
1301 499 1475 572 εἶναι,
1524 502 1667 557 ἀλλά
1703 506 1796 559 καὶ
1833 524 2025 575 περιτ-

235 594 367 649 τοῖς.
431 587 602 640 Πάνυ
638 605 719 653 γε.
793 583 912 638 Ἐπὶ
949 583 1011 638 τό
1050 591 1311 640 τοιοῦτον
1350 589 1438 657 δή,
1479 589 1682 659 φαμέν,
1722 589 1755 660 ἡ
1797 590 2026 644 ἐναντία

238 671 357 724 ἰδέα
398 671 585 746 ἐκείνῃ
624 674 692 739 τῇ
729 673 943 740 μορφῇ,
981 668 1018 739 ἢ
1044 668 1116 724 ἂν
1149 667 1317 725 τοῦτο
1345 669 1733 743 ἀπεργάζηται,
1762 673 2024 728 οὐδέποτ’

237 753 308 809 ἂν
357 748 552 808 §moos
615 752 701 807 Οὐ
745 755 873 823 γάρ.
951 755 1251 824 Εἰργάζετῡ
1293 756 1359 808 δέ
1399 775 1464 823 γε
1500 754 1533 826 ἡ
1573 759 1828 828 περιττή;
1885 762 2026 812 Ναί.

168 849 205 888 Ε
231 839 487 894 Ἐναντία
526 838 589 892 δὲ
626 838 801 910 ταύτῃ
840 837 873 909 ἡ
913 843 1015 892 τοῦ
1043 837 1267 911 ἀρτίους
1308 843 1441 894 Ναί.
1491 839 1609 893 Ἐπὶ
1645 840 1713 894 τά
1748 845 1876 912 τρία
1915 842 2026 913 ἄρα

236 924 268 994 ἡ
315 926 418 977 τοῦ
467 921 665 994 ἀρτίου
714 923 834 976 ἰδέα
892 921 1164 979 οὐδέποτε
1210 923 1345 994 ἥξει.
1426 922 1511 978 Οὐ
1568 927 1724 995 δῆτα.
1784 925 2030 997 ’Ἀμοιρα

236 1006 305 1078 δὴ
344 1010 447 1062 τοῦ
484 1005 682 1078 ἀρτίου
719 1004 787 1062 τά
825 1011 968 1076 τρία.
1009 1007 1263 1078 ’Ἀμοιρα.
1322 1007 1605 1079 Ἀνάρτιος
1643 1008 1735 1080 ἄρ’
1775 1009 1810 1080 ἡ
1848 1010 2022 1080 τριάς.

206 1095 371 1146 4Ναί.
437 1089 510 1145 “Ὸ
554 1094 753 1145 τοίνυν
811 1095 1007 1162 ἔλεγον
1063 1089 1395 1163 ὁρίσασθαι,
1453 1102 1585 1147 ποῖα
1633 1091 1737 1147 οὐκ
1797 1096 2029 1148 ἐναντία

352 1265 457 1320 Cap.
476 1266 585 1309 LIII
618 1266 667 1308 D.
703 1259 845 1308 αὐτὸ
887 1265 1091 1332 ἴσχειν]
1136 1266 1281 1321 Steph.
1277 1269 1439 1364 ὃσχεῖν
1468 1268 1613 1307 invitis
1644 1267 1767 1309 codd.
1810 1267 1929 1307 Idem
1950 1267 2027 1307 de-

232 1324 335 1363 inde
375 1324 428 1363 de
469 1321 658 1364 Cornarii
699 1324 940 1363 coniectura
981 1324 1175 1389 scripsit:
1208 1322 1307 1378 μηδ
1358 1317 1604 1389 ἐναντίαν
1614 1315 1737 1377 αὐτῇ
1775 1318 2027 1389 δέχεσθαι.

235 1380 332 1421 Ald.
356 1379 456 1420 Bas.
480 1381 565 1433 1μ
569 1371 651 1433 ηδ’
682 1371 904 1421 ἐναντίου
934 1372 1063 1435 αυτῷ
1102 1375 1164 1421 δ’
1136 1393 1263 1434 ηνος.
1305 1379 1405 1420 Bas.
1428 1381 1455 1420 2
1483 1371 1604 1434 μηδ’
1635 1369 1857 1421 ἐναντίου
1893 1372 2025 1444 αὐτῷ

235 1428 319 1477 ἀεί
335 1448 478 1484 τινος.
507 1435 629 1478 Bodl.
653 1436 762 1479 Ven.
786 1434 890 1482 ΞΠ
905 1436 1010 1476 Tub.
1034 1395 1163 1480 ium-,⁷⁷
1168 1449 1194 1476 a
1216 1437 1312 1477 Zitt.
1335 1436 1463 1476 Vind
1490 1429 1773 1478 Τέναντίου
1795 1427 1939 1502 αυτῷ
1947 1422 2036 1477 ἀέι

235 1504 381 1540 τινος.
421 1493 520 1533 Vat.
564 1491 691 1532 Coisl.
734 1492 861 1533 Vind.
887 1492 926 1532 Φ
965 1493 1058 1534 Par.
1082 1491 1116 1532 G
1156 1494 1265 1533 Flor.
1290 1494 1317 1532 d
1358 1485 1581 1534 ἐναντίου
1612 1484 1694 1533 ἀεί
1718 1504 1847 1540 τινος
1877 1485 2024 1549 αὐτῷ.

234 1550 344 1589 Ven.
366 1549 408 1590 Λ
437 1549 531 1589 Par.
556 1547 718 1588 CEHL
750 1540 974 1598 ἐναντίου
1002 1547 1086 1590 δεῖ
1108 1542 1190 1590 ἀεί
1214 1561 1342 1596 τινος
1374 1541 1519 1604 αὐτῷ.
1572 1550 1688 1600 Aug.
1724 1548 1836 1590 Flor.
1857 1549 1883 1588 b
1906 1560 1928 1587 c
1949 1549 1963 1587 i
1984 1561 2024 1588 m
2063 1573 2066 1576 «

236 1597 459 1647 ἐναντίου
481 1602 565 1646 δεῖ
578 1596 709 1670 ατξτῷ
731 1617 876 1652 τινος.
920 1606 1063 1645 Ambr.
1097 1599 1320 1647 ἐναντίου
1343 1603 1427 1646 δεῖ
1441 1591 1525 1646 ἀεί
1549 1617 1676 1653 τινος
1700 1596 1845 1662 αυτῷ.
1886 1605 1984 1646 Par.
2010 1605 2027 1644 Ι

237 1655 459 1704 ἐναντίον
481 1659 562 1702 δεῖ
578 1652 699 1701 αυτό
719 1674 863 1709 τινος.

349 1718 398 1759 Ε.
440 1711 787 1771 ὁρίσασθαι]
833 1717 1076 1782 Stephanus
1124 1730 1207 1757 non
1237 1725 1463 1771 perspecta
1499 1717 1824 1758 constructionis
1862 1718 2028 1757 ratione

237 1776 291 1815 de
320 1775 563 1815 coniectura
591 1771 781 1813 Cornarii
811 1774 985 1827 scripsit
1013 1785 1224 1841 ωρισται.
1268 1776 1313 1814 In
1345 1774 1441 1815 Vat.
1477 1773 1606 1815 Vind.
1630 1773 1670 1815 Φ
1699 1774 1792 1814 Par.
1816 1772 1847 1814 C
1878 1774 2025 1817 Ambr

236 1831 347 1873 Flor
374 1831 466 1870 dm
503 1839 542 1870 et
577 1842 663 1874 reo.
688 1829 816 1870 Coisl.
846 1830 1027 1873 Ven.11
1060 1825 1322 1886 ὁρίσασθαι
1360 1828 1488 1883 δεῖν,
1529 1831 1644 1881 quod
1680 1843 1733 1871 ex
1767 1830 2030 1883 glossemate

239 1895 401 1928 natum.

238 2028 416 2083 ipsius
467 2032 650 2067 tenere
699 2026 941 2078 formam,
1001 2027 1095 2067 sed

240 2085 396 2125 etiam
438 2096 646 2136 semper
693 2083 957 2123 contrarii
1001 2096 1094 2122 eu-

1179 2027 1289 2069 τινί.
1333 2027 1630 2079 Quamquam
1621 2040 1663 2067 111
1686 2040 1730 2067 re
1753 2028 1914 2067 inceita
1941 2018 2029 2068 αὖ

1179 2083 1241 2140 τῷ
1278 2085 1321 2123 in
1359 2092 1480 2125 textu
1518 2084 1684 2136 reliqui.
1743 2084 1850 2123 Illud
1886 2092 2028 2123 autem

239 2140 478 2182 iusdam?
525 2140 670 2180 Veluti
715 2150 828 2190 quae
859 2140 940 2179 tria
976 2148 1091 2193 sunt,

241 2210 290 2238 ea
311 2197 552 2237 necessario
575 2205 675 2236 sunt
705 2209 787 2236 non
812 2203 975 2236 tantum
997 2197 1092 2242 tria,

240 2253 317 2295 sed
341 2254 466 2293 etiam
488 2253 681 2306 imparia.
718 2253 933 2303 Quidquid
952 2259 1093 2292 autem

238 2311 378 2364 impar
413 2316 491 2361 est,
527 2310 571 2349 id
606 2309 733 2349 habet
769 2309 895 2349 etiam
924 2317 1093 2349 contra

240 2368 371 2411 rium,
403 2366 519 2418 quod
548 2378 650 2430 par
656 2378 880 2413 vocamus,
910 2366 1093 2417 ideoque

244 2430 309 2464 est
330 2423 371 2462 in
395 2435 570 2462 numero
589 2419 682 2463 τῶν
700 2415 946 2464 ἐναντίων.
972 2421 1094 2462 Unde

239 2480 406 2525 accidit,
438 2487 482 2519 ut
511 2491 713 2519 numerus
745 2480 953 2519 ternaiius
976 2479 1091 2532 panis

244 2537 405 2577 numeri
427 2543 633 2584 naturam,
665 2529 718 2576 τὸ
742 2527 920 2589 ἄρτιον,
943 2548 1090 2586 asper-

240 2601 376 2635 netur
399 2592 557 2631 Locum
581 2592 684 2631 satis
707 2592 950 2644 expeditum
978 2591 1093 2631 Cor-

243 2649 425 2688 narius
447 2648 669 2687 temeraria
692 2648 927 2687 mutatione
949 2659 1091 2687 corru—

237 2705 301 2757 pit
330 2704 506 2755 eiusque
537 2703 756 2742 lectionem
781 2702 1091 2767 Stephanus

239 2761 347 2800 adeo
377 2760 415 2798 in
446 2760 637 2798 ordinem
660 2760 883 2798 verborum
916 2760 1089 2811 recepit

239 2817 320 2856 Pro
371 2807 501 2870 αυτῷ
553 2827 681 2862 τινος
742 2814 1093 2854 Heindorfius

226 2872 515 2913 ,scribendum
550 2871 814 2910 coniectabat
842 2864 995 2911 αὐτοῦ
1027 2884 1094 2910 τι·

237 2941 335 2976 νος.
359 2929 456 2981 Ipse
477 2927 573 2967 olim
595 2919 724 2983 αὐτῷ
748 2926 972 2966 delendum
996 2939 1094 2966 cen-

241 2985 330 3036 sui,
359 2984 472 3036 quod
502 2983 567 3023 vel
597 2984 754 3023 incerta
785 2983 888 3022 sede
916 2996 1094 3035 suspec-

239 3050 328 3082 tum
359 3041 588 3083 videretur.
640 3038 713 3081 Cui
746 3040 897 3079 rationi
934 3039 1091 3079 suffra-

241 3096 1095 3150 gausunt'ruricenses,flerma11-

244 3167 361 3203 uus,
388 3154 475 3196 alii.
515 3152 602 3192 Nec
622 3160 765 3193 tamen
789 3164 898 3191 nunc
924 3165 974 3192 ea
996 3165 1094 3191 sen·

243 3211 375 3250 tentia
397 3210 590 3260 aoqnies«
595 3209 719 3254 imus,
745 3209 1092 3279 qnandoquidem

240 3267 352 3306 istud
386 3263 469 3306 καὶ
499 3258 721 3307 ἐναντίου
749 3260 832 3305 αἐί
862 3277 989 3311 τινος
1031 3266 1092 3303 ni-

244 3323 324 3362 mis
347 3321 566 3362 inmfimte
595 3323 752 3361 dictum
784 3321 904 3363 foret
949 3322 1093 3371 ltaque

244 3378 537 3431 refingindum
580 3387 646 3418 est
685 3377 901 3418 lenissima
931 3377 1090 3417 littera-

242 3447 340 3476 rum
362 3436 594 3477 mutatione
623 3434 755 3476 facta:
786 3422 850 3477 αὖ
879 3447 963 3491 τῳ,
1000 3435 1028 3475 i.
1052 3447 1088 3475 e.

270 3533 291 3546 s

1178 2153 1255 2194 pro
1285 2147 1397 2181 certo
1426 2141 1621 2180 videmur
1650 2139 1862 2180 affirmare
1882 2151 2027 2194 posse,

1178 2196 1297 2236 nihili
1331 2197 1569 2237 faciendam
1612 2209 1708 2236 esse
1742 2197 2028 2236 coniecturam

1179 2253 1358 2293 Caroli
1402 2252 1846 2305 Sel1midtii‚qni
1889 2251 2029 2295 Praef.

1176 2309 1301 2350 Vers.
1347 2310 1485 2353 Germ.
1528 2323 1571 2363 p.
1615 2309 1696 2349 XII
1754 2309 1838 2373 legi
1889 2309 2027 2350 iubet:

1178 2359 1401 2407 ἐναντίου
1442 2359 1573 2421 αυτῷ
1616 2364 1700 2407 δεῖ
1733 2358 1889 2417 τινός,
1931 2365 2030 2406 lieet

1179 2435 1270 2462 eam
1308 2423 1431 2462 etiam
1469 2408 1741 2465 He‘rmann.
1785 2421 2028 2462 Schmid-

1177 2480 1307 2528 tius,
1338 2479 1441 2518 Krit.
1477 2478 1707 2519 Comment.
1739 2477 1785 2518 P.
1817 2479 1868 2521 II.
1898 2491 1942 2532 p.
1974 2479 2027 2519 51

1176 2536 1298 2577 —56
1336 2534 1544 2588 prolixius
1583 2534 1832 2586 defenderit.
1882 2534 2031 2585 Neque

1179 2592 1289 2630 enim
1311 2592 1430 2639 illud,
1454 2591 1568 2641 quod
1589 2591 1703 2631 aliud
1725 2591 1827 2642 quid
1849 2597 2030 2642 occupat

1178 2655 1220 2687 et
1240 2647 1571 2699 comprehendit,
1590 2648 1728 2699 ipsum
1746 2646 1906 2698 indiget
1928 2646 2031 2686 ‘con-

1178 2704 1304 2742 trario
1327 2703 1485 2753 aliquo,
1509 2703 1584 2742 sed
1608 2704 1721 2753 cogit
1744 2703 1885 2753 potius
1906 2702 2028 2754 illud,

1176 2759 1289 2809 quod
1319 2760 1371 2799 ab
1404 2770 1452 2797 eo
1483 2758 1874 2811 comprehenditur,
1914 2767 1958 2798 ut
1989 2766 2028 2798 et

1178 2826 1298 2854 suam
1340 2815 1477 2867 ipsius
1517 2816 1706 2867 speciem
1749 2826 1797 2854 ac
1848 2813 2028 2855 formam

1177 2879 1344 2911 tueatur
1366 2880 1406 2910 et
1427 2883 1597 2923 semper
1624 2871 1882 2911 eontrarium
1904 2871 2027 2922 quid·

1178 2927 1274 2966 dam
1297 2928 1368 2967 alii
1390 2928 1557 2966 cuidam
1580 2928 1800 2981 suscipiat.
1831 2925 2028 2968 Ceterum

1179 2977 1299 3024 αὐτό
1332 2984 1604 3024 manifestum
1635 2992 1699 3024 est
1736 2983 1881 3024 referri
1909 2984 1964 3024 ad
1999 2996 2026 3024 ο

1178 3053 1236 3089 τι,
1262 3047 1305 3079 ut
1327 3041 1492 3080 mir-eris
1516 3041 1546 3079 H
1563 3040 1881 3092 irschigium
1901 3032 2028 3081 αὐτά

1178 3098 1458 3148 corrigentem
1514 3098 1643 3148 idque
1698 3097 1823 3137 unice
1881 3108 2028 3136 verum

1180 3166 1274 3193 esse
1296 3154 1640 3197 contendentem

1234 3199 1264 3261 ἣ
1306 3199 1373 3249 ἂν
1411 3208 1583 3250 τοῦτο
1633 3200 1813 3276 ἀπερ.]
1860 3207 1929 3249 Sc.
1971 3201 2025 3249 τὸ

1177 3261 1375 3319 περιττοὶ
1400 3260 1540 3307 εἶναι.
1593 3266 1752 3305 Deinde
1774 3260 1803 3331 ἤ
1827 3258 2027 3318 περιττή

1177 3321 1219 3374 (s
1226 3336 1260 3365 ι..
1284 3316 1470 3375 μορφή)
1491 3322 1747 3370 intellegitur
1773 3335 1802 3375 η
1828 3319 1913 3361 τοῦ
1943 3333 2027 3361 πε-

1178 3378 1340 3477 ριέτοῦ
1362 3374 1525 3431 μορφή
1546 3391 1580 3421 s
1605 3374 1713 3418 ἰδέα

1271 3425 1367 3479 .“Ο
1388 3434 1590 3477 τοίνυν
1612 3430 1814 3487 ἔλεγον
1835 3426 2031 3486 ὁρίσα-
