2158 3718
852 120 1113 165 PHAEDo
1146 137 1192 177 p.
1225 125 1320 166 105.

1859 124 1964 177 259
1997 102 2001 109 ’

103 264 107 269 ’
179 262 294 314 τινὶ
330 259 468 315 ὄντα
506 278 655 328 ομως
691 255 760 311 οὐ
798 259 1015 328 δέχεται
1052 257 1321 331 αὐτό,τὸ
1363 260 1653 331 ἐναντίον,
1693 256 1815 315 οἷον
1852 267 1964 316 νῦν

179 341 215 414 ἡ
239 341 418 447 τριὰς
462 347 539 415 τῷ
585 341 756 412 ἀρτίῳ
804 340 909 396 ὀὐκ
957 337 1101 397 οὖσα
1148 345 1378 398 ἐναντία
1425 344 1596 398 οὐδέν
1640 365 1694 399 τι
1747 349 1964 415 μᾶλλον

180 425 320 482 αὐτὸ
366 428 610 497 δέχεται,
662 424 725 480 τὸ
771 424 878 497 γὰρ
920 429 1181 482 ἐναντίον
1219 426 1371 500 αὐτῷ
1411 426 1496 485 ἀεὶ
1536 429 1819 499 ἐπιφέρει,
1870 430 1964 482 καὶ

177 511 212 581 ἡ
250 508 390 574 δυὰς
422 515 499 582 τῷ
536 514 774 581 περιττῷ
811 511 906 564 και
942 511 1005 566 τὸ
1043 517 1159 613 πῦρ
1195 515 1273 583 τῷ
1298 515 1500 608 ψυχρῷ
1523 513 1617 565 καὶ
1643 511 1787 566 ἄλλα
1813 514 1957 582 πάμ-
1979 530 2062 570 105

178 599 360 649 πολλα
394 627 466 634 --
503 593 630 648 ἀλλ’
679 593 784 665 ὅροι
830 597 930 665 δή,
982 597 1033 649 εἰ
1075 595 1255 660 οὕτως
1302 580 1500 666 ὁρίζει,
1547 596 1621 666 μὴ
1668 597 1846 666 μόνον
1900 596 1962 650 τὸ

179 680 441 734 ἐναντίον
485 677 547 732 τὸ
599 679 860 733 ἐναντίον
905 678 978 751 μὴ
1019 681 1309 750 δέχεσθαι,
1360 678 1504 733 ἄλλα
1542 682 1636 734 καὶ
1676 680 1890 750 ἐκεῖνο,
1931 679 1964 734 6

176 762 249 817 ἂν
298 763 537 834 ἐπιφέρῃ
586 783 636 816 τι
687 763 948 818 ἐναντίον
984 765 1246 835 ,έκείνςοφ-
1277 785 1349 833 εφ
1411 786 1440 818 ο

1292 765 1303 781 Ἰ
1358 763 1370 783 2
1416 763 1444 782 e!

1490 786 1540 818 τι
1588 763 1660 818 ἄν
1706 763 1844 819 αὐτὸ
1884 770 1960 835 ἔῃ,

290 913 440 978 αὐτῷ
463 913 554 962 ἀεὶ
578 915 677 976 ε’π.]
704 914 781 962 οἷεὶ
803 914 933 977 αὐτῷ
955 923 1074 964 Bodl.
1097 922 1280 966 Ven.H.

175 1074 335 1128 σθαι]
383 1076 521 1127 quod
568 1076 738 1128 igitur
780 1077 1019 1116 dicebam

171 1132 392 1174 'definiri
459 1138 720 1186 oportere.
799 1132 1020 1184 Loquendi

120 1232 126 1236 ,
172 1201 308 1242 genus
341 1188 462 1241 tetigi
498 1189 553 1228 ad
588 1201 629 1241 p.
661 1189 715 1229 95
736 1189 783 1230 Β.
826 1188 887 1228 Ne
923 1189 1018 1240 quis

172 1254 314 1286 autem
348 1245 557 1298 epodosin
593 1245 823 1292 desideret,
862 1245 1019 1285 omissa

165 1309 238 1343 est
270 1301 344 1341 illa
379 1301 545 1352 quidem
578 1313 653 1354 per
687 1301 1015 1353 anacoluthiam,

170 1358 228 1398 ita
247 1365 405 1408 tamen,
432 1360 482 1396 ut
510 1357 605 1409 ipsa
631 1358 839 1396 sententia
860 1364 1018 1397 mutata

173 1414 376 1454 mationis
424 1413 761 1453 conformatione
814 1413 1018 1454 inferatur

170 1470 270 1510 inde
292 1483 317 1510 a
337 1470 502 1511 verbis·
525 1461 634 1510 ἀλλ’
656 1461 746 1521 ἄρα
768 1463 847 1533 δή,
872 1466 916 1510 εἰ
935 1464 1016 1511 οὕ-

170 1539 260 1574 τως
281 1520 350 1590 ὁρ.
341 1557 370 1579 .,
392 1526 464 1566 ubi
484 1526 681 1565 lineolam
703 1526 1016 1579 perspicuitatis

170 1595 300 1624 causa
321 1582 593 1623 inseruimus.
635 1580 742 1621 Mira
773 1582 884 1622 enim
907 1595 1019 1623 som—

169 1639 259 1680 niat
297 1639 460 1682 Herm.
506 1637 782 1691 Schmidt,
825 1639 898 1690 qui
937 1651 1029 1687 nos?

170 1695 516 1760 aposiopesin
558 1695 760 1734 statuisse
807 1701 926 1747 putat
976 1702 1017 1735 et

169 1752 346 1805 copiosa
377 1751 663 1804 disputatione
698 1750 806 1790 hanc
834 1750 1016 1811 figuram

167 1807 268 1848 huic
291 1808 382 1848 loco
406 1820 487 1847 non
511 1808 735 1848 convenire
756 1807 893 1850 docet.

226 1855 374 1918 ὅμως
403 1876 468 1905 ου
498 1860 735 1917 δέχεται
766 1856 930 1917 αὐτό,
955 1860 1012 1905 τὸ

169 1913 468 1984 ἐναντίον]
529 1895 1013 1962 8011001101111εαῦτὸ

167 1969 219 2018 τὸ
243 1969 481 2020 ἐναντίον.
524 1976 646 2024 Quod
666 1977 773 2016 adeo
796 1988 924 2029 aegre
946 1984 1013 2017 tu-

167 2033 358 2077 leruntl
379 2033 645 2072 Bekkerus
669 2032 778 2073 etC.
800 2033 873 2073 Fr.
896 2033 1013 2073 Her-

166 2101 386 2129 mannus
410 2088 539 2138 (Abh.
562 2102 605 2130 u.
635 2089 764 2131 Beitr.
786 2101 827 2141 p.
850 2088 938 2141 88),
971 2095 1014 2129 ut

167 2140 222 2186 τὸ
259 2139 482 2187 ἐναντίον
518 2145 581 2184 vel
617 2146 761 2185 invitis
797 2146 1012 2186 codicibus

167 2202 467 2241 eliminandum
489 2201 784 2244 iudicaverint
810 2201 894 2241 Nos
915 2213 1011 2241 vero

165 2258 417 2311 interposita
449 2257 531 2295 iam
568 2263 666 2310 post
695 2249 813 2298 αὐτό
851 2257 1013 2309 virgula

167 2325 312 2354 omnes
331 2313 612 2354 dubitationes
631 2312 682 2352 de
699 2313 854 2353 veteris
873 2313 1014 2353 lectio-

166 2371 232 2410 nis
261 2371 435 2410 veritate
465 2371 652 2409 sublatas
683 2382 777 2409 esse
797 2379 1020 2422 putamus*

166 2426 272 2466 Nam
302 2419 355 2467 τὸ
377 2419 598 2467 ἐναντίον
627 2425 755 2476 liquet
785 2437 859 2477 per
880 2438 1012 2478 appo

166 2483 361 2523 sitionem
399 2481 712 2549 perspicuitatis
742 2482 878 2534 gratia
911 2494 1012 2535 pio-

112 2550 121 2567 *
165 2538 326 2579 nomini
349 2551 484 2588 αυτο,
497 2538 551 2578 ad
572 2538 686 2589 quod
707 2551 782 2591 per
799 2537 911 2591 τινί,
932 2539 959 2581 i
972 2550 1007 2580 0

164 2588 367 2648 ἐναντίῳ
385 2608 480 2635 τινι
474 2593 695 2634 'transitus
707 2595 766 2644 111,
776 2595 1011 2634 subiectum

165 2663 287 2703 esse,
315 2637 358 2691 id
387 2651 499 2701 quod
530 2650 782 2715 saepissime
815 2651 873 2690 ita
898 2651 1013 2703 apud

163 2707 384 2747 Platonem
403 2706 492 2746 fieri
514 2707 797 2747 meminimus.
824 2720 861 2746 v.
881 2705 1009 2759 Gorg.

162 2776 206 2817 p.
217 2765 302 2804 476
315 2763 455 2808 Ε.478
469 2763 604 2803 0494
615 2763 660 2804 Β.
674 2764 751 2804 501
767 2764 816 2805 A.
839 2763 1007 2815 Protag.

162 2831 207 2872 p.
231 2819 374 2862 3233.
409 2820 551 2860 351A.
585 2820 726 2860 360E.
757 2818 943 2871 Sophist.
964 2833 1008 2872 p.

166 2876 253 2915 216
272 2873 318 2916 C.
350 2876 460 2915 Men.
484 2889 526 2927 p.
551 2877 603 2916 87
622 2876 669 2915 Ε.
702 2875 761 2914 Ι)0
784 2875 890 2928 Rep.
915 2876 945 2915 Ι.
969 2888 1009 2927 p.

166 2932 250 2971 335
271 2931 317 2970 E.
350 2931 434 2971 338
455 2930 505 2974 D.
542 2933 591 2970 ll.
615 2944 655 2983 p.
683 2932 765 2972 383
788 2934 838 2972 A.
873 2933 943 2973 111.
969 2943 1009 2982 p.

163 2986 248 3026 407
271 2987 324 3026 A.
365 2985 440 3029 IX.
463 2999 504 3038 p.
528 2988 610 3027 583
634 2987 682 3031 D.
713 2987 766 3028 X.
790 3000 831 3040 p.
855 2988 938 3028 604
962 2988 1007 3028 D.

165 3044 249 3083 606
272 3041 322 3081 Β.
353 3041 511 3081 Phaed.
534 3054 576 3094 p.
602 3044 653 3082 67
679 3043 727 3082 D.
761 3044 838 3083 101
864 3045 913 3081 A.
948 3043 1011 3084 Cf.

165 3097 420 3137 Matthiae
449 3098 1009 3147 §.472.2.0.c011.288.

167 3166 266 3196 ann
296 3154 336 3197 5.

221 3203 283 3250 τὸ
307 3202 413 3276 γὰρ
444 3202 720 3250 ἐναντίον
743 3202 896 3266 αὐτῷ
920 3202 1013 3251 ἀεὶ

167 3258 436 3330 ἐπιφέρει
458 3263 542 3318 —-]
564 3266 649 3305 lloc
679 3265 803 3305 dicit:
842 3278 951 3305 uam
981 3260 1010 3320 ἡ

166 3315 299 3373 τριάς
321 3335 374 3361 re
393 3325 483 3361 bus
506 3335 606 3360 sem
623 3334 708 3374 per
730 3321 894 3361 affert
914 3321 1012 3374 (int.

166 3381 267 3425 τοῖς
287 3372 567 3432 πράγμασι),
587 3378 720 3429 quod
743 3376 813 3432 τῷ
815 3371 1012 3442 ἀρτίῳ

167 3437 498 3475 contrarium
521 3444 623 3485 est,
652 3433 693 3475 h.
717 3447 754 3474 e.
778 3419 829 3474 τὸ
852 3446 1011 3489 περιτ-

1107 1070 1204 1129 τόν,
1227 1077 1419 1129 impar,
1443 1084 1601 1132 atque
1621 1071 1651 1130 ἡ
1675 1070 1798 1124 δυάς
1820 1089 1957 1117 sem-

1105 1145 1195 1186 per
1222 1133 1382 1173 rebus
1411 1121 1574 1172 affert
1601 1133 1675 1180 id,
1699 1133 1866 1184 quo-d
1859 1146 1952 1172 im—

1104 1188 1224 1242 pari
1257 1195 1336 1229 est
1365 1190 1704 1231 contrarium
1743 1189 1957 1241 Intellegi-

1103 1252 1173 1285 tur
1211 1246 1322 1284 enim
1356 1244 1425 1284 hic
1454 1257 1624 1310 quoque
1652 1237 1705 1285 τὸ
1736 1237 1956 1287 ἐναντίον

1106 1293 1308 1353 (ἄρτιον)
1349 1303 1449 1348 τοῖς
1458 1294 1762 1365 πράγμασιν
1792 1294 1957 1354 ἐπιφέ-

1135 1370 1190 1399 ει.
1233 1359 1376 1408 Itaque
1408 1349 1550 1425 αύτῷ
1577 1364 1753 1410 apparet
1782 1370 1864 1397 non
1904 1371 1957 1397 ex

1129 1410 1341 1467 πιφέρει,
1360 1414 1435 1453 sed
1459 1422 1512 1452 ex
1528 1406 1750 1455 ἐναντίον
1772 1426 1957 1480 suspen-

1104 1483 1198 1510 sum
1240 1483 1349 1510 esse.
1401 1470 1567 1509 Etenim
1609 1464 1638 1523 ἡ
1675 1464 1809 1522 τριάς
1847 1478 1887 1509 et
1922 1464 1951 1523 ἡ

1104 1519 1224 1574 δυάς
1246 1540 1289 1569 κ.
1315 1540 1353 1566 τ.
1379 1526 1420 1567 λ.
1451 1526 1657 1578 quidquid
1685 1526 1847 1566 ambitu
1875 1537 1953 1566 suo

1104 1583 1419 1636 complectitur,
1446 1583 1490 1622 id
1517 1595 1694 1622 necesse
1727 1590 1793 1622 est
1821 1582 1879 1621 ita
1900 1583 1954 1622 sit

1103 1647 1418 1692 comparatum,
1460 1644 1506 1678 ut
1534 1650 1619 1679 non
1649 1638 1774 1678 modo
1810 1644 1950 1678 terna—

1100 1696 1206 1735 rium
1225 1696 1292 1735 vel
1310 1695 1521 1735 binarium
1539 1707 1763 1734 numerum
1782 1693 1951 1743 habeat,

1102 1753 1178 1793 sed
1208 1750 1344 1792 etiam‘
1361 1752 1447 1791 vim
1474 1757 1758 1801 naturamque
1788 1751 1879 1791 eius
1909 1752 1951 1790 in

1102 1821 1148 1848 se
1188 1809 1412 1856 contineat,
1455 1808 1568 1859 quod
1607 1820 1683 1860 per
1723 1820 1769 1847 se
1808 1807 1952 1860 ipsum

1101 1866 1357 1905 contrarium
1399 1865 1469 1914 sit,
1513 1861 1599 1904 τοῦ
1641 1861 1865 1916 περιττοῦ
1912 1871 1951 1901 01

1100 1921 1186 1962 τοῦ
1209 1914 1391 1987 αρτίου.

1156 1977 1204 2018 Ρ.
1230 1979 1323 2017 105.
1357 1971 1499 2016 αλλὰ
1531 1971 1629 2016 καὶ
1664 1967 1883 2026 ἐκεῖνο,
1922 1964 1949 2015 ὃ

1101 2047 1170 2074 αν
1197 2026 1540 2097 ἐπιφέρῃ-]
1572 2031 1658 2070 Hoc
1690 2030 1812 2070 dicit:
1847 2041 1949 2070 non

1099 2090 1249 2129 modo
1280 2082 1332 2131 τό
1365 2074 1586 2129 ἐναντίον
1606 2085 1723 2139 (das
1745 2084 1949 2138 Gegen-

1100 2141 1389 2196 siitzliche)
1424 2155 1522 2183 non
1552 2143 1797 2195 recipere
1825 2154 1947 2182 con-

1099 2202 1320 2240 tra1ium
1362 2213 1508 2240 suum
1548 2200 1660 2239 sive
1701 2198 1944 2238 disiunc-

1098 2265 1229 2321 tum,
1252 2262 1299 2296 ut
1318 2268 1415 2294 cum
1434 2247 1486 2296 τὸ
1509 2250 1674 2318 ἄρτιον
1692 2266 1777 2294 non
1801 2254 1950 2307 recipit

1099 2306 1151 2353 τὸ
1182 2287 1403 2379 περιττόν
1448 2319 1487 2351 01
1524 2305 1576 2352 τὸ
1607 2303 1791 2374 θερμόν
1819 2323 1945 2362 repu-

1099 2370 1186 2409 diat
1206 2364 1259 2409 τὸ
1281 2360 1483 2421 ψυχρόν,
1507 2368 1598 2407 sed
1622 2368 1775 2406 etiam
1795 2366 1946 2416 illud,

1099 2425 1238 2476 quod
1288 2426 1355 2475 ei,
1408 2424 1469 2463 ad
1520 2423 1656 2474 quod
1705 2422 1945 2474 accedat,

1098 2482 1422 2521 contrarium
1429 2479 1696 2544 quiddam
1725 2477 1944 2527 afferat,

1097 2538 1138 2576 h.
1163 2550 1200 2578 e.
1223 2539 1323 2584 τοῖς
1344 2528 1588 2590 πράγμασι
1604 2535 1754 2575 afferat
1769 2534 1943 2585 aliquid,

1099 2594 1213 2645 quod
1242 2593 1394 2632 habeat
1416 2592 1729 2632 contrarietatis
1759 2590 1947 2630 disiunc-

1098 2651 1271 2700 tionem,
1304 2649 1631 2689 contiarium
1663 2658 1762 2686 non
1803 2646 1947 2711 serre

1098 2715 1187 2746 aut
1215 2706 1266 2745 111
1296 2717 1351 2746 se
1380 2705 1688 2755 admittere,
1718 2710 1764 2742 ut
1791 2714 1886 2741 cum
1916 2695 1946 2755 ἡ

1102 2755 1257 2816 τριοῖς,
1308 2774 1415 2812 quae
1455 2761 1576 2800 affert
1622 2758 1945 2812 imparilita-

1099 2828 1220 2870 tem,
1240 2830 1323 2857 non
1342 2831 1438 2856 cum
1456 2815 1518 2873 τῷ
1537 2813 1737 2871 περιττῷ
1755 2815 1794 2853 in
1815 2826 1944 2854 unum

1099 2875 1181 2915 coit
1208 2882 1282 2913 aut
1313 2886 1408 2913 curn
1431 2859 1606 2924 nives,
1638 2883 1744 2923 quae
1765 2870 1945 2910 afferunt

1098 2933 1225 2971 rebus
1255 2931 1389 2982 frigus
1420 2937 1568 2970 natura
1595 2940 1673 2968 sua
1694 2927 1821 2966 calori
1842 2938 1941 2965 con-

1098 2988 1286 3038 tranium,
1329 2999 1412 3026 non
1453 2993 1632 3038 possunt
1673 2995 1765 3021 cum
1808 2982 1947 3022 calore

1098 3042 1345 3083 consociari.
1388 3041 1596 3081 Nimirum
1620 3040 1670 3079 ob
1693 3037 1838 3077 oculos
1868 3035 1944 3076 ha-

1098 3100 1191 3139 buit.
1222 3098 1505 3152 philosophus
1542 3094 1786 3136 dialecticas
1826 3094 1943 3144 leges

1098 3155 1445 3195 conuadietionis
1494 3164 1600 3204 quae
1647 3149 1790 3190 vocari
1836 3148 1944 3188 solet

1099 3212 1282 3251 dilectae
1306 3219 1346 3250 et
1367 3211 1576 3259 obliquae,
1607 3219 1658 3245 ex
1681 3206 1833 3257 quibus
1855 3211 1939 3243 sta-

1097 3269 1226 3307 11111111
1269 3279 1353 3306 non
1398 3266 1522 3305 modo
1560 3262 1752 3302 notiones
1789 3271 1936 3300 coor-

1098 3324 1474 3373 (111111103,(]11110
1504 3321 1589 3359 sint
1618 3316 1941 3357 contradictorie

1099 3391 1232 3431 oppos
1238 3379 1339 3427 itae,
1390 3390 1435 3417 se
1474 3376 1656 3414 invicem
1699 3372 1940 3422 excludere,

1098 3436 1175 3475 sed
1193 3413 1530 3475 etiama’notiones
1554 3430 1940 3470 subordinatas

1492 3499 1600 3551 17*
