2158 3718
335 0 1462 46 AEWWRWVMWM
1693 2 1700 20 ·.
1887 0 1895 5 ·-

318 54 322 61 .
743 51 745 54 .

851 119 1108 163 PHAEno
1141 133 1183 176 p.
1207 122 1277 162 84.

179 269 299 325 ταῖς
349 259 578 331 ἡδοναῖς
630 262 722 314 καὶ
768 260 971 323 λύπαις
1016 257 1219 331 ἑαυτὴν
1271 259 1442 312 πάλιν
1489 253 1562 312 αὖ
1611 260 1936 328 ἐγκαταδεῐν

180 347 274 400 καὶ
310 344 589 416 ἀνήνυτον
626 348 794 416 ἔργον
830 344 1094 415 πράττειν
1130 343 1462 414 Πηνελόπης
1507 342 1654 412 τινὰ..
1671 345 1938 407 ἐναντίως

181 427 337 484 ι”στόν
373 431 902 501 μεταχειριζομένην,
941 428 1080 483 ἀλλὰ
1103 429 1353 500 γαλήνην
1378 430 1593 483 τούτων
1618 444 1937 499 παρασκευ-

180 515 402 584 άζουσα,
443 514 680 585 ἑπομένη
717 518 794 586 τῷ
831 518 1077 586 λογισμῷ
1103 516 1195 568 καὶ
1232 513 1317 568 ἀεὶ
1356 516 1420 569 ἐν
1455 514 1635 587 τούτῳ
1673 508 1836 583 οὖσα,
1875 512 1938 568 τὸ

178 597 385 670 ἀληθὲς
420 601 512 653 καὶ
549 598 610 654 τὸ
647 607 810 654 θεῖον
847 600 940 653 καὶ
976 598 1038 653 τό
1076 598 1381 664 ἀδόξαστον
1416 601 1672 670 θεωμένη
1711 600 1803 652 καὶ
1839 597 1935 652 ὑπ’

181 684 403 739 ἐκείνου
439 685 752 756 τρεφομένη
800 689 896 755 ζῆν
933 706 991 739 τε
1028 691 1201 740 οἴεται
1238 684 1385 739 οὕτω
1425 687 1570 754 δεῖν,
1610 685 1712 748 ἕως
1748 684 1819 739 ἂν
1855 688 1936 755 ζῇ,
1958 703 1991 743 Β

178 771 272 824 καὶ
320 769 548 825 ἐπειδὰν
584 771 914 842 τελευτήσῃ,
963 772 1041 835 εἰς
1075 769 1136 825 τὸ
1185 771 1445 840 ξυγγενὲς
1481 771 1574 824 καὶ
1613 771 1690 834 εἰς
1724 769 1786 824 τὸ
1823 790 1936 824 τοι-

178 858 349 909 οὕτον
394 854 704 926 ἀφικομένη
753 854 1107 926 ἀπηλλάχθαι
1150 859 1265 909 τῶν
1311 854 1691 926 ἀνθρωπίνων
1727 859 1936 910 κακῶν.

180 940 243 995 ἐκ
293 939 361 1012 δὴ
408 944 505 1011 τῆς
549 941 808 1010 τοιαύτης
851 945 1063 1011 τροφῆς
1107 938 1278 994 οὐδὲν
1324 938 1513 994 δεινὸν
1559 939 1631 1010 μὴ
1689 943 1938 1012 φοβηθῇ,

1837 119 1937 173 185
2000 123 2002 126 ’

291 1088 363 1141 αὖ
390 1094 413 1141 ἔ
421 1098 760 1169 γκαταδεῖν]
786 1087 849 1141 αὖ
872 1112 952 1144 om
976 1100 1072 1141 Vat.
1096 1100 1225 1140 Vind.
1239 1100 1278 1140 Φ
1301 1100 1395 1139 Par.
1420 1098 1454 1139 G
1475 1099 1586 1140 Flor.
1608 1112 1630 1138 e
1651 1099 1679 1139 d
1700 1100 1796 1142 Zitt.
1834 1099 1939 1140 Dein

177 1169 310 1211 marg
333 1115 802 1199 Βοᾶ1.επικαταδεῑν.

288 1227 320 1268 μ
333 1226 353 1255 ε
366 1228 391 1254 τ
402 1227 469 1268 αχ
483 1226 503 1255 ε
514 1228 530 1254 ι
541 1229 564 1267 ρ
577 1228 593 1255 ι
604 1210 734 1268 ζομ’
713 1226 733 1254 ε
744 1228 809 1267 νη
821 1213 864 1266 ν]
924 1214 1039 1254 Libri
1086 1225 1232 1253 omnes
1278 1209 1701 1267 μεταχειριζομένη
1715 1226 1737 1261 ς
1776 1220 1940 1266 praeter

175 1271 273 1313 Vat.
295 1272 401 1313 Ven
426 1270 472 1318 Ξ
495 1271 642 1314 Ambr.
673 1270 781 1311 Flor.
803 1283 827 1310 a
849 1271 876 1310 d
907 1278 947 1310 et
975 1271 1067 1311 Par.
1091 1269 1125 1310 G
1146 1283 1231 1313 ree.
1236 1271 1339 1323 ,qui
1361 1283 1455 1310 oum
1478 1270 1590 1311 editt.
1611 1277 1780 1323 praeter
1800 1270 1940 1311 Herm.

177 1326 331 1368 habent
350 1323 809 1382 μεταχειριζομένην.
852 1327 1099 1369 Genetivum
1123 1327 1249 1367 etiam
1271 1326 1522 1368 lamblichus
1544 1333 1699 1366 tuetur.

288 1398 336 1440 B.
386 1396 575 1440 οἴεται
616 1390 764 1439 ου’τω
805 1397 949 1450 δεῖν]
993 1397 1061 1439 Sic
1084 1398 1202 1438 Bodl.
1233 1399 1340 1439 Ven.
1365 1397 1413 1439 H
1440 1397 1939 1440 Tub.1amblieh.Vett.

178 1455 293 1498 editt.
321 1454 432 1496 hune
460 1455 616 1496 habent
643 1457 868 1496 verborum
899 1456 1087 1495 ordinem
1119 1453 1270 1496 οἰέται
1303 1453 1408 1496 δεῖν
1437 1445 1601 1502 οὕτως.
1629 1454 1725 1494 Vat.
1749 1454 1877 1493 Vind.
1901 1455 1940 1496 Φ

176 1505 271 1554 Par.
294 1512 328 1553 G
348 1513 491 1555 Ambr
514 1513 623 1554 Flor.
648 1513 674 1552 d
697 1503 845 1560 οὕτως
866 1510 1034 1559 οἷ’,εται
1066 1513 1179 1563 quod
1200 1519 1481 1578 suseeperunt
1500 1511 1679 1550 Bekker.
1703 1518 1744 1551 et
1763 1511 1882 1550 Turr.

289 1560 347 1609 ἐκ
370 1561 437 1622 δὴ
461 1567 576 1622 τῆς]
602 1569 782 1609 Bekker.
804 1582 857 1609 ex
877 1581 960 1610 uno
983 1570 1093 1611 Ven.
1120 1569 1170 1611 H
1195 1562 1257 1621 δή
1284 1569 1327 1608 in
1349 1564 1402 1609 δέ
1424 1568 1617 1608 mutavit.
1649 1567 1771 1616 Quod
1793 1580 1941 1633 quam-

178 1637 302 1677 quam
326 1625 451 1665 etiam
470 1626 575 1667 Tub.
600 1633 639 1666 et
662 1627 805 1666 Iambl.
828 1625 966 1675 habet,
998 1632 1136 1666 tamen
1160 1637 1242 1665 non
1263 1626 1507 1679 probamus.
1547 1622 1700 1678 Aptius
1722 1618 1816 1678 δή
1807 1638 1849 1664 ιη
1872 1638 1939 1665 ar·

176 1682 503 1735 gumentationis
524 1683 811 1727 conclusione.

231 1825 278 1868 Ρ.
299 1826 368 1866 84.
401 1821 500 1866 καὶ
528 1817 821 1892 ἀνήνυτον
841 1847 895 1853 -
916 1838 1015 1879 με·

178 1878 679 1949 ταχειριζομένην]
700 1883 787 1922 Etsi
808 1883 902 1923 libr1
918 1883 1013 1936 plu

177 1939 270 1979 rimi
290 1935 713 1993 μεταχειριζομένη
729 1953 750 1986 ς
771 1940 1014 1991 genetivum

177 2002 365 2044 tuentur,
408 2009 532 2047 quem
562 1995 605 2037 C.
640 1996 716 2036 Fr.
739 1997 839 2035 Her
850 2009 1013 2041 mann.

177 2053 236 2094 ita
264 2052 470 2101 defendit,
501 2060 546 2092 ut
576 2065 671 2092 eum
701 2054 866 2092 iubeat
871 2051 1014 2092 referri

176 2110 231 2149 ad
251 2109 577 2163 philosophiam,
608 2116 749 2148 tamen
774 2122 819 2148 re
840 2121 1015 2148 accura-

176 2167 262 2206 tius
293 2166 498 2218 pensitata
520 2166 572 2204 ad
602 2165 818 2218 vulgarem
839 2166 1014 2204 reverti-

176 2235 272 2271 mur
294 2222 560 2273 sententiam,
593 2234 675 2271 qua
696 2220 1014 2275 μεταχειριζο-

177 2275 340 2333 μένην
361 2290 436 2331 pro
471 2290 572 2318 vero
593 2278 771 2318 habetur
799 2286 925 2329 atque
945 2292 1013 2318 res

177 2336 241 2375 ad'
262 2335 468 2386 animum,
503 2347 587 2375 non
623 2336 678 2376 ad
702 2335 1014 2388 philosophiam

178 2393 388 2446 pertinere
415 2391 634 2433 iudicatur.
694 2391 799 2431 Nam
827 2392 1013 2431 animum

179 2449 260 2489 diei
294 2455 526 2488 tractare
561 2462 607 2500 q
598 2449 818 2489 landam
848 2449 877 2488 P
893 2461 1012 2487 ene-

178 2506 327 2559 lopes
368 2505 522 2545 telam
579 2518 757 2574 prorsus
811 2505 1011 2544 evincunt

178 2575 253 2602 vei
256 2564 329 2603 ba
380 2555 617 2615 ἀνήνυτον
658 2557 795 2616 ε’ργον
833 2555 1010 2615 πράτ-

177 2631 326 2669 τειν,
385 2618 428 2661 h.
478 2631 513 2658 e.
572 2619 1011 2672 inexsuperabile

180 2688 330 2729 opuS,
361 2675 499 2725 quod
528 2688 787 2727 nunquam
811 2689 837 2729 p
854 2674 1012 2714 erfioi

177 2732 351 2786 possit
378 2731 444 2785 (v.
468 2732 721 2773 Valcken.
752 2733 806 2772 ad
834 2732 1011 2772 Theoer.

177 2789 317 2830 Adon.
339 2802 381 2842 p
407 2785 527 2842 379),
550 2801 723 2842 agere,
756 2802 865 2840 quae
893 2789 1012 2828 locu-

176 2845 233 2885 tio
263 2845 428 2884 videtur
456 2857 539 2885 non
577 2847 677 2887 satis
714 2846 935 2898 diligenter
963 2847 1013 2886 ab

179 2901 371 2942 omnibus
400 2902 692 2943 animadve1sa
723 2915 828 2943 esse.
869 2904 1015 2954 Itaque

179 2957 345 2996 animus
377 2957 584 2997 iudicatur
618 2959 850 3012 Penelopes
888 2959 1014 2999 telam

179 3020 370 3062 tractare,
389 3020 608 3064 quatenus,
627 3015 720 3054 lieet
735 3028 810 3068 per
826 3015 1014 3068 philoso-

178 3070 319 3123 phiam
343 3072 558 3123 a'eorpore
578 3071 745 3110 liberari
766 3073 922 3125 cupiat,
947 3080 1006 3111 ta-

178 3139 275 3166 men
297 3138 393 3166 sese
415 3126 552 3166 denuo
582 3127 703 3167 dedat
724 3127 1013 3181 voluptatibus

179 3196 227 3223 ae
250 3182 465 3223 doloribus
483 3184 871 3235 constringendum.
894 3185 1015 3232 Quod

180 3240 349 3292 quidem
366 3240 587 3280 verissime
605 3240 756 3280 dicitur
774 3234 1015 3292 ἐναντίως,

180 3311 201 3336 e
213 3309 235 3337 o
250 3310 273 3336 n
288 3296 416 3336 trari
430 3308 452 3336 o
483 3310 523 3335 m
536 3309 557 3337 ο
570 3297 594 3336 d
607 3309 629 3336 ο
665 3305 791 3348 atque
811 3298 1019 3350 Penelope

180 3352 332 3395 faeere.
372 3353 482 3392 Haec
504 3354 626 3401 enim,
658 3365 738 3406 quo
766 3365 917 3406 procos
940 3353 1019 3393 fal-

186 3410 303 3461 leret,
323 3416 449 3448 noctu
466 3411 694 3460 retexebat,
714 3423 819 3461 quae
839 3410 1021 3450 interdiu

183 3466 476 3518 contexuerat,
496 3466 563 3506 ille
581 3475 718 3506 autem
736 3479 842 3518 qnae
859 3473 1020 3506 retexta

1101 1833 1201 1866 sunt
1222 1825 1467 1866 liberatione
1483 1835 1512 1863 a·
1529 1823 1718 1877 eorporis
1744 1824 1940 1865 sensibus

1100 1889 1300 1935 suscepta
1330 1893 1378 1920 ea
1405 1893 1553 1920 rursus
1591 1881 1710 1930 quasi
1754 1882 1942 1921 contexit

1100 1951 1196 1980 sese
1218 1939 1355 1979 denuo
1378 1937 1564 1990 corporis
1587 1938 1756 1977 tradens
1779 1937 1942 1977 affecti—

1100 1998 1178 2036 bus
1220 2003 1259 2034 et
1300 1994 1616 2047 cupiditatibus.
1669 1993 1802 2046 Igitur
1840 1994 1937 2045 tela,

1101 2065 1227 2104 quam
1260 2058 1434 2102 tractat,
1464 2050 1721 2103 intellegitur
1749 2050 1939 2090 liberatio

1107 2111 1171 2150 sui
1194 2122 1218 2148 a
1239 2108 1428 2160 eorporis
1450 2107 1644 2150 vinculis.

1157 2161 1418 2219 γαλήνην
1438 2175 1716 2205 τουτωνπ.
1722 2163 1940 2218 ]Hoepro-

1100 2234 1253 2263 nomen
1275 2220 1542 2260 Heindorf.
1573 2220 1698 2260 refert
1726 2221 1780 2260 ad
1810 2222 1940 2262 verba

1100 2274 1151 2320 τὸ
1179 2272 1424 2347 ἀνήνυτον
1455 2272 1591 2330 ἔργον
1620 2290 1845 2329 πραττειν
1875 2277 1936 2318 H.
1941 2321 1951 2333 x

1100 2350 1137 2377 τ.
1170 2328 1221 2377 ἒν
1249 2331 1337 2375 ἴστ.
1367 2347 1414 2387 μ
1456 2334 1641 2384 Rectius,
1668 2334 1830 2400 opinor,
1853 2334 1935 2374 Fi-

1101 2391 1322 2433 seherus
1362 2390 1568 2443 intellegit
1606 2388 1699 2432 τῶν
1748 2384 1939 2444 ἡδονῶν

1099 2445 1182 2490 καὶ
1204 2446 1378 2489 λυπῶν.

1151 2502 1248 2546 καὶ
1270 2497 1404 2545 ἀεὶ’
1383 2517 1442 2545 εν
1459 2516 1640 2558 τουτῳ
1663 2491 1820 2555 οὖσα]
1843 2503 1936 2546 h.e.

1098 2571 1146 2603 et
1175 2574 1386 2614 semper
1422 2562 1473 2600 in
1504 2572 1558 2600 eo
1600 2566 1859 2613 occupata
1903 2573 1938 2601 s.

1097 2620 1150 2660 id
1179 2630 1384 2671 semper
1421 2629 1607 2670 agens,
1650 2625 1705 2658 ut
1738 2618 1939 2658 rationi

1100 2677 1446 2727 obtemperet.
1480 2687 1519 2715 v.
1551 2674 1606 2714 ad
1637 2673 1795 2717 Criton.
1819 2687 1862 2727 p.
1883 2675 1937 2716 47

1100 2733 1146 2776 Β.
1178 2731 1348 2772 Menex.
1357 2745 1414 2795 p.
1436 2730 1519 2771 244
1541 2728 1587 2771 C.

1157 2782 1215 2830 τὸ
1259 2780 1625 2848 ἀδόξαστον]
1679 2786 1940 2840 Intellegitur

1099 2846 1225 2896 illud,
1255 2845 1369 2895 quod
1381 2845 1497 2913 quia
1525 2842 1682 2883 certam
1712 2857 1938 2910 veramque

1101 2902 1321 2943 scientiam
1352 2893 1654 2955 (ἐπιστήμην)
1688 2901 1838 2953 efficit,
1870 2903 1935 2941 in·

1101 2965 1259 2999 certam
1282 2958 1496 3012 opinionis
1519 2960 1725 2998 rationem
1746 2934 1937 3008 (δόξαν)

1100 3028 1278 3070 prorsus
1313 3020 1574 3068 aspernatur.
1617 3015 1781 3054 Etenim
1818 3011 1939 3065 δόξα

1102 3073 1230 3113 oritur
1262 3085 1283 3111 e
1314 3071 1651 3111 consideratione
1679 3083 1819 3110 rerum
1841 3084 1938 3111 sen-

1100 3130 1218 3170 sibus
1249 3129 1556 3177 subiectarum,
1600 3120 1831 3180 ἐπιστήμη
1861 3140 1938 3166 au-

1099 3193 1184 3226 tem
1214 3194 1278 3226 est
1306 3185 1493 3230 seientia,
1528 3196 1636 3235 quae
1656 3185 1843 3223 veritatis
1866 3197 1936 3223 ae-

1102 3249 1272 3293 ternae,
1313 3241 1354 3281 h.
1389 3254 1422 3280 e.
1458 3241 1645 3280 ideaium
1676 3240 1935 3294 contempla-

1103 3300 1218 3339 tione
1241 3310 1426 3365 compar
1416 3304 1521 3336 itur.

1162 3356 1206 3395 B.
1239 3349 1413 3395 οὐδὲν
1436 3347 1637 3394 δεινὸν
1657 3346 1730 3406 μή
1748 3350 1817 3404 —]
1842 3352 1881 3394 h.
1902 3365 1937 3394 e.

1109 3423 1202 3451 non
1221 3419 1298 3451 est
1314 3410 1626 3464 perieulum,
1648 3422 1706 3447 ne
1724 3416 1938 3456 metuat,

1107 3475 1153 3506 ut
1184 3468 1361 3520 Apolog.
1385 3480 1425 3520 p.
1449 3466 1502 3506 28
1519 3466 1566 3507 Β.
1591 3465 1716 3516 Gorg.
1740 3466 1873 3516 p.520
1890 3464 1936 3508 Ι),
