2158 3718
712 46 754 62 Ι

483 142 1228 244 SYM90s11JM.p.203
1268 178 1343 231 St.
1656 181 1760 231 133

76 330 250 399 θριος
285 321 653 396 κοιμώμενος,
718 320 821 390 τὴν
876 325 973 391 τῆς
1022 319 1234 394 μητρὸς
1287 319 1455 399 φύσιν
1498 327 1630 393 ἔχων
1672 322 1760 378 ἀεὶ

75 413 256 481 ἐνδείᾳ
300 408 563 476 ξύνοικος.
621 405 765 461 κατὰ
825 410 883 462 δὲ
938 397 1010 462 αὗ
1070 403 1170 461 τὸν
1213 410 1426 479 πατέρα
1467 405 1759 477 ἐπίβουλός

78 500 194 550 ἐστι
235 503 354 557 τοῖς
394 494 584 554 καλοῖς
627 493 720 545 καὶ
766 500 884 555 τοῖς
924 490 1209 561 ἀγαθοῖς,
1252 489 1509 562 ἀνδρεῖος
1545 487 1622 545 ὢν
1663 495 1758 547 καὶ·

78 580 196 646 ἴτης
237 579 328 633 καὶ
356 573 645 639 σύντονος,
690 572 972 646 θηρευτὴς
1004 572 1194 641 δεινός,
1237 574 1325 630 ἀεί
1361 596 1517 639 τινας
1547 578 1756 631 πλέκων

75 659 357 733 μηχανάς,
415 662 507 715 καὶ
551 656 867 733 φρονήσεως
922 656 1300 729 ἐπιθυμητής,
1356 662 1449 714 καὶ
1504 658 1757 729 πόριμος,

66 747 397 821 φιλοσοφῶν
450 740 539 799 διὰ
574 741 785 808 παντὸς
808 745 910 800 τοῦ
934 746 1079 814 βίου,
1124 740 1299 807 δεινὸς
1333 743 1468 814 γόης
1493 746 1586 797 καὶ
1609 765 1757 819 φαρ-

67 825 274 902 μακεὺς
328 830 419 884 καὶ
475 826 772 903 σοφιστής·
842 830 935 883 καὶ
992 824 1116 883 οὔτε
1176 825 1248 892 ὡς
1305 825 1609 892 ἀθάνατος
1663 835 1755 884 πέ-

68 934 240 990 φυκεν
300 909 428 969 οὔτε
485 909 558 976 ὡς
611 910 857 980 θνητός,
921 909 1066 967 ἀλλὰ
1123 915 1248 968 τοτὲ
1290 915 1391 984 μὲν
1433 914 1534 979 τῆς
1573 910 1750 980 αὐτῆς

180 1107 300 1150 τοῖς
329 1102 521 1149 καλοῖς
550 1100 643 1142 κάὶ
670 1106 790 1148 τοῖς
821 1099 1088 1157 ἆγαθοῖς]
1134 1101 1186 1142 V.
1217 1105 1311 1146 τοῖς
1339 1099 1529 1154 ἀγαθοῖς
1560 1101 1755 1151 καὶτοῖς

68 1161 227 1209 καλοῖς.
287 1159 494 1201 Ordinem
524 1160 776 1200 invertimus
807 1160 1063 1202 auctoritate
1095 1158 1219 1203 Bodl.
1244 1158 1375 1200 Coisl.
1399 1158 1495 1202 Vat.
1508 1156 1560 1201 A.
1582 1160 1748 1204 VemE.

68 1215 192 1261 vind.
215 1216 257 1261 2.
284 1216 385 1259 Par.
411 1215 511 1258 ΒΚ.
546 1217 693 1258 Ambr.
723 1220 830 1269 Aug.
852 1230 900 1257 w.
935 1217 1086 1270 Vat.p.
1105 1229 1138 1256 r.
1165 1214 1330 1256 Fiet-n.
1394 1213 1453 1257 Et
1483 1217 1546 1258 sic
1576 1217 1673 1259 Ald.
1706 1214 1751 1260 et

70 1276 176 1319 Bas.
205 1275 239 1317 l.
270 1274 475 1328 scriptum
507 1271 677 1317 habent.
738 1274 803 1315 Ita
841 1278 984 1315 antem
1026 1275 1162 1326 vulgo
1186 1272 1285 1314 dici
1326 1273 1499 1314 solitum
1543 1288 1642 1317 esse
1670 1288 1753 1316 ne-

66 1335 226 1381 minem
256 1331 528 1386 praeteribit,
561 1330 634 1382 qui
666 1331 910 1373 meminerit
943 1330 1282 1385 καλοκαγαθίας.
1339 1330 1448 1373 Mox
1478 1332 1617 1383 δεινὸς
1647 1336 1750 1386 post

66 1390 287 1446 θηρευτής
318 1402 400 1431 em.
419 1388 523 1430 Par.
538 1387 639 1429 DK.
662 1386 808 1443 Vat.p.

946 1541 1042 1570 rum
1074 1529 1259 1584 inopiam
1300 1530 1457 1572 artium
1498 1533 1746 1585 magistram

948 1599 1046 1628 esse
1076 1589 1325 1641 pervulgata
1366 1588 1446 1629 fuit
1476 1590 1591 1643 apud
1623 1597 1746 1635 vete-

946 1657 1018 1684 res
1078 1645 1318 1696 sententia,
1374 1658 1416 1686 v·
1468 1647 1745 1702 Archytas

945 1714 1012 1754 ap.
1044 1701 1170 1743 Stob.
1201 1701 1342 1743 Sernn.
1376 1702 1526 1744 XClll.
1559 1710 1602 1745 et
1633 1719 1745 1758 quae

63 1529 261 1578 νότοι-τος.
297 1551 355 1559 —-
426 1524 680 1583 Πό”ριμος
730 1529 864 1569 inter-

63 1593 186 1642 prete
238 1585 420 1628 Suida
461 1590 529 1626 est
574 1583 595 1625 ὁ
640 1584 788 1625 ἄνυσιν
834 1583 861 1637 ἢ

62 1646 255 1686 ἐπίνοιαν
307 1645 438 1695 ἔχων,
491 1642 519 1682 ἱ.
561 1655 598 1684 e.
647 1641 783 1689 δεινὸς
821 1644 862 1681 ἐν

61 1706 156 1748 τοῖς
180 1698 364 1753 ἀπόροις
383 1697 524 1754 πόρον
551 1697 645 1740 τινὰ
667 1701 863 1754 ἐξευρεῖν.

62 1761 178 1814 Apte
234 1757 399 1800 Wolf.
455 1762 685 1811 comparat
745 1757 863 1798 Ari-

11 1844 14 1851 ι
63 1819 236 1870 stoph.
274 1815 412 1857 Rana.
448 1813 602 1865 1429„
644 1813 714 1855 ubi
746 1815 861 1855 Alci-

62 1874 211 1916 biades
261 1877 446 1915 vocatur
490 1869 681 1926 πόριμος
723 1869 859 1927 αὐτῷ,

62 1935 118 1984 τῇ
154 1929 278 1972 πόλει
317 1927 364 1969 δ’
407 1927 644 1981 ἀμήχανος.
707 1928 771 1969 De
813 1941 859 1970 re

61 1989 151 2044 ipsa
180 1986 291 2031 conf.
322 1986 568 2041 Euripid.
620 1985 858 2040 Hippolyto

61 2047 204 2099 priore
234 2059 301 2098 ap.
333 2043 459 2084 Stob.
490 2042 644 2084 LXlll.
686 2057 725 2096 p.
756 2042 856 2086 245.

63 2105 192 2144 Grot.
219 2101 319 2145 370.
351 2101 483 2142 Gesn.
512 2103 593 2152 ἔχω
624 2100 668 2141 δὲ
695 2099 859 2154 τόλμης

61 2160 132 2200 καὶ
154 2157 352 2213 θράσους
373 2154 643 2209 διδάσκαλον,
668 2155 736 2198 Ἐν
766 2162 858 2205 τοῖς

61 2215 342 2271 ἀμηχάνοισι,
361 2213 856 2269 εὖπορώτατονἜρωτα,

63 2288 176 2328 quae
215 2275 331 2315 iuxta
369 2285 467 2313 cum
507 2273 598 2314 aliis
649 2272 856 2314 similibus

62 2331 316 2373 memoravit
347 2329 652 2371 Biomfield
682 2329 735 2370 ad
768 2332 855 2370 Ae-

63 2390 193 2444 sciiyi.
213 2389 358 2429 Prom.
373 2386 628 2430 vers.59.-
674 2388 736 2428 De
755 2399 856 2439 pro-

61 2446 183 2488 ximis
217 2444 375 2486 dudum
408 2443 651 2485 observavit
680 2443 856 2486 Ruhn-

61 2505 175 2545 ken.
207 2502 259 2543 ad
279 2501 390 2542 Tim.
419 2513 460 2555 p.
482 2500 558 2546 73=
592 2499 712 2554 γόης,
743 2515 855 2556 φαρ-

59 2559 221 2616 μακεύς
253 2563 296 2600 et
325 2558 534 2611 σοφιστὴς
560 2559 673 2612 apud
706 2559 856 2600 Plato-

60 2631 157 2659 nem
189 2617 439 2671 saepis-ime
459 2617 633 2658 iunctim
665 2628 857 2657 comme-

61 2675 234 2726 morari,
266 2674 320 2716 de
350 2686 431 2726 qua
461 2686 508 2715 re
531 2674 696 2714 monuit
726 2673 856 2714 etiam

61 2732 329 2788 Wyttenba
372 2730 426 2772 ad
478 2731 638 2785 Eunap.
684 2744 726 2786 p·
760 2729 856 2774 173.

62 2788 266 2843 Sophiste
288 2793 469 2829 vocatur
486 2790 620 2830 Amor
642 2789 771 2829 etiam
802 2787 855 2829 ab

64 2849 227 2899 Araspa
264 2845 377 2899 apud
415 2845 657 2898 Xenoph.
693 2845 855 2898 Cyrop.

65 2903 135 2944 Vl.
170 2903 210 2954 1,
241 2900 426 2945 412'21251«
456 2907 592 2942 τοῦτο
621 2900 858 2956 πεφιλοσό-

63 2975 177 3015 φηκα
205 2957 312 3010 μετὰ
355 2962 436 2998 τοῦ
465 2957 615 2998 ἀδίκου
646 2963 856 3011 σοφιστοῦ

61 3022 141 3059 τοῦ
161 3015 360 3070 Ἔρωτος.
420 3014 682 3056 posterioris
703 3017 856 3057 aetatis

61 3075 294 3128 scriptores
325 3071 432 3112 hunc
467 3073 605 3112 iusum
637 3071 858 3114 imitantes

62 3135 274 3175 memorat
313 3128 610 3171 Vilioison.
652 3127 706 3170 ad
736 3129 856 3171 Lon-

60 3202 163 3243 gum
196 3202 236 3242 p.
267 3185 351 3230 273
377 3199 440 3238 sq.
477 3191 520 3228 et
549 3185 770 3227 Iacobo.
803 3184 857 3226 ad

62 3246 213 3289 Achiui.
224 3243 322 3287 Tat.
335 3258 375 3298 p.
385 3242 485 3287 449.
521 3243 723 3286 Ceterum
737 3244 796 3285 Pl
809 3255 860 3284 o-

61 3304 213 3345 tinus
245 3316 286 3356 p.
306 3301 404 3346 297.
430 3300 479 3343 C.
504 3300 612 3342 hunc
632 3302 772 3344 iocum
788 3312 861 3342 re-

64 3361 272 3414 spiciens:
306 3360 376 3400 καὶ
405 3357 454 3398 τὸ
478 3357 722 3412 εὐμήχανον
741 3355 860 3412 αὐτῷ

64 3419 260 3475 (Ἔρωτι)
291 3416 360 3460 διὰ
393 3415 471 3467 τὴν
490 3415 663 3458 ἔνδειαν.
725 3415 859 3459 Nimi-

945 1759 1087 1799 attuiit
1116 1758 1265 1816 Wess
1284 1759 1439 1811 eling.
1474 1759 1528 1800 ad
1561 1762 1740 1810 Diodor.

946 1816 980 1857 1.
1009 1814 1051 1858 8.
1108 1816 1259 1868 ltaque
1298 1817 1621 1860 Creuzerus
1650 1823 1742 1862 An-

944 1873 1042 1913 nal.
1078 1872 1288 1913 Vindobb.
1317 1873 1350 1914 Ι.
1385 1886 1421 1914 c.
1443 1887 1484 1927 p.
1514 1874 1606 1919 154.
1638 1877 1743 1919 Pia-

944 1929 1055 1970 tonis
1086 1931 1229 1972 locum
1255 1930 1449 1972 vitiatum
1470 1945 1567 1976 esse
1600 1936 1742 1986 suspi-

945 1992 1091 2038 catur,
1132 1992 1180 2028 ut
1224 1988 1265 2028 in
1297 2000 1382 2039 quo
1413 1989 1524 2031 inter
1558 1992 1741 2034 virtutes

940 2057 964 2085 a
994 2049 1115 2098 patre
1144 2050 1345 2098 acceptas
1366 2046 1592 2102 reseratur,
1625 2050 1740 2103 quod

939 2101 980 2142 in
1012 2102 1241 2142 virtutibus
1265 2104 1467 2145 maternis
1498 2104 1627 2147 fuerit
1657 2120 1738 2149 nu-

940 2160 1202 2200 merandum.
1263 2160 1307 2200 ln
1348 2173 1432 2213 qno
1466 2161 1526 2204 vir
1560 2164 1743 2207 illustris

938 2229 1008 2257 me
1046 2216 1220 2269 quidem
1266 2230 1350 2258 non
1391 2217 1518 2261 habet
1555 2234 1738 2264 consen-

938 2274 1135 2315 tientem.
1201 2274 1310 2316 Nam
1349 2275 1520 2319 videtur
1559 2278 1738 2321 Ploti-

936 2342 1035 2370 nus
1077 2331 1272 2372 Platonis
1320 2335 1479 2386 verba,
1529 2348 1642 2387 quae
1679 2336 1735 2380 de

938 2388 1162 2428 nectendis
1192 2388 1416 2431 fraudibus
1451 2405 1500 2434 ac
1532 2393 1642 2434 dolis
1671 2394 1736 2435 in-

939 2445 1168 2498 tenigenda
1210 2452 1337 2500 sunt,
1386 2450 1428 2489 in
1467 2442 1591 2491 alirim
1634 2464 1736 2493 sen-

941 2515 1034 2543 sum
1065 2502 1325 2556 detorsisse,
1356 2506 1539 2560 ideoque
1571 2506 1625 2549 de
1655 2520 1735 2550 suo

940 2558 1002 2600 δι’
1033 2560 1222 2601 ’ἔνδειαν
1266 2563 1498 2607 addidisse.
1564 2565 1739 2607 Tuetur

942 2616 1196 2670 scripturam
1217 2618 1417 2663 librorum
1441 2621 1748 2665 Themisti·

941 2686 1005 2715 us
1038 2675 1156 2716 Orat.
1189 2675 1305 2722 Xlll.
1334 2693 1376 2733 p.
1401 2679 1496 2723 16-2.
1528 2681 1577 2721 D.

998 2731 1049 2773 E.
1106 2732 1233 2773 ἀλλὰ
1267 2738 1395 2776 τοτὲ
1422 2741 1514 2790 μὲν
1547 2754 1586 2779 τ.
1619 2736 1733 2782 αὐτ.

939 2787 1010 2844 ἤ.]
1061 2789 1248 2844 Egregie
1281 2793 1352 2843 ,his
1391 2795 1534 2836 verbis
1574 2795 1737 2837 amoris

939 2853 1136 2889 naturam
1168 2848 1350 2893 describi
1377 2864 1504 2893 nemo
1537 2858 1605 2894 est
1635 2852 1734 2905 quin

939 2903 1094 2945 videat.
1173 2905 1397 2950 Notandus
1448 2922 1551 2951 vero
1607 2911 1734 2952 etiam

940 2963 1009 3002 est
1045 2973 1146 3003 usus
1186 2967 1416 3007 verborum
1457 2966 1653 3022 εὐπορεῖν
1690 2969 1735 3007 ‘et

938 3016 1213 3074 πορίζεσθαι,
1241 3025 1397 3077 quibus
1416 3035 1525 3077 quae
1546 3025 1601 3065 de
1618 3025 1733 3063 Poro

940 3074 1052 3116 dicta
1080 3082 1194 3130 sunt,
1224 3093 1399 3135 prorsus
1420 3082 1735 3122 confirmantur.

941 3131 1143 3175 Ceterum
1161 3138 1273 3180 conf.
1296 3138 1375 3180 Ma
1389 3151 1429 3178 x.
1447 3137 1519 3189 Ty
1534 3134 1732 3178 r.XX1V·

941 3201 986 3242 p.
1020 3187 1126 3235 297:
1170 3193 1324 3236 θάλλει
1362 3198 1435 3247 μὲν
1476 3195 1576 3249 ἔρως
1607 3191 1736 3231 εὔπο-

941 3249 1048 3299 ρῶν,
1079 3247 1347 3305 ἀποθνήσκει
1378 3251 1419 3291 δὲ
1449 3248 1632 3304 ἀπορῶν,
1664 3248 1736 3289 ubi

942 3315 982 3343 v.
1013 3303 1189 3349 Davis.
1219 3323 1262 3364 p.
1286 3307 1382 3354 592.
1423 3306 1549 3348 Errat
1578 3306 1735 3347 Hom-

943 3361 1132 3404 meiius
1163 3363 1269 3408 δ’ταν
1312 3361 1508 3419 ἀπορήσῃ
1546 3363 1736 3405 scriben-

945 3416 1043 3459 dum
1075 3426 1205 3467 ratus.
