2158 3718
545 176 1303 254 SYMPOSIUM.p.'183
1343 187 1418 238 st.
1743 189 1808 238 σι
1879 177 1887 183 “

127 340 339 405 ἑταῖροι
383 332 731 400 ὀνειδίζωσιν,
781 330 879 387 ἐάν
923 353 975 387 τι
1019 329 1185 403 ὁρῶσι
1217 333 1440 386 τοιοῦτο
1448 331 1813 406 γιγνόμενον,

127 440 220 473 και
267 416 397 482 τοὺς
442 415 811 483 ὀνειδίζοντας
858 408 930 470 αὖ
981 420 1033 471 οἱ
1077 413 1438 486 πρεσβύτεροι
1495 412 1571 485 μὴ
1614 419 1810 470 διακω-

127 501 294 557 λύωσι
337 504 471 573 μηδὲ
516 504 848 572 λοιδορῶσιν
893 498 964 564 ὡς
1020 498 1120 554 οὐκ
1163 498 1359 571 ὀρθῶς
1403 503 1494 568 λέ)
1499 522 1680 564 οντας,
1742 507 1815 565 εὶς

129 589 186 641 δὲ
231 584 411 640 ταῦτά
457 606 540 649 τις
601 577 676 639 αὖ
717 589 933 659 βλέψας
990 582 1245 655 ἡγήσαιτ’
1314 582 1387 639 ἂν
1432 583 1601 639 πάλιν
1642 584 1817 656 αἴσχι-

129 690 266 725 στον
303 667 367 725 τὸ
415 672 677 725 τοιοῦτον
728 667 939 723 ἐνθάδε
997 672 1344 740 νομίζεσθαι.
1388 665 1452 723 τὸ
1500 671 1580 733 δέ,
1644 668 1814 739 οἶμαι,

107 745 224 809 ’ὧδ’
276 757 410 825 ἔχει·
455 751 556 824 οὐχ
599 751 820 808 ἁπλοῦν
864 759 1040 820 ἐστιν,
1097 750 1232 823 ὅπερ
1281 752 1336 819 ἐξ
1378 750 1553 823 ἀρχῆς
1595 756 1816 825 ἐλέχθη,

131 834 257 893 οὔτε
290 835 464 892 καλὸν
497 836 638 892 εἶναι
673 832 813 891 αὐτὸ
845 835 992 891 καθ’
1045 834 1183 892 αὐτὸ
1215 833 1339 892 οὔτε
1368 834 1625 908 αἰσχρόν·
1669 835 1815 891 ἀλλὰ

131 924 310 987 καλῶς
347 925 448 994 μὲν
490 918 879 994 πραττόμενον
921 918 1125 986 καλόν,
1186 923 1419 994 αἰσχρῶς
1475 924 1531 976 δὲ
1574 918 1818 993 αἰσχρόν.

133 1086 252 1128 libris
275 1089 509 1128 mutatum.
567 1083 784 1125 Videlicet
813 1084 990 1126 iteratur
1020 1085 1084 1125 hic
1114 1084 1216 1125 illud
1248 1085 1318 1134 δέ,
1364 1082 1478 1137 quod
1511 1087 1578 1125 est
1607 1084 1647 1125 in
1678 1085 1818 1125 verbis

131 1141 303 1190 ἐπειδὰν
333 1143 377 1183 δὲ
411 1141 603 1194 uuidar„
635 1140 689 1181 de
719 1153 802 1193 qua
831 1141 1034 1194 loquendi
1067 1129 1233 1182 ratione
1266 1141 1365 1182 alibi
1397 1141 1571 1182 dietum.

249 1197 351 1252 οὐχ
380 1196 595 1240 ἁπλοῦν
626 1197 803 1251 ἐστιν]
848 1199 1023 1241 Bastius
1053 1213 1133 1250 ουχ
1165 1197 1392 1239 delendum
1426 1198 1642 1239 censebat.
1678 1199 1820 1240 Astius

133 1258 296 1299 omisso
325 1256 461 1308 εἶναι,
503 1254 620 1308 quod
665 1254 788 1295 deest
828 1255 868 1296 in
901 1256 1066 1308 aliquot
1098 1256 1242 1307 libris,
1294 1257 1421 1298 scribi
1453 1257 1639 1297 malebat
1668 1255 1822 1302 ἁπλῶς.

134 1316 236 1358 Bas.
262 1314 306 1359 2.
331 1313 380 1356 τὸ
415 1315 484 1364 δὲ,
517 1312 666 1366 οῗ,μαι
697 1307 777 1352 ὧδ’
816 1311 981 1352 ἁπλοῦν
1012 1315 1137 1353 ἐστιν.
1170 1326 1209 1352 v.
1241 1314 1378 1366 intpp.

248 1365 495 1427 αἰσχρῶς
525 1372 614 1422 μὲν
645 1374 740 1409 οῦν
770 1371 860 1410 ἐστ
880 1369 924 1423 ι]
972 1370 1124 1423 steph.
1154 1370 1331 1422 αἰσχρὸν
1361 1388 1425 1424 μ.,
1457 1369 1574 1424 quod
1608 1375 1819 1411 mutatum

135 1443 160 1472 e
189 1429 316 1471 Bodl.
345 1429 480 1470 Coisl.
486 1427 618 1469 Vind
643 1428 677 1470 1
701 1425 743 1470 2.
764 1429 806 1469 7.
825 1428 928 1470 Par.
963 1427 1116 1470 DEK.
1145 1429 1288 1469 Ambr.
1319 1433 1427 1480 Ang.
1451 1441 1493 1468 u.
1510 1441 1558 1467 w.
1585 1428 1678 1469 Vat.
1708 1441 1746 1468 n.
1775 1441 1817 1481 p.

136 1500 173 1528 r.
192 1500 226 1530 s.
258 1487 365 1527 Ven,
390 1490 420 1526 t.
441 1485 558 1527 Flor.
582 1498 621 1527 a.
643 1485 684 1527 b.
711 1497 748 1524 c.
775 1485 799 1525 i.
820 1498 878 1534 τι,
910 1486 1162 1538 quibuscum
1190 1485 1282 1526 Ald.
1310 1490 1353 1526 et
1374 1486 1502 1526 Bass.
1536 1487 1818 1530 consentiunt,

136 1543 470 1598 Steplianianum
511 1546 738 1583 tenuerunt
778 1541 902 1583 (surr.
938 1547 1109 1596 praeter
1138 1548 1299 1584 rectam
1332 1544 1556 1584 rationem.
1592 1555 1632 1584 v.
1665 1545 1818 1597 explic,

135 1656 310 1698 -οὕτε
335 1654 518 1708 αἰσχρόν
546 1656 738 1698 subiecto
757 1669 835 1697 suo
861 1670 933 1698 ca-

137 1729 234 1757 rere
258 1714 346 1755 visa
367 1719 466 1754 sunt
484 1719 684 1766 totusque
701 1716 819 1754 locus
839 1727 934 1756 om-

136 1773 236 1814 nino
249 1785 379 1826 prave
393 1777 645 1825 perspectus
656 1770 746 1812 fuit.
767 1772 934 1814 Quam-

139 1831 290 1872 obrem
346 1829 528 1883 primum
572 1828 738 1881 quidem
785 1834 934 1870 tenen-

140 1887 242 1929 dum
276 1892 343 1928 est
370 1887 501 1927 verba
531 1885 634 1926 οὔτε
665 1885 794 1925 καλὸν
825 1886 935 1926 εἶναι

139 1966 195 1975 -
233 1943 336 1984 οὔτε
366 1941 585 1998 αἰσχροίι,,
611 1956 721 1996 quae
761 1944 934 1997 proprie

142 2001 358 2043 debebant
389 2014 486 2042 cum
521 1999 604 2052 οὐχ
644 1998 810 2040 ἁπλοῦν
845 2003 935 2040 ἐστι

140 2059 363 2112 coniungi,
407 2058 515 2098 hunc
546 2059 584 2098 in
620 2058 824 2099 modum:
855 2057 938 2110 οὐχ

141 2115 309 2156 ἁπλοῦν
337 2117 429 2155 ἐστι
456 2114 506 2155 τὸ
543 2114 646 2155 οὔτε
677 2114 806 2155 καλὸν
827 2115 938 2155 εἶναι

142 2196 200 2204 --
229 2171 329 2213 οὔτε
360 2170 559 2226 αἰσχρόν,
599 2185 808 2224 suspensa
841 2187 936 2215 esse

142 2230 285 2286 potius
321 2243 344 2270 e
368 2230 561 2270 membro
586 2229 753 2282 periodi
785 2243 938 2270 secun-

146 2287 267 2329 dario
317 2288 380 2328 vel
427 2286 694 2339 parenthesi.
744 2284 851 2340 δ’περ
897 2286 940 2330 ἐξ

144 2344 279 2399 ἀρχῆς
296 2344 470 2395 ἐλέχθη,
487 2343 542 2383 ita
558 2343 744 2395 quidem,
759 2348 804 2384 ut
819 2344 941 2384 dein-

146 2415 250 2456 ceps
267 2406 384 2442 recta
402 2401 596 2441 oratione
613 2406 838 2454 pergatur.
864 2399 938 2440 ἆλ-

146 2458 196 2499 λᾶ
243 2459 376 2502 καλῶς
427 2461 502 2509 μὲν
546 2480 600 2487 -
636 2456 826 2511 αἰσχρόν,
896 2458 941 2498 1η

146 2530 230 2570 qua
265 2515 441 2568 quidem
475 2515 682 2556 enuntiati
704 2514 941 2556 conforma-

147 2575 265 2616 tione
296 2572 376 2613 etsi
420 2571 593 2612 fuerunt
632 2573 700 2624 qui
745 2571 941 2613 offende-

148 2636 259 2681 rent,
292 2634 438 2670 tamen
469 2629 537 2681 qui
571 2629 770 2670 Graecos
790 2630 943 2671 memi-

149 2687 289 2729 nerint
321 2692 405 2727 non
454 2699 550 2727 raro
583 2687 803 2740 primarias
846 2699 947 2727 sen·

149 2745 378 2787 teintiarum
435 2748 581 2797 partes
629 2756 728 2785 cum
793 2757 948 2798 paren-

149 2801 258 2844 thesi
289 2805 547 2842 connectere
579 2803 744 2851 solere,
789 2813 948 2854 nequa-

153 2872 283 2911 quam
320 2858 460 2899 inilia
503 2857 752 2899 haerebunt.
813 2859 950 2900 Prae-

151 2920 273 2956 terea
303 2928 406 2955 vero
448 2915 574 2956 etiam
611 2915 953 2956 animadverten-

155 2971 257 3012 dum
291 2977 357 3011 est
387 2970 637 3023 diligenter,
669 2971 782 3024 quod
816 2970 948 3011 καλόν

157 3033 202 3070 et
234 3025 412 3080 αἰσχρόν
442 3028 532 3068 sine
563 3029 742 3078 subiecti
765 3030 949 3069 mentio-

158 3099 213 3126 ne
244 3085 431 3136 positum
467 3087 547 3134 est,
583 3097 634 3126 ne
666 3084 745 3125 hoc
776 3084 948 3137 quidem

159 3156 186 3183 a
218 3142 384 3194 linguae
425 3152 501 3180 usu
547 3145 589 3181 et
640 3141 951 3182 consuetudine

161 3201 249 3241 ullo
282 3198 412 3239 modo
447 3197 650 3238 recedere
718 3198 826 3240 Nam
851 3203 951 3251 post

159 3255 341 3308 negandi
390 3254 647 3308 particulam
699 3254 953 3296 adiectivum

159 3313 350 3355 neutrius
362 3312 531 3366 generis
547 3324 629 3352 non
646 3311 700 3352 ita
716 3325 812 3354 raro
827 3325 952 3353 usur-

160 3374 286 3425 patur
307 3370 383 3421 sic,
409 3374 456 3410 ut
476 3371 520 3409 τί
539 3370 605 3410 vel
622 3366 741 3410 οὐδέν
766 3382 801 3411 s.
824 3369 956 3422 μηδέν

161 3425 482 3482 intelligendum
508 3427 784 3480 relinquatur.
826 3425 956 3468 Cuius

1019 1657 1189 1710 generis
1222 1658 1418 1709 exempla
1448 1671 1578 1710 quum
1603 1658 1655 1699 a'd
1679 1659 1817 1711 Gorg-

1020 1728 1046 1768 p
1074 1714 1172 1758 485,
1191 1713 1239 1754 Ε.
1261 1714 1580 1768 adscripsimus,
1614 1722 1704 1756 tum
1737 1717 1816 1757 alia

1022 1772 1149 1812 etiam
1186 1772 1418 1812 afferemus
1450 1771 1504 1812 ad
1538 1772 1673 1826 Legg.
1706 1773 1816 1825 V.p.

1018 1828 1117 1871 736.
1143 1830 1176 1868 D
1210 1828 1419 1880 siquidem
1449 1842 1524 1882 per
1546 1829 1671 1870 deum
1699 1835 1742 1871 et
1766 1832 1816 1870 li-

1018 1886 1201 1927 brarium
1221 1886 1445 1937 aliquando
1459 1887 1546 1937 fiet,
1562 1892 1608 1927 ut
1622 1900 1728 1940 opus
1738 1887 1816 1927 du-

1020 1943 1118 1984 dum
1138 1944 1434 1984 absolutnmin
1459 1945 1594 1984 lucem
1622 1946 1818 1985 emittere

1024 2002 1160 2042 liceat.
1215 2001 1364 2052 ltaque
1404 1999 1505 2040 οὔτε
1547 2000 1675 2040 καλὸν
1708 2000 1816 2041 εἶναι

1022 2058 1136 2099 idem
1169 2063 1235 2099 est
1265 2056 1377 2110 quod
1412 2057 1513 2097 οὔτε
1544 2058 1676 2098 καλὸν
1707 2057 1818 2098 εἶναί

1022 2132 1066 2156 τι
1097 2129 1130 2155 s.
1163 2114 1318 2154 mmo(
1351 2115 1542 2167 Denique
1573 2116 1816 2157 meminisse

1023 2173 1151 2215 etiam
1173 2172 1351 2224 iuvabit,
1384 2176 1480 2213 toto
1514 2171 1594 2213 hoc
1623 2175 1717 2214 loco
1746 2186 1815 2213 re-

1024 2230 1129 2283 spici
1161 2229 1215 2270 ad
1246 2230 1334 2279 ina,
1365 2242 1472 2281 quae
1492 2243 1515 2270 a
1541 2230 1751 2270 Pausania
1773 2244 1814 2282 p.

1028 2287 1121 2331 181.
1155 2291 1204 2328 Α.
1241 2287 1449 2339 explicata
1491 2292 1611 2338 sunt3
1665 2288 1816 2340 quibus

1025 2343 1285 2396 comparatis
1313 2357 1422 2394 eam,
1454 2344 1579 2395 quam
1602 2357 1709 2385 nunc
1740 2343 1818 2384 de-

1024 2401 1263 2449 fendimus,
1310 2401 1392 2441 loci
1424 2401 1819 2454 interpretationem

1027 2458 1151 2499 unice
1185 2470 1325 2498 veram
1347 2462 1592 2510 rectamque
1618 2472 1714 2500 esse
1738 2458 1821 2500 eti-—

1027 2529 1095 2557 am
1129 2515 1290 2556 certius
1320 2513 1595 2567 intelligetur.

1086 2630 1314 2683 αἰσχρῶς
1343 2628 1436 2684 μ’ὲν
1468 2621 1572 2670 οιῖν
1615 2627 1726 2668 ἔστι
1757 2626 1820 2682 π.]

1030 2686 1094 2728 Ad
1129 2687 1305 2739 αἰσχρῶς
1337 2691 1380 2728 et
1408 2687 1543 2731 καλῶς
1575 2699 1598 2727 e
1621 2685 1821 2739 superio-

1030 2745 1149 2786 ribus
1174 2743 1497 2797 intelligendum
1523 2747 1590 2783 est
1607 2741 1822 2798 πράττειν.

1031 2802 1098 2842 De
1122 2801 1305 2854 Republ.
1331 2802 1362 2842 1.
1384 2814 1410 2854 p
1450 2800 1547 2844 339.
1570 2801 1628 2842 C:
1662 2797 1824 2840 ου’κοῦν

1032 2860 1343 2910 ἐπιχειροῦντες
1361 2857 1516 2912 νόμους
1531 2862 1709 2897 τιθέναι
1723 2856 1828 2903 τούς

1033 2917 1107 2970 μὲν
1138 2915 1284 2968 ὀρθῶς
1307 2920 1499 2965 τιθέασι,
1525 2913 1628 2959 τοὺς
1651 2916 1830 2958 ὄέῖινας

1032 2971 1112 3012 οὐκ
1144 2971 1319 3025 ‹iq-9152,-
1352 2997 1398 3002 —
1427 2972 1485 3013 Τὸ
1512 2973 1552 3012 δὲ
1574 2971 1624 3023 ὄρ
1633 2976 1720 3015 θῶς
1744 2971 1828 3022 (sc.

1033 3027 1194 3082 νόμους
1232 3033 1372 3071 τιθέντ
1373 3033 1438 3076 ιι)
1481 3028 1530 3068 τὸ
1580 3028 1628 3068 τὰ
1673 3029 1830 3077 ξυμφέ-

1034 3084 1164 3141 ροντοὶ
1183 3087 1271 3127 ἔστι
1286 3087 1534 3127 τίθεσθαι’
1518 3102 1533 3125 ε
1539 3101 1593 3124 rw
1600 3101 1662 3123 τοι
1651 3089 1698 3130 ἷ.ς
1722 3083 1828 3123 Plu-

1035 3156 1082 3184 ra
1132 3144 1437 3198 adscripsimus
1484 3143 1536 3182 ad
1594 3138 1828 3191 Eutluyplur.

1036 3213 1079 3254 p.
1098 3198 1136 3242 2
1153 3201 1199 3241 C.
1222 3201 1384 3255 Cratyl.
1402 3215 1427 3253 p
1466 3198 1563 3242 333.
1588 3198 1622 3236 C
1659 3196 1828 3240 Hom-

1038 3258 1193 3299 melii
1224 3258 1276 3300 ad
1304 3254 1739 3308 l·.1dispntationem
1765 3252 1829 3292 fa-

1038 3319 1134 3356 teor
1164 3329 1233 3356 me
1263 3329 1347 3356 non
1378 3313 1623 3364 intelligere.
1671 3310 1712 3350 ls
1741 3309 1826 3349 sci-

1037 3371 1136 3413 licet
1166 3372 1220 3413 ad
1251 3372 1426 3422 αἰσχρῶς
1451 3373 1495 3409 et
1509 3346 1656 3412 Ὀκαλῶς
1681 3366 1826 3420 potius

1039 3429 1175 3484 φιλεῖν
1206 3429 1381 3481 intelligi
1412 3427 1515 3468 vult.
1566 3423 1670 3466 Mox
1699 3423 1828 3471 verbu
