2158 3718
398 173 503 224 1⁰2
1005 174 1424 229 PLATO‘MS

394 315 432 373 ἃ
481 316 746 383 “Ησιόὃος
802 322 898 375 καὶ
955 322 1316 391 Παρμενίδης
1371 318 1650 394 λέγουσιν,
1713 325 1949 406 Ἀνάγκη
1988 332 2085 385 καὶ

395 400 498 458 οὐκ
525 399 728 476 ’Ἑρωτι
784 407 1101 474 γεγονέναι,
1154 408 1200 458 εὶ
1257 411 1450 464 ἐκεῖνοι
1504 406 1706 477 ἀληθῆ
1753 414 1968 483 ἔλεγον·
2014 411 2082 468 οὐ

393 483 503 559 γὰρ
545 483 620 544 ἂν
664 490 907 558 ὲκτομαί,
955 486 1084 544 οὐδὲ
1129 490 1320 561 δεσμοὶ
1360 488 1612 560 ἀλλήλων
1659 498 1946 566 ἐγίγνοντο
1989 499 2084 552 καὶ

389 567 538 626 ἄλλα
580 567 763 628 πολλὰ
809 574 902 626 καὶ
947 573 1135 642 βίαια,
1188 580 1233 629 εὶ
1259 570 1434 647 ’Έρως
1473 581 1532 631 ἐν
1575 576 1771 645 αὐτοῖς
1809 572 1898 648 ἦν,
1940 579 2085 636 ἀλλὰ

391 658 552 731 φιλία
596 658 691 710 καὶ
733 652 938 727 εἰρήνη,
983 653 1158 727 ὥςπερ
1203 660 1321 723 νῦν,
1366 659 1422 727 ἐξ
1462 651 1530 715 οὗ
1558 657 1734 734 ’Ἑρως
1773 667 1886 721 τῶν
1926 667 2085 721 θεῶν

391 736 684 810 βασιλεύει.
768 741 916 805 Νέος
958 742 1061 812 μὲν
1104 733 1208 798 οὗν
1251 748 1380 810 ἐστι,
1425 741 1564 814 πρὸς
1607 749 1663 803 δὲ
1702 751 1780 819 τῷ
1806 756 1910 820 νέῳ
1933 746 2087 806 ἁπα-

301 820 347 873 D
397 820 526 887 λός·
571 827 807 891 ποιητοῦ
852 823 903 880 δ’
958 826 1106 881 ἔστιν
1144 824 1333 894 ἐνδεὴς
1377 824 1496 892 οἷος
1542 820 1900 906 ἦνὍμηρος,
1942 831 2085 906 πρὸς

397 903 460 964 τὸ
504 908 786 985 ἐπιδεῖξαι
843 912 991 978 θεοῦ
1047 908 1400 980 ἁπαλότητα.
1472 910 1719 986 ’Όμηρος
1772 913 1881 990 γὰρ
1906 914 2085 987 ’'At-nv

394 990 548 1049 θεόν
591 999 650 1049 τέ
691 1013 861 1068 φησιν
904 991 1046 1050 εἶναι
1088 998 1181 1050 καὶ
1219 993 1474 1065 ἁπαλήν·
1530 995 1665 1063 τούς
1715 1003 1855 1071 γοῦν
1909 1001 2085 1068 πόδας

394 1075 572 1152 αὐτῆς
614 1074 877 1143 ἁπαλοὺς
920 1076 1079 1146 εἶναι,
1122 1081 1291 1149 λέγων

511 1152 529 1160 Ι
651 1165 750 1230 τῆς
785 1160 962 1234 μένθ’
1013 1160 1225 1219 ἁπαλοὶ
1267 1162 1466 1230 πόδες·
1511 1165 1578 1222 οὐ
1609 1164 1718 1242 γὰρ
1747 1167 1839 1224 ἐπ’
1891 1165 2084 1237 οὔδεος

476 1248 756 1314 πίλναται,
785 1244 913 1304 ἀλλ’
948 1242 1063 1320 ἄρα
1093 1244 1126 1316 ἦ
1157 1269 1218 1320 γε
1246 1246 1360 1304 κατ’
1394 1248 1617 1324 ἀνδρῶν
1640 1250 1864 1326 κράατα
1884 1256 2082 1326 βαίνει.

394 1332 545 1400 καλῷ
626 1322 729 1387 οὖν
794 1333 944 1386 δοκεῖ
1026 1353 1122 1401 μοι
1203 1338 1472 1408 τεκμηρίῳ
1556 1332 1661 1403 τὴν
1744 1335 2078 1408 ἁπαλότητα

392 1411 761 1490 ἀποφαίνειν,
818 1412 909 1471 ὅτι
967 1411 1068 1472 οὐκ
1127 1420 1216 1472 ἐπὶ
1273 1420 1510 1488 σκληροῦ
1552 1421 1764 1490 βαίνει,
1817 1419 1943 1480 ἀλλ’
1993 1428 2082 1481 ἐπὶ

302 1502 344 1552 Ε
392 1502 719 1571 μαλθακοῦ.
767 1500 844 1570 τῷ
888 1497 1044 1570 αὐτῷ
1087 1498 1154 1568 δὴ
1199 1503 1293 1557 καὶ
1321 1499 1476 1573 ἡμεῖς
1510 1503 1855 1577 χρησώμεθα
1886 1527 2082 1581 τεκμη-

512 1664 564 1704 D.
627 1663 687 1705 οὔ
732 1664 834 1721 γὰρ
872 1663 950 1707 ἐπ’
995 1663 1220 1719 οὔδεος]
1261 1665 1386 1719 Apud
1415 1665 1659 1710 Homerum
1692 1672 1760 1711 est
1791 1666 1934 1722 οὔδει,
1963 1670 2080 1724 quod

397 1735 449 1763 ex
496 1721 613 1763 libris
657 1722 846 1765 Bekkeri
886 1723 969 1765 soli
1010 1722 1160 1765 Ambr.
1204 1722 1354 1767 Vat.r.
1399 1737 1424 1765 e
1460 1725 1619 1766 nostris
1659 1725 1775 1768 Flor.
1815 1738 1852 1767 n.
1889 1732 2077 1769 tuentur.

395 1777 538 1820 Etiam
582 1778 685 1821 Bas.
709 1779 751 1823 2.
793 1779 923 1823 habet
962 1780 1132 1825 οὔδεος.
1205 1780 1338 1834 Igitur
1376 1793 1487 1823 nune
1528 1783 1683 1829 οὔδεος
1725 1783 1908 1827 restitui.
1967 1783 2078 1827 Nam

394 1835 510 1889 quod
540 1836 819 1880 Hommeiius
850 1843 1016 1891 censet,
1048 1836 1166 1880 οὔδει
1195 1851 1220 1879 a
1250 1839 1410 1884 criticis
1446 1845 1660 1882 mutatum
1692 1853 1805 1892 esse,
1836 1853 1891 1884 ne
1918 1843 2079 1884 utrius-

399 1906 485 1946 que
515 1906 667 1936 versus
697 1895 941 1938 terminatio
977 1895 1130 1939 eadem
1161 1900 1302 1949 esset,
1343 1895 1389 1939 id
1420 1895 1520 1940 mihi
1550 1897 1722 1951 quidem
1753 1910 1905 1954 parum
1936 1899 2078 1943 credi-

390 1950 478 1994 bile
508 1950 692 1994 videtur.

448 2092 499 2133 C.
559 2088 589 2133 ἃ
626 2091 881 2143 Ἡσίοδος
924 2093 1015 2135 καὶ
1044 2093 1193 2148 Παρ-

391 2149 650 2206 μενίδης]
699 2150 871 2196 Nomen
920 2151 1193 2197 Parmenidis

394 2207 585 2249 Astius
623 2210 884 2263 comparatis
915 2210 1021 2252 iocis
1051 2210 1190 2264 Legg.

389 2263 465 2306 ΠΙ.
504 2279 543 2319 p·
588 2264 687 2309 677.
718 2267 770 2310 D.
811 2268 1041 2311 Pausan.
1082 2268 1197 2312 V111.

395 2320 462 2365 18.
495 2323 750 2367 mutandum
775 2330 925 2368 censet
954 2327 995 2368 in
1022 2324 1194 2379 Ἐπιμε-

389 2379 529 2433 νίδης,
570 2387 804 2436 propterea
835 2383 951 2436 quod
984 2383 1038 2426 de
1068 2382 1193 2426 theo-

389 2437 844 2540 §.22³³...ss'312'3ffi’z
884 2441 1192 2543 fflfflsszssz·

391 2551 427 2592 si
461 2551 746 2597 Parmenides
784 2555 824 2597 in
865 2556 1000 2598 altera
1032 2529 1191 2598 carmi-⁹-

388 2602 452 2649 nis
479 2615 625 2664 parte,
657 2624 766 2654 nunc
797 2611 1044 2667 deperdita,
1076 2614 1190 2668 vulgi

391 2667 613 2719 opiniones
653 2669 708 2710 de
739 2669 821 2711 diis
853 2683 1086 2723 eorumque
1118 2684 1188 2711 re-

389 2722 469 2762 bus
507 2725 642 2776 gestis
672 2726 973 2779 exposuerit?
1042 2726 1184 2768 Etiam

387 2777 627 2839 Macrob.
651 2781 801 2824 Somn.
823 2780 1030 2835 Scip.1.2.
1053 2788 1181 2824 extu-,2

387 2834 740 2890 Pythagoras
804 2839 864 2891 ip
885 2852 907 2878 s
926 2851 951 2880 e
1017 2844 1182 2892 atque

387 2892 788 2947 Empedocles,
827 2896 1183 2939 Parmenides

385 2963 604 3005 quoqne
652 2956 705 2994 et
751 2953 1079 2996 Heraclitus
1119 2954 1182 2996 de

386 3007 498 3050 diis
537 3007 772 3053 fabulati
803 3016 942 3052 sunt.
983 3024 1022 3054 v.
1054 3012 1181 3055 etium

384 3065 636 3110 Karsten.
694 3067 761 3110 De
813 3068 1007 3110 Parmen.
1057 3069 1182 3111 Reii-

382 3123 492 3176 quiis
522 3136 563 3178 p.
594 3123 652 3169 20
682 3138 740 3178 sq.
775 3130 818 3167 et
848 3139 887 3179 p.
920 3125 1018 3169 237.
1052 3132 1185 3180 atque

385 3181 632 3224 Brandis.
674 3182 918 3225 Comment.
947 3184 1104 3227 Eleatt.
1134 3199 1182 3239 p.

386 3238 469 3282 127
490 3253 584 3293 sqq.
644 3240 828 3285 Accedit
856 3241 971 3294 quod
993 3241 1184 3295 Agatho-

384 3309 483 3339 uem
524 3301 723 3351 apertum
760 3302 828 3340 est
865 3299 1084 3352 respicere
1128 3299 1182 3341 ad

380 3366 450 3451 33⁸⁹
479 3354 1179 3458 32³3Zssffiopssiedffiss'essffdffi

1279 2095 1493 2150 exposuit.
1554 2095 1679 2139 Unde
1717 2099 1842 2140 etiam
1886 2097 2076 2154 explica-

1278 2154 1438 2196 tionem
1493 2151 1623 2196 habet
1671 2154 1997 2209 imperfectum,
2038 2157 2077 2198 εὶ

1276 2211 1428 2253 ἐκεῖνοι
1473 2209 1625 2265 ἀληθῆ
1676 2213 1839 2267 ἔλεγον,
1888 2213 1944 2256 de
1988 2225 2075 2269 quo

1277 2269 1620 2312 Hommelius
1653 2270 1757 2312 mira
1787 2276 1945 2314 narrat.

1328 2325 1576 2382 Ἀνάγκη]
1617 2327 1726 2369 Nam
1762 2333 1880 2369 tanta
1910 2328 1989 2371 suit
2018 2341 2074 2372 ex

1276 2390 1472 2426 veterum
1512 2385 1722 2426 sententia
1764 2385 1828 2426 vis
1865 2384 2072 2429 Necessi-

1275 2443 1391 2495 tatis,
1424 2447 1471 2484 ut
1503 2442 1541 2484 ei
1573 2454 1656 2483 non
1692 2443 1831 2485 soium
1863 2442 2070 2497 homines,

1275 2499 1352 2542 sed
1403 2501 1531 2542 etium
1580 2499 1636 2541 dii
1683 2500 1869 2542 subiecti
1910 2507 2068 2554 essent,

1274 2569 1313 2596 v.
1366 2556 1435 2612 Sp
1451 2555 1653 2599 anhem.
1711 2557 1767 2598 ad
1824 2557 2070 2607 callimach.

1273 2613 1432 2667 Hymn.
1465 2615 1513 2655 in<
1538 2614 1627 2656 Del.
1659 2627 1699 2656 v,
1733 2613 1827 2657 122.

1330 2669 1390 2711 οὔ
1419 2670 1519 2724 γὰρ
1550 2669 1610 2710 ἂν
1640 2671 1897 2725 ἔκτομαί,
1939 2668 2068 2714 οὐδὲ

1271 2726 1336 2782 δ.]
1377 2726 1612 2781 Euthyphr.
1646 2739 1683 2769 c.
1718 2727 1800 2772 IV:
1830 2726 1959 2770 αὐτοὶ
1983 2728 2066 2784 γὰρ

1269 2783 1312 2822 οἱ
1355 2783 1593 2836 ἅνθρωποι
1638 2783 1899 2839 τυγχάνουσι
1943 2789 2065 2839 νομί-

1268 2838 1408 2889 ζοντες
1445 2841 1527 2882 τὸν
1565 2838 1652 2882 Δία
1695 2847 1777 2884 τῶν
1814 2846 1930 2884 θεῶν
1968 2845 2068 2900 ‹iipa-
2157 2883 2158 2886 ,

1268 2913 1372 2937 στον
1399 2898 1469 2938 καὶ
1489 2898 1785 2954 δικαιότατον,
1816 2899 1886 2941 καὶ
1908 2905 2065 2942 τοῦτον
2155 2903 2158 2943 ἕ

1268 2952 1536 3011 ὁμολογοῦσι
1578 2956 1658 2998 τὸν
1706 2955 1847 2998 αὑτοῦ
1897 2961 2065 3015 πατέρα
2152 2990 2158 3001 ,.

1267 3011 1418 3066 δῆσαι,
1463 3012 1536 3055 δ’τι
1575 3013 1680 3063 τούς
1716 3016 1819 3064 υἱεῖς
1849 3019 2066 3058 κατέπινεν
2156 3022 2158 3027 “

2153 3072 2158 3086 Ι

1269 3068 1345 3111 οὐκ
1375 3071 1418 3111 ἐν
1449 3071 1561 3128 δίκῃ,
1593 3071 1792 3112 κάκεῖνόν
1819 3087 1866 3128 γε
1895 3067 1954 3114 αὖ
1986 3073 2065 3116 τὸν

1267 3126 1412 3169 αὑτοῦ
1440 3133 1605 3185 πατέρα
1634 3131 1818 3185 ἐκτεμεῖν
1849 3129 1912 3171 δι’
1943 3129 2065 3188 ἕτερα

1265 3189 1466 3228 τοιαῦτα.
1499 3199 1538 3228 v.
1571 3186 1802 3229 Hesiod.
1838 3186 2063 3244 Theogon.

1271 3242 1353 3286 173
1385 3257 1445 3296 sq.

1321 3299 1460 3356 πρὸς
1498 3300 1552 3342 δὲ
1591 3303 1660 3355 τῷ
1697 3300 1820 3355 νέῳ]
1864 3301 2064 3350 Structu-

1264 3370 1354 3402 ram
1375 3358 1582 3405 illustravi
1602 3357 1655 3400 nd
1677 3358 1831 3413 Remp.
1845 3358 1900 3405 Χ.
1910 3373 1950 3415 p.
1964 3360 2060 3409 610.

1265 3415 1317 3458 Ε.
1359 3414 1575 3460 Charmid.
1614 3429 1655 3468 p.
1693 3415 1785 3461 169.
1822 3415 1874 3459 Β.

1935 3417 2061 3461 Plura
2132 3415 2158 3488 Δ]
