2158 3718
548 134 1301 212 SYMPOSlUM.p.18o
1337 154 1409 204 st.
1777 170 1847 221 ιτ

155 265 451 351 θειότερον
506 273 616 350 γὰρ
660 278 896 350 ἐραστὴς
941 290 1238 346 παιδικῶν·

1298 298 1501 365 ἔνθεος
1553 305 1662 376 γάρ
1710 317 1842 367 ἐστι.

153 346 245 402 διὰ
267 389 277 416 ·.
294 357 474 412 ταῦτα

518 365 612 415 καὶ
654 363 755 418 τὸν
795 364 1040 438 Ἀχιλλέα
1098 376 1198 442 τῆς
1236 375 1584 452 Ἀλκήστιὸος
1623 395 1839 462 μᾶλλον

152 437 418 504 ἐτίμησαν
462 448 536 507 εἰς
576 447 845 520 μακάρων
888 451 1090 520 νήσους
1132 457 1589 543 ἀποπέμψαντες.
1680 478 1834 534 Οὕτω

84 547 93 556 ·
149 514 225 583 δὴ
273 525 432 590 ἔγωγέ
486 549 631 603 φημι
671 530 889 603 ’Ἔρωτα
949 541 1106 596 θεῶν
1162 549 1254 600 καὶ
1312 555 1700 624 πρεσβύτατον

148 601 480 670 τιμιώτατον
535 618 628 668 καὶ
670 619 1013 688 κυριώτατον
1063 623 1202 704 εἶναι
1257 638 1331 696 εὶς
1368 635 1571 709 ἀρετῆς
1610 648 1700 699 καὶ
1748 647 1836 702 εὐ-

121 685 448 763 ,δαιμουιάς
481 700 678 764 κτῆσιν
716 702 1059 778 ἀνθρώποις
1112 715 1205 767 καὶ
1261 718 1388 783 ζῶσι
1443 727 1538 780 καὶ
1581 731 1834 800 τελευτή-

140 786 316 826 σασιν.

266 851 407 933 Cap.
456 858 626 919 VIII.
720 871 995 942 ΦαῖδρονΙ
1031 881 1135 946 μὲν
1177 886 1441 943 τοιοῦτόν
1485 894 1610 948 τινα
1656 895 1832 969 λόγον
1879 911 1922 960 G

135 936 243 1010 ἔφη
288 946 474 1010 εἰπεῖν,
516 947 655 1017 μετὰ
702 954 758 1006 δὲ
808 959 1074 1030 Φαῖδρον.
1106 960 1313 1033 ἄλλους
1340 971 1498 1038 τινας
1547 977 1707 1046 εἶναι,
1752 976 1831 1040 ὧν

136 1018 202 1074 οὐ
247 1022 396 1080 πάνυ
441 1033 889 1105 ὃιεμυημόυευευ·
953 1041 1049 1108 οὓς
1110 1055 1304 1120 παρεὶς
1347 1053 1448 1110 τὸν
1497 1064 1829 1123 Παυσανίου

131 1101 301 1174 λόγον
343 1113 599 1178 διηγεῖτο.
660 1125 829 1176 εἰπεῖν
871 1124 931 1178 δ’·
979 1127 1171 1198 αὐτὸν,
1216 1132 1303 1190 ὅτι
1369 1139 1447 1194 Οὐ
1491 1149 1672 1211 καλῶς
1727 1174 1828 1221 μοι

245 1327 333 1368 καὶ
363 1334 789 1395 πρεσβύτατον]
843 1344 931 1386 Hic
963 1349 1035 1388 καὶ
1067 1352 1229 1395 addunt
1260 1356 1385 1399 Bodl.
1421 1342 1515 1403 Vat.
1548 1364 1600 1406 A.
1638 1368 1741 1410 Ven.
1774 1373 1820 1414 Ξ.

126 1381 251 1425 vind.
291 1386 326 1429 1.
360 1388 400 1441 2.
432 1392 472 1450 ἶ
509 1393 607 1435 Par.
643 1397 746 1438 DK.
781 1403 887 1454 Ang.
920 1417 969 1444 w.
1009 1407 1090 1449 Vat
1135 1424 1175 1463 p.
1247 1414 1415 1458 Deinde
1459 1421 1529 1460 καὶ
1567 1425 1823 1483 κυριώτερον

127 1453 223 1482 cum
257 1444 351 1485 Ald.
385 1451 429 1488 et
477 1448 580 1492 Bas.
619 1453 656 1495 1.
688 1454 846 1498 habent
886 1461 1018 1505 Coisl.
1063 1467 1165 1510 Par.
1206 1470 1306 1512 EF.
1349 1481 1458 1529 Ang.
1498 1491 1540 1519 u.
1586 1482 1680 1524 Vat.
1715 1498 1753 1525 n.
1783 1500 1817 1527 s.

126 1497 231 1541 Ven.
264 1504 294 1540 t.
329 1501 443 1545 Flor.
477 1519 511 1547 a.
548 1507 585 1548 b.
621 1522 658 1550 c.
691 1512 714 1552 i.
750 1526 789 1553 n.

238 1587 326 1626 καὶ
354 1589 787 1652 τελευτήσασιν]
818 1602 1149 1658 τετελευτήκασι
1178 1610 1275 1653 Vat.
1308 1613 1361 1655 A.
1396 1620 1503 1672 Ang-
1538 1635 1583 1663 w.

120 1750 293 1796 Locum
378 1762 497 1799 recte
591 1762 932 1825 interpretantur

1016 1777 1245 1830 spexisse,
1307 1795 1392 1835 quo
1446 1789 1582 1841 magis
1635 1791 1812 1837 hominis

123 1807 506 1857 Schneiderus
558 1819 612 1860 ad
667 1821 925 1878 Xenophon.

1012 1832 1226 1886 ingenium
1247 1868 1260 1888 ,
1304 1853 1476 1896 mores,
1515 1851 1558 1886 et
1588 1850 1810 1902 opiniones

120 1865 270 1922 Symp.
313 1885 355 1925 p.
397 1872 495 1916 215.
526 1881 569 1916 et
603 1882 818 1933 Astius5
862 1885 926 1926 in-

118 1923 222 1966 iuria
264 1929 565 1985 sollicitarunt
611 1935 923 1995 wolfius,

118 1980 386 2040 Bastiae,
419 1988 741 2036 Schiitzius.

173 2092 270 2135 τᾶν
335 2098 662 2146 Παυσανίου
730 2109 919 2167 λόγον]

115 2150 182 2192 De
213 2152 427 2197 Pausania
463 2160 502 2201 in
536 2163 738 2218 Prolegg.
781 2175 824 2209 et
865 2174 917 2212 ad

117 2219 158 2261 p.
182 2210 271 2252 176.
294 2214 341 2252 A.
375 2214 539 2260 dietum
561 2226 638 2261 est.
661 2235 695 2262 v.
721 2224 918 2271 Perizon.

114 2265 168 2305 ad
210 2269 375 2312 Aelian.
418 2272 535 2316 Varr.
587 2277 700 2319 Hist.
742 2281 794 2321 11.
844 2284 916 2327 21.

114 2324 240 2376 Apud
266 2324 692 2384 Xenophontem
712 2337 915 2393 Sympos.

113 2392 150 2420 c.
186 2381 295 2424 vlll.
337 2385 370 2437 ἕ.
402 2385 471 2433 32.
534 2391 741 2434 Socrates
778 2395 832 2438 de
865 2413 916 2440 eo

114 2435 218 2479 haec
255 2449 421 2487 narrat:
479 2450 620 2489 καίτοι
666 2452 918 2504 Παυσανίας

111 2509 185 2548 γε,
237 2495 261 2537 o‘
296 2497 545 2554 Ἀγάθωνος
599 2511 680 2546 τοῦ
726 2518 917 2563 ποιητοῦ

110 2553 315 2607 ἐραστής,
387 2558 738 2618 ἀπολογούμενος
811 2567 914 2625 ὑπὲρ

109 2612 193 2650 τῶν
242 2611 424 2668 ἆκρασίᾳ
483 2622 912 2682 συγκυλινδουμένων,

108 2669 286 2722 εἴρηκεν,
320 2670 374 2718 ὡς
408 2675 480 2714 καὶ
512 2678 756 2734 στράτευμα
787 2682 909 2724 ἄλκι-

105 2722 597 2787 μώῖατονρᾫ-γένοιτο
629 2740 673 2776 ἐκ
707 2741 914 2783 παιδικῶν

105 2796 152 2821 τε
193 2784 263 2824 καὶ
302 2787 510 2843 ἐραστῶν,
558 2807 683 2846 quam
736 2805 910 2841 senten-

106 2839 209 2880 tiam
250 2843 430 2888 vidimus
478 2854 606 2892 antea
639 2852 840 2897 Phaedro
881 2872 907 2899 a

106 2893 291 2939 Platone
331 2903 535 2947 tributam
578 2922 688 2953 esse.
760 2914 906 2956 Colle-

106 2960 260 3003 gerunt
299 2953 441 3000 aute'm
485 2975 537 3003 ex
582 2965 654 3006 illo
685 2970 781 3010 loco
812 2970 904 3012 Xe-

107 3008 336 3061 nophontis
385 3014 747 3065 Thierschius
787 3027 901 3080 Spe-

107 3065 204 3108 cim.
238 3067 291 3109 de
314 3069 429 3111 Plat.
447 3072 645 3130 Sympos.
682 3094 722 3133 p.
747 3083 786 3126 7.
810 3085 900 3125 alii-

105 3135 188 3175 que
204 3123 456 3169 Pausaniam
471 3137 769 3187 composuisse
793 3142 905 3182 scri—⁷

106 3180 299 3232 ptionem
333 3187 566 3241 eroticam,
609 3193 649 3232 in
679 3207 761 3247 qua
793 3210 899 3249 pue-

104 3227 378 3282 rorum‘cum
411 3245 510 3287 viris
545 3253 897 3298 consuetudinem

102 3293 370 3345 defenderit,
422 3302 479 3343 ad
524 3315 706 3360 eumque
743 3311 894 3355 librum

99 3349 430 3408 Xenophontem
472 3364 516 3403 et
555 3362 782 3411 Platonem
825 3382 895 3413 re-

1013 1890 1066 1930 ad
1090 1891 1224 1944 ipsam
1246 1898 1469 1943 veritatem
1498 1902 1806 1955 describerent.

1008 1946 1068 1987 Et
1098 1949 1218 1991 huius
1248 1955 1419 2005 quidem
1443 1962 1646 2003 orationis
1676 1978 1807 2020 argu·
1838 1966 1840 1969 ’

1008 2011 1199 2048 mentum
1232 2022 1488 2057 censuerunt
1524 2020 1651 2062 etiam
1697 2036 1806 2066 nunc

1005 2073 1030 2101 a
1076 2062 1290 2108 Pausania
1333 2074 1525 2124 tractari,
1566 2079 1721 2119 tectius
1761 2081 1804 2123 id

991 2119 1184 2170 ‚quidem
1227 2130 1271 2164 et
1315 2127 1564 2183 obscurius,
1621 2137 1698 2178 sed
1743 2140 1802 2181 ita

1006 2181 1179 2231 tamen,
1235 2187 1281 2222 ut
1335 2184 1645 2241 intelligeretur
1703 2209 1801 2239 eum

1007 2235 1150 2284 pueris
1198 2239 1359 2282 veniam
1404 2244 1505 2286 dare
1535 2253 1800 2294 amatoribus

1005 2290 1093 2329 suis
1125 2295 1431 2351 morigerandi‚
1470 2303 1506 2342 si
1531 2306 1703 2355 quidem
1740 2311 1798 2352 illi

1003 2359 1101 2387 sese
1133 2348 1211 2391 hnc
1243 2365 1289 2393 re
1321 2356 1487 2398 virtutis
1507 2364 1702 2414 propriae
1733 2366 1798 2406 in-

1005 2413 1221 2448 crementa
1253 2420 1455 2463 capturos
1486 2430 1582 2459 esse
1616 2422 1797 2464 arbitra-

1003 2467 1164 2504 rentur.
1227 2465 1315 2508 Sed
1351 2475 1546 2521 quamvis
1576 2476 1796 2530 ingeniosa

1002 2517 1056 2557 sit
1088 2517 1194 2562 haec
1232 2526 1443 2580 suspicio3
1485 2535 1645 2584 tamen,
1685 2549 1794 2589 quo-

1002 2575 1154 2630 minus*
1182 2593 1274 2622 eam
1307 2597 1383 2636 pro
1415 2599 1511 2628 vera
1545 2592 1792 2647 probemus,

999 2634 1134 2674 multa
1170 2638 1419 2691 impediunt.
1498 2645 1626 2688 Quod
1681 2653 1792 2695 enim

998 2701 1082 2729 non
1115 2706 1277 2746 paucae
1308 2698 1348 2738 in
1379 2699 1573 2743 Platonis
1604 2705 1792 2763 Sympo-

998 2746 1061 2787 sio
1094 2753 1365 2803 reperiuntur
1395 2763 1647 2814 sententiae,
1680 2778 1789 2818 quae

995 2806 1108 2856 apud
1158 2807 1488 2865 Xenophontem
1543 2818 1788 2866 Pausaniae

993 2861 1259 2924 tribuuntur3
1316 2871 1413 2912 inde
1464 2886 1547 2915 non
1591 2877 1786 2933 efficitur,

990 2924 1037 2958 ut
1076 2922 1351 2974 scriptionem
1391 2931 1577 2983 aliquam
1620 2934 1785 2978 Pausa-

987 2974 1083 3017 niae
1114 2984 1367 3026 amatoriam
1391 2991 1607 3031 exstitisse
1632 2998 1783 3045 putare

987 3030 1249 3091 debeamus,
1281 3043 1491 3095 siquidem
1524 3059 1607 3087 non
1639 3051 1779 3091 solnm

986 3100 1008 3128 a
1042 3089 1250 3145 Platone,
1295 3100 1370 3140 sed
1413 3103 1535 3143 etiam
1577 3117 1598 3142 a
1631 3104 1776 3146 Xeno—

986 3143 1144 3197 phonte
1188 3152 1430 3199 Pausaniae
1478 3159 1632 3200 tributa
1679 3168 1777 3204 sunt

983 3214 1060 3253 ea,
1103 3219 1212 3258 quae
1243 3213 1334 3253 eius
1364 3214 1530 3266 ingenio
1573 3222 1615 3256 et
1647 3220 1775 3260 mori-

982 3257 1062 3300 bus
1095 3263 1219 3320 digna
1240 3270 1497 3311 viderentur.
1548 3272 1592 3312 ln
1616 3287 1697 3325 qua
1728 3290 1774 3318 re

981 3316 1018 3364 si
1049 3316 1115 3361 hic
1145 3335 1181 3366 c.
1218 3326 1324 3366 vlll.
1359 3326 1392 3377 §.
1427 3327 1495 3370 34.
1539 3329 1599 3370 ita
1627 3343 1773 3374 versa-

980 3377 1052 3417 tun
1082 3383 1166 3431 est,
1196 3386 1242 3424 ut
1267 3382 1492 3427 Platonem
1525 3397 1567 3438 p,
1603 3387 1696 3433 182.
1718 3390 1771 3434 Β.
