2158 3718
210 131 318 186 220
942 132 1266 178 PLATole

212 270 348 336 ὤςτε
394 275 489 326 καὶ
535 271 676 326 κατὰ
722 270 785 326 τὸ
832 271 1209 342 σμικρότατον
1262 274 1523 342 [μᾶλλον]
1573 272 1769 343 ἑτέραν
1814 272 2004 344 ἑτέρας

211 356 495 426 *ψυχὴν*
541 359 724 426 ψυχῆς
773 357 866 410 ἐπὶ
914 356 1090 410 πλέον
1137 358 1231 410 καὶ
1279 360 1496 426 μᾶλλον
1543 356 1582 426 ἢ
1631 355 1720 411 ἐπ’
1770 359 2004 412 ἔλαττον

212 443 307 495 καὶ
350 434 522 512 ἦττον
568 441 708 496 αὐτὸ
754 444 923 495 τοῦτο
975 437 1149 510 εἶναι,
1199 441 1416 511 ψυχήν;
1473 439 1617 496 Οὐδ’
1666 438 2002 511 ὁπωςτιοῦν,

211 527 340 596 ἔφη.
419 528 566 596 Φέρε
614 526 713 602 δή,
763 525 906 595 ἔφη,
951 520 1094 595 πρὸς
1143 525 1307 588 Διός·
1359 527 1579 595 λέγεται
1625 525 1777 596 ψυχὴ
1826 525 1862 597 ἡ
1900 526 2005 597 μὲν

212 614 359 664 νοῦν
396 631 456 664 τε
494 613 643 679 ἔχειν
680 611 775 664 καὶ
813 608 1020 680 ἀρετὴν
1057 611 1151 663 καὶ
1190 606 1336 664 εἶναι
1373 607 1562 682 ἀγαθή
1571 651 1588 681 ,
1626 609 1661 682 ἡ
1701 611 1765 666 δὲ
1802 609 2005 665 ἄνοιάν

211 714 272 749 τε
317 697 413 749 καὶ
462 698 784 765 μοχθηρίαν
827 695 923 748 καὶ
973 691 1119 748 εἶναι
1165 695 1311 765 κακή
1325 718 1337 759 ;
1394 697 1489 749 καὶ
1543 700 1722 750 ταῦτα
1778 694 2007 766 ἀληθῶς

156 781 459 848 Ολέγεται,
513 777 764 849 Ἀληθεός
815 780 1025 850 μέντοι.
1109 782 1238 832 Τῶν
1284 772 1393 833 οὖν
1450 781 1765 854 τιθεμένων
1817 779 2007 851 ψυχὴν

210 861 491 934 ἁρμονίαν
540 860 685 918 εἶναι
730 867 789 916 τί
831 883 915 927 τις
962 864 1132 933 φήσει
1180 867 1359 917 ταῦτα
1407 863 1545 918 ὄντα
1592 861 1738 919 εἶναι
1786 866 1851 919 ἐν
1887 873 2009 929 ταῖς

210 956 444 1018 ψυχαῖς,
492 949 598 1019 τήν
644 968 705 1002 τε
744 946 953 1018 ἀρετήν
991 950 1086 1002 καὶ
1123 947 1226 1019 τὴν
1263 951 1496 1014 κακίανς
1547 948 1792 1018 πότερον
1826 948 2008 1020 ἁρμο-

209 1036 342 1086 νίαν
380 1035 454 1087 αὐ
500 1031 629 1088 τινὰ
667 1032 847 1104 ἄλλην
892 1036 988 1087 καὶ
1025 1031 1438 1104 ἁναρμοστίαν;
1489 1035 1584 1087 καὶ
1620 1032 1724 1104 τὴν
1761 1034 1866 1104 μὲν
1901 1032 2004 1104 ἡρ-

142 1122 147 1125 *
210 1118 452 1188 μόσθαι,
499 1118 604 1188 τὴν
650 1115 902 1188 ἀγαθήν,
951 1119 1046 1172 καὶ
1084 1121 1233 1188 ἔχειν
1284 1120 1350 1173 ἐν
1397 1116 1541 1189 αὐτῇ
1580 1116 1822 1190 ἁρμονίᾳ
1860 1116 2007 1189 οὔσῃ

211 1201 392 1273 ἄλλην
429 1200 736 1274 ἁρμονίαν,
774 1202 879 1273 τὴν
917 1203 980 1257 δὲ
1017 1201 1375 1273 ἀνάρμοστον
1413 1201 1593 1273 αὐτήν
1629 1223 1690 1258 τε
1729 1199 1875 1257 εἶναι
1913 1203 2009 1257 καὶ
2047 1250 2057 1258 .

212 1285 318 1341 οὐκ
357 1289 506 1356 ἔχειν
546 1288 611 1341 έν
649 1286 793 1358 αὑτῇ
832 1286 1038 1358 &annm
1099 1285 1220 1341 Οὐκ
1259 1290 1366 1356 ἔχω
1405 1289 1602 1357 ἔγωγε,
1643 1290 1752 1358 ἔφη
1791 1287 1820 1342 ὁ
1860 1293 2008 1358 Σιμ-

211 1375 368 1442 μίας,
426 1372 629 1425 εἰπεῖν·
691 1373 868 1442 δῆλον
915 1373 1005 1441 δέ,
1064 1370 1150 1425 ὅτι
1203 1371 1420 1426 τοιαῦτ’
1470 1372 1588 1426 ἄττ’
1640 1370 1714 1427 ἂν
1768 1373 1924 1442 λέγοι
1976 1370 2005 1427 ὁ

153 1470 188 1511 D
214 1458 399 1512 ἐκεῖνο
446 1454 818 1527 ὑποθέμενος.
891 1455 1056 1510 Ἀλλὰ
1101 1457 1596 1527 προωμολόγηται,
1645 1459 1783 1528 ἔφη,
1831 1458 2009 1528 μηδὲν

211 1545 430 1611 μᾶλλον
476 1540 608 1612 μηδ’
657 1535 827 1613 ἧττον
875 1541 1071 1611 ἑτέραν
1119 1543 1309 1612 ἑτέρας
1363 1541 1553 1612 ψυχὴν
1607 1547 1791 1612 ψυχῆς
1840 1539 2006 1596 εἶναι.

211 1626 380 1680 τοῦτο
427 1624 482 1679 δ’
534 1627 652 1680 ἔστι
697 1625 760 1681 τό
813 1624 1167 1697 ὁμολόγημα,
1225 1627 1403 1696 μηδὲν
1438 1630 1672 1699 ξ-μᾶλλον
1724 1627 1858 1697 μηδ’
1915 1627 2010 1681 ἐπὶ

327 1799 374 1841 C.
408 1791 605 1853 ψυχὴν
646 1791 771 1852 ἁρμ.
774 1792 795 1853 ]
839 1799 891 1843 V.
920 1792 1011 1853 τὴν
1038 1792 1219 1853 ψυχήν.
1262 1800 1500 1840 Articulum
1528 1813 1606 1840 nec
1636 1812 1745 1854 opus
1768 1813 1863 1842 esse
1885 1813 1963 1841 nec
1984 1812 2009 1841 a

213 1851 435 1897 codicibus
464 1867 548 1896 uno
578 1856 676 1896 Par.
697 1857 731 1896 E
761 1863 942 1910 excepto
981 1856 1249 1910 suppeditari
1278 1864 1443 1897 veteres
1473 1857 1590 1897 editt.
1622 1858 1789 1898 videtur
1817 1858 2009 1901 latuisse.

211 1912 332 1954 Unus
362 1912 454 1952 fere
483 1913 580 1955 Par.
602 1913 636 1953 E
667 1925 763 1953 eum
792 1920 946 1954 servat.
989 1912 1070 1953 Pio
1101 1908 1371 1967 τιθεμένων
1399 1912 1522 1956 Bodl.
1546 1926 1611 1966 pr.
1635 1922 1677 1954 et
1697 1913 1880 1956 Ven.11
1899 1913 2006 1954 Tub.

212 1966 454 2034 θεμένων,
477 1969 589 2034 quod
614 1981 691 2021 ego
715 1969 885 2034 quidem
908 1976 994 2010 non
1015 1969 1300 2023 probaverim,
1324 1970 1414 2016 sed
1422 1970 1564 2010 Herm.
1588 1971 1761 2022 recepit.

327 2040 391 2067 αν
413 2019 548 2093 τινά]
562 2025 616 2068 V.
638 2039 747 2066 τινα
771 2038 834 2067 ccv
854 2025 1002 2067 invitis
1023 2026 1144 2066 libris
1165 2026 1415 2067 melimibus
1439 2026 1651 2070 omnibus.

325 2083 378 2127 D.
409 2077 594 2137 μηδὲν
615 2079 857 2136 μᾶλλον]
887 2082 967 2123 Pro
989 2079 1144 2137 μηδέν
1165 2082 1263 2126 Ald.
1284 2082 1384 2124 Bas.
1410 2084 1447 2123 1.
1472 2085 1497 2124 2
1521 2082 1668 2135 Steph.
1694 2076 1775 2137 μή,
1799 2083 1915 2136 quod
1936 2083 2009 2125 vix

214 2151 326 2180 unus
347 2140 510 2180 alterve
532 2139 729 2181 codicum
751 2146 908 2179 tuetur.

212 2280 429 2321 excidisse
455 2272 644 2348 ψυχήν,
675 2280 803 2320 sicuti
830 2291 932 2320 mox
961 2287 1065 2323 sect.

1151 2278 1293 2322 τοῦτο
1335 2280 1621 2335 explicentur,
1665 2293 1806 2331 neque
1843 2281 2009 2335 praedi·

210 2336 246 2376 D
284 2337 457 2378 dicitur.
501 2329 670 2391 ἑτέραν
697 2328 862 2389 ἑτέρας
897 2328 1064 2391 ψυχὴν

1152 2338 1235 2377 cati
1268 2339 1404 2379 instar
1440 2343 1551 2377 esse.
1593 2337 1874 2386 Quamobrem
1909 2350 2008 2377 ver-

210 2393 373 2448 ψυχῆς
404 2387 548 2436 εἶναι.
591 2393 722 2434 Cuius
752 2393 951 2434 dictionis
981 2394 1065 2433 alia

212 2451 408 2504 exempla
429 2451 649 2491 attulimus
669 2450 725 2491 ad
745 2450 875 2503 Hipp.
896 2450 995 2493 mai.
1019 2461 1063 2503 p.

210 2508 293 2548 299
322 2507 373 2550 D.
434 2507 543 2548 Nam
581 2500 747 2561 ψυχήν
788 2507 947 2547 omisso
989 2518 1067 2546 nec

210 2564 295 2604 ullo
316 2564 443 2605 modo
474 2562 713 2617 intellegas,
745 2575 821 2603 cur
840 2563 1067 2628 genetivus

209 2618 371 2674 ψυχῆς
410 2620 689 2674 interpositus
731 2620 799 2670 sit,
842 2620 916 2669 qui
954 2624 1068 2659 certe

208 2677 289 2716 isto
312 2682 435 2730 pacto
459 2689 554 2716 cum
579 2688 664 2716 uno
694 2676 789 2716 cod.
821 2675 1001 2718 Bekker.
1034 2674 1066 2715 C

211 2732 496 2772 eliminandus
524 2732 647 2775 soret.
691 2731 812 2771 Nunc
841 2743 939 2771 vero
971 2742 1063 2771 cum

210 2789 338 2832 codd.
369 2789 497 2828 ceteri
527 2786 688 2841 ψυχῆς
716 2787 918 2827 unanima
958 2798 1061 2826 con-

210 2844 411 2887 sensione
438 2850 661 2907 tueantur,
703 2851 815 2883 certe
841 2844 936 2895 ipsa
965 2855 1064 2882 sen-

207 2901 366 2942 tentiae
386 2901 492 2942 ratio
514 2892 678 2954 ’ψυχήν
700 2907 747 2939 ut
775 2899 957 2940 addatur
978 2910 1061 2939 non

208 2965 296 2998 tam
317 2969 495 3024 poscere
517 2968 643 3009 quam
665 2956 855 3009 flagitare
878 2956 1060 2996 videtur.

210 3015 379 3068 Quippe
398 3014 481 3055 isto
502 3014 630 3054 modo
652 3013 808 3052 animi
832 3013 943 3053 notio
966 3025 1063 3065 gra·

208 3072 306 3112 vius
348 3077 524 3123 urgetur
563 3068 800 3121 fortiusque
831 3069 1061 3121 extollitur,

209 3136 258 3168 nt
293 3140 376 3168 non
414 3127 659 3180 videamus,
696 3137 780 3177 quo
815 3126 908 3165 ime
943 3124 989 3169 C.
1015 3127 1060 3170 F.

208 3185 358 3224 Herm
371 3196 540 3224 annus
583 3181 820 3236 (Abhandl.
865 3196 904 3222 ιι.
935 3182 1061 3224 Beitr.

208 3252 253 3294 p.
263 3239 343 3295 84)
362 3233 526 3295 ψυχήν
542 3239 734 3281 hocloco
757 3240 941 3280 otiosum
966 3252 1063 3280 esse

211 3299 426 3338 censuerit
457 3303 603 3351 utpote
629 3297 806 3338 subiecti
827 3296 919 3337 loco
942 3297 1060 3350 posi-

209 3361 314 3395 tum.
373 3354 603 3394 Enimvero
645 3346 811 3407 ψυχήν
856 3354 899 3393 in
946 3353 1062 3393 clau·

210 3411 305 3452 sula
314 3411 523 3452 ‘additum
561 3417 679 3463 patet
716 3422 794 3463 per
828 3410 1064 3477 appositio-

213 3479 310 3508 nem
340 3479 436 3509 esse
466 3468 695 3516 adiectum,
730 3474 775 3507 ut
795 3467 925 3509 verba
947 3460 1067 3510 αὐτὸ

1151 2395 1302 2434 borum
1343 2395 1596 2434 sententiam
1638 2394 1781 2435 licebit
1820 2394 1884 2436 sic
1917 2393 2008 2434 fere

1154 2450 1394 2491 declarare:
1437 2450 1563 2491 Num
1603 2451 1773 2504 igitur
1811 2450 1909 2491 hoc
1947 2450 2009 2491 de

1153 2508 1324 2548 animo
1367 2507 1442 2547 ita
1491 2507 1612 2547 fieri
1667 2506 1897 2558 assolet,
1954 2513 2008 2547 ut

1153 2564 1238 2604 vel
1287 2562 1555 2605 tantillum
1599 2564 1803 2604 animus
1864 2563 2007 2603 alius

1153 2621 1258 2660 alio
1287 2621 1409 2685 plus
1444 2628 1492 2659 et
1520 2620 1687 2673 magis
1716 2627 1804 2659 aut
1832 2619 2007 2660 minus

1154 2683 1203 2716 et
1241 2677 1445 2715 minore
1491 2675 1657 2728 gradu
1697 2674 1796 2715 hoc
1835 2675 2007 2728 ipsum

1152 2733 1245 2781 sit,
1275 2731 1486 2772 scilicet
1514 2732 1753 2772 animus?

1207 2761 1257 2828 D’.
1289 2785 1459 2829 τοῦτο
1489 2779 1541 2828 δ’
1585 2782 1704 2829 ἔστι
1747 2780 1805 2828 τὰ
1844 2780 1928 2842 ὀμ.
1951 2810 2008 2816 -

1149 2837 1444 2900 ἁρμονίαν
1491 2838 1782 2898 ἁρμονίας
1800 2839 2004 2900 εἶναι]

1148 2903 1238 2943 Hoc
1260 2902 1381 2942 dicit:
1424 2901 1607 2941 Animus
1636 2901 1672 2942 si
1702 2913 1786 2941 non
1814 2901 1913 2955 plus
1934 2909 2008 2942 aut

1148 2959 1290 2999 minus
1320 2958 1490 2998 animus
1518 2958 1573 2998 sit
1602 2963 1643 2999 et
1669 2964 1810 2998 tamen
1837 2957 2008 2998 harmo-

1150 3016 1244 3056 niae
1265 3027 1343 3068 par
1363 3014 1586 3065 habeatur,
1606 3026 1875 3066 consequens
1898 3013 2003 3065 fore,

1150 3080 1196 3113 ut
1217 3084 1269 3112 ne
1291 3071 1514 3112 harmonia
1542 3071 1712 3123 quidem
1740 3071 1930 3124 putanda
1952 3070 2008 3111 sit

1149 3129 1247 3182 plus
1288 3137 1361 3168 aut
1388 3129 1529 3169 minus
1566 3128 1789 3169 concinere
1823 3127 2007 3179 ideoque

1150 3198 1229 3226 nec
1255 3184 1476 3225 harmonia
1513 3186 1566 3226 ab
1595 3183 1815 3224 harmonia
1844 3184 2001 3224 discre-

1150 3250 1236 3295 pet.
1301 3242 1391 3291 Quo
1444 3253 1529 3282 non
1574 3246 1799 3294 perspecto
1835 3239 2002 3282 Herm.

1152 3298 1180 3339 S
1195 3298 1253 3338 ch
1265 3298 1405 3340 midt.
1427 3298 1530 3338 Krit.
1558 3295 1791 3339 comment.
1811 3296 1868 3336 11.
1888 3307 1931 3348 p.
1952 3296 2002 3335 11

1151 3357 1303 3396 vocab.
1337 3348 1574 3409 ἁρμονίας
1608 3365 1704 3392 cum
1739 3352 1836 3393 Par.
1861 3349 1892 3391 C
1930 3351 2002 3390 eii-

1155 3412 1353 3452 ciendum
1377 3412 1538 3452 statuit.
1562 3410 1727 3463 Quippe
1750 3409 1844 3462 ipse
1863 3409 2003 3449 locum

1155 3481 1249 3508 cum
1269 3468 1456 3510 Carolo
1474 3466 1771 3508 Schmidtio
1794 3466 1859 3506 sic
1878 3465 2007 3504 inter-
