<?xml version="1.0" encoding="UTF-8"?>
<!DOCTYPE html PUBLIC "-//W3C//DTD XHTML 1.0 Transitional//EN"
    "http://www.w3.org/TR/xhtml1/DTD/xhtml1-transitional.dtd">
<html xmlns="http://www.w3.org/1999/xhtml" xml:lang="en" lang="en">
 <head>
  <title>
</title>
<meta http-equiv="Content-Type" content="text/html;charset=utf-8" />
  <meta name='ocr-system' content='tesseract 3.04.00' />
  <meta name='ocr-capabilities' content='ocr_page ocr_carea ocr_par ocr_line ocrx_word'/>
</head>
<body>
  <div class='ocr_page' id='page_1' title='image "./operaomniarecens01platuoft/operaomniarecens01platuoft_0795.png"; bbox 0 0 2158 3718; ppageno 0'>
   <div class='ocr_carea' id='block_1_1' title="bbox 530 187 1790 256">
    <p class='ocr_par' dir='ltr' id='par_1_1' title="bbox 530 187 1790 256">
     <span class='ocr_line' id='line_1_1' title="bbox 530 187 1790 256; baseline -0.002 -14"><span class='ocrx_word' id='word_1_1' title='bbox 530 187 1042 243; x_wconf 74' lang='lat' dir='ltr'><strong>SYMPOSHJM.</strong></span> <span class='ocrx_word' id='word_1_2' title='bbox 1081 196 1132 256; x_wconf 75' lang='grc' dir='ltr'><strong>Ρ.</strong></span> <span class='ocrx_word' id='word_1_3' title='bbox 1171 189 1273 238; x_wconf 73' lang='lat'>187</span> <span class='ocrx_word' id='word_1_4' title='bbox 1308 189 1383 241; x_wconf 85' lang='lat' dir='ltr'>St.</span> <span class='ocrx_word' id='word_1_5' title='bbox 1718 190 1790 240; x_wconf 76' lang='lat'>73</span> 
     </span>
    </p>
   </div>
   <div class='ocr_carea' id='block_1_2' title="bbox 123 330 1799 1499">
    <p class='ocr_par' dir='ltr' id='par_1_2' title="bbox 123 330 1791 491">
     <span class='ocr_line' id='line_1_2' title="bbox 127 330 1791 410; baseline -0.001 -20"><span class='ocrx_word' id='word_1_6' title='bbox 127 356 301 409; x_wconf 80' lang='grc' dir='ltr'><em>τερον,</em></span> <span class='ocrx_word' id='word_1_7' title='bbox 341 333 572 410; x_wconf 73' lang='grc' dir='ltr'><em>ὕστερον</em></span> <span class='ocrx_word' id='word_1_8' title='bbox 613 336 670 389; x_wconf 79' lang='grc' dir='ltr'>δὲ</span> <span class='ocrx_word' id='word_1_9' title='bbox 713 331 1177 406; x_wconf 78' lang='grc' dir='ltr'><em>ὁμολογησάντων</em></span> <span class='ocrx_word' id='word_1_10' title='bbox 1203 338 1406 404; x_wconf 80' lang='grc' dir='ltr'><em>γέγονε.</em></span> <span class='ocrx_word' id='word_1_11' title='bbox 1450 330 1552 400; x_wconf 84' lang='grc' dir='ltr'><em>τὴν</em></span> <span class='ocrx_word' id='word_1_12' title='bbox 1578 336 1633 388; x_wconf 80' lang='grc' dir='ltr'>δὲ</span> <span class='ocrx_word' id='word_1_13' title='bbox 1658 331 1791 404; x_wconf 73' lang='grc' dir='ltr'><em>ὁμο·</em></span> 
     </span>
     <span class='ocr_line' id='line_1_3' title="bbox 123 414 1790 520; baseline -0.002 -45"><span class='ocrx_word' id='word_1_14' title='bbox 123 424 334 520; x_wconf 70' lang='grc' dir='ltr'><em>λογίαν</em></span> <span class='ocrx_word' id='word_1_15' title='bbox 360 422 497 475; x_wconf 82' lang='grc' dir='ltr'><em>πᾶσι</em></span> <span class='ocrx_word' id='word_1_16' title='bbox 516 416 769 486; x_wconf 81' lang='grc' dir='ltr'><em>τούτοις,</em></span> <span class='ocrx_word' id='word_1_17' title='bbox 811 415 984 491; x_wconf 83' lang='grc' dir='ltr'><em>ὥςπερ</em></span> <span class='ocrx_word' id='word_1_18' title='bbox 1028 423 1134 473; x_wconf 75' lang='grc' dir='ltr'>ἐκεῖ</span> <span class='ocrx_word' id='word_1_19' title='bbox 1174 414 1209 485; x_wconf 81' lang='grc' dir='ltr'><strong><em>ἡ</em></strong></span> <span class='ocrx_word' id='word_1_20' title='bbox 1251 414 1488 488; x_wconf 86' lang='grc' dir='ltr'><em>ιατρική,</em></span> <span class='ocrx_word' id='word_1_21' title='bbox 1533 420 1790 472; x_wconf 77' lang='grc' dir='ltr'><em>ἐνταῦθα</em></span> 
     </span>
    </p>

    <p class='ocr_par' dir='ltr' id='par_1_3' title="bbox 123 498 1799 1499">
     <span class='ocr_line' id='line_1_4' title="bbox 127 498 1792 605; baseline -0.002 -45.855"><span class='ocrx_word' id='word_1_22' title='bbox 127 499 438 576; x_wconf 73' lang='grc' dir='ltr'><em>η’μουσικὴ</em></span> <span class='ocrx_word' id='word_1_23' title='bbox 481 506 798 605; x_wconf 72' lang='grc' dir='ltr'><em>ἐντίθησιν,</em></span> <span class='ocrx_word' id='word_1_24' title='bbox 854 505 1028 575; x_wconf 80' lang='grc' dir='ltr'><em>έρωτα</em></span> <span class='ocrx_word' id='word_1_25' title='bbox 1085 503 1176 557; x_wconf 84' lang='grc' dir='ltr'>καὶ</span> <span class='ocrx_word' id='word_1_26' title='bbox 1221 499 1491 573; x_wconf 89' lang='grc' dir='ltr'><em>ὁμόνοιαν</em></span> <span class='ocrx_word' id='word_1_27' title='bbox 1539 498 1792 568; x_wconf 81' lang='grc' dir='ltr'><em>ἀλληλων</em></span> 
     </span>
     <span class='ocr_line' id='line_1_5' title="bbox 126 577 1791 659; baseline -0.002 -16"><span class='ocrx_word' id='word_1_28' title='bbox 126 585 501 659; x_wconf 82' lang='grc' dir='ltr'><em>ὲμποιήσασα·</em></span> <span class='ocrx_word' id='word_1_29' title='bbox 544 589 636 642; x_wconf 83' lang='grc' dir='ltr'>καὶ</span> <span class='ocrx_word' id='word_1_30' title='bbox 679 589 826 641; x_wconf 74' lang='grc' dir='ltr'><em>ἔστιν</em></span> <span class='ocrx_word' id='word_1_31' title='bbox 870 577 941 640; x_wconf 81' lang='grc' dir='ltr'>αὖ</span> <span class='ocrx_word' id='word_1_32' title='bbox 979 581 1212 657; x_wconf 84' lang='grc' dir='ltr'><em>μουσικὴ</em></span> <span class='ocrx_word' id='word_1_33' title='bbox 1239 588 1361 659; x_wconf 83' lang='grc' dir='ltr'><em>περὶ</em></span> <span class='ocrx_word' id='word_1_34' title='bbox 1395 582 1672 656; x_wconf 80' lang='grc' dir='ltr'>ἁρμονίαν</span> <span class='ocrx_word' id='word_1_35' title='bbox 1698 589 1791 640; x_wconf 85' lang='grc' dir='ltr'>καὶ</span> 
     </span>
     <span class='ocr_line' id='line_1_6' title="bbox 125 667 1790 769; baseline -0.002 -43"><span class='ocrx_word' id='word_1_36' title='bbox 125 667 369 744; x_wconf 82' lang='grc' dir='ltr'><em>ῥυθμὸν</em></span> <span class='ocrx_word' id='word_1_37' title='bbox 400 672 671 769; x_wconf 73' lang='grc' dir='ltr'><strong><em>ἐρωτικῶν</em></strong></span> <span class='ocrx_word' id='word_1_38' title='bbox 720 668 1006 741; x_wconf 79' lang='grc' dir='ltr'><em>ἐπιστήμη.</em></span> <span class='ocrx_word' id='word_1_39' title='bbox 1065 672 1157 725; x_wconf 88' lang='grc' dir='ltr'>καὶ</span> <span class='ocrx_word' id='word_1_40' title='bbox 1201 675 1258 725; x_wconf 77' lang='grc' dir='ltr'><em>ἐν</em></span> <span class='ocrx_word' id='word_1_41' title='bbox 1299 677 1398 738; x_wconf 85' lang='grc' dir='ltr'><em>μέν</em></span> <span class='ocrx_word' id='word_1_42' title='bbox 1438 690 1498 738; x_wconf 81' lang='grc' dir='ltr'>γε</span> <span class='ocrx_word' id='word_1_43' title='bbox 1541 668 1682 746; x_wconf 75' lang='grc' dir='ltr'><em>αὐτῇ</em></span> <span class='ocrx_word' id='word_1_44' title='bbox 1724 672 1790 746; x_wconf 77' lang='grc' dir='ltr'>τῆ</span> 
     </span>
     <span class='ocr_line' id='line_1_7' title="bbox 127 750 1788 835; baseline -0.002 -24"><span class='ocrx_word' id='word_1_45' title='bbox 127 752 382 835; x_wconf 78' lang='grc' dir='ltr'><em>συστάσει</em></span> <span class='ocrx_word' id='word_1_46' title='bbox 421 751 693 827; x_wconf 82' lang='grc' dir='ltr'>ἁρμονίας</span> <span class='ocrx_word' id='word_1_47' title='bbox 732 775 788 809; x_wconf 85' lang='grc' dir='ltr'>τε</span> <span class='ocrx_word' id='word_1_48' title='bbox 831 757 922 809; x_wconf 86' lang='grc' dir='ltr'>καὶ</span> <span class='ocrx_word' id='word_1_49' title='bbox 964 752 1193 828; x_wconf 84' lang='grc' dir='ltr'><em>ῥυθμοῦ</em></span> <span class='ocrx_word' id='word_1_50' title='bbox 1238 753 1398 809; x_wconf 76' lang='grc' dir='ltr'><em>οὐδὲν</em></span> <span class='ocrx_word' id='word_1_51' title='bbox 1434 750 1676 824; x_wconf 81' lang='grc' dir='ltr'><em>χαλεπὸν</em></span> <span class='ocrx_word' id='word_1_52' title='bbox 1719 752 1788 808; x_wconf 78' lang='grc' dir='ltr'>τὰ</span> 
     </span>
     <span class='ocr_line' id='line_1_8' title="bbox 125 834 1791 938; baseline -0.001 -44"><span class='ocrx_word' id='word_1_53' title='bbox 125 834 354 938; x_wconf 74' lang='grc' dir='ltr'><em>ἐρωτικὰ</em></span> <span class='ocrx_word' id='word_1_54' title='bbox 399 835 820 909; x_wconf 78' lang='grc' dir='ltr'><strong><em>διαγιγνώσκειν,</em></strong></span> <span class='ocrx_word' id='word_1_55' title='bbox 871 836 996 894; x_wconf 79' lang='grc' dir='ltr'><em>οὐδὲ</em></span> <span class='ocrx_word' id='word_1_56' title='bbox 1038 835 1067 893; x_wconf 87' lang='grc' dir='ltr'>ὁ</span> <span class='ocrx_word' id='word_1_57' title='bbox 1113 840 1366 907; x_wconf 83' lang='grc' dir='ltr'><em>διπλοῦς</em></span> <span class='ocrx_word' id='word_1_58' title='bbox 1373 841 1505 909; x_wconf 77' lang='grc' dir='ltr'><em>ἔρως</em></span> <span class='ocrx_word' id='word_1_59' title='bbox 1536 835 1791 893; x_wconf 73' lang='grc' dir='ltr'><em>ἐνταῦθα</em></span> 
     </span>
     <span class='ocr_line' id='line_1_9' title="bbox 125 918 1794 998; baseline -0.001 -20"><span class='ocrx_word' id='word_1_60' title='bbox 125 921 241 987; x_wconf 73' lang='grc' dir='ltr'><em>πῶς</em></span> <span class='ocrx_word' id='word_1_61' title='bbox 282 928 458 977; x_wconf 78' lang='grc' dir='ltr'><em>ἐστιν·</em></span> <span class='ocrx_word' id='word_1_62' title='bbox 514 920 636 978; x_wconf 78' lang='grc' dir='ltr'><em>ἀλλ’</em></span> <span class='ocrx_word' id='word_1_63' title='bbox 703 918 923 977; x_wconf 80' lang='grc' dir='ltr'><em>ὲπειδαν</em></span> <span class='ocrx_word' id='word_1_64' title='bbox 966 924 1054 998; x_wconf 76' lang='grc' dir='ltr'>δέῃ</span> <span class='ocrx_word' id='word_1_65' title='bbox 1097 918 1236 993; x_wconf 85' lang='grc' dir='ltr'><em>πρὸς</em></span> <span class='ocrx_word' id='word_1_66' title='bbox 1280 943 1407 986; x_wconf 90' lang='grc' dir='ltr'><em>τους</em></span> <span class='ocrx_word' id='word_1_67' title='bbox 1449 919 1794 991; x_wconf 77' lang='grc' dir='ltr'><em>ἀνθρώπους</em></span> 
     </span>
     <span class='ocr_line' id='line_1_10' title="bbox 126 1002 1786 1103; baseline -0.001 -41"><span class='ocrx_word' id='word_1_68' title='bbox 126 1008 524 1078; x_wconf 82' lang='grc' dir='ltr'><em>καταχρῆσθαι</em></span> <span class='ocrx_word' id='word_1_69' title='bbox 564 1003 769 1081; x_wconf 80' lang='grc' dir='ltr'><em>ῥυθμῷ</em></span> <span class='ocrx_word' id='word_1_70' title='bbox 833 1027 890 1061; x_wconf 84' lang='grc' dir='ltr'>τε</span> <span class='ocrx_word' id='word_1_71' title='bbox 932 1009 1025 1061; x_wconf 85' lang='grc' dir='ltr'>καὶ</span> <span class='ocrx_word' id='word_1_72' title='bbox 1060 1003 1302 1103; x_wconf 74' lang='grc' dir='ltr'><em>ἁρμονίᾳ</em></span> <span class='ocrx_word' id='word_1_73' title='bbox 1342 1002 1376 1072; x_wconf 81' lang='grc' dir='ltr'><em>ἢ</em></span> <span class='ocrx_word' id='word_1_74' title='bbox 1418 1008 1714 1071; x_wconf 86' lang='grc' dir='ltr'><em>ποιοῦντα,</em></span> <span class='ocrx_word' id='word_1_75' title='bbox 1756 1004 1786 1061; x_wconf 84' lang='grc' dir='ltr'><em>ὃ</em></span> 
     </span>
     <span class='ocr_line' id='line_1_11' title="bbox 127 1086 1794 1163; baseline 0 -18"><span class='ocrx_word' id='word_1_76' title='bbox 127 1087 194 1157; x_wconf 80' lang='grc' dir='ltr'>δὴ</span> <span class='ocrx_word' id='word_1_77' title='bbox 237 1093 567 1162; x_wconf 76' lang='grc' dir='ltr'><em>μελοποιίαν</em></span> <span class='ocrx_word' id='word_1_78' title='bbox 610 1092 888 1154; x_wconf 82' lang='grc' dir='ltr'><em>καλοῦσιν,</em></span> <span class='ocrx_word' id='word_1_79' title='bbox 931 1086 966 1156; x_wconf 77' lang='grc' dir='ltr'>ἢ</span> <span class='ocrx_word' id='word_1_80' title='bbox 1005 1088 1291 1161; x_wconf 81' lang='grc' dir='ltr'><em>χρώμενον</em></span> <span class='ocrx_word' id='word_1_81' title='bbox 1332 1088 1527 1163; x_wconf 84' lang='grc' dir='ltr'><em>ὀρθῶς</em></span> <span class='ocrx_word' id='word_1_82' title='bbox 1557 1100 1670 1153; x_wconf 82' lang='grc' dir='ltr'><em>τοῖς</em></span> <span class='ocrx_word' id='word_1_83' title='bbox 1700 1111 1794 1145; x_wconf 76' lang='grc' dir='ltr'>πε·</span> 
     </span>
     <span class='ocr_line' id='line_1_12' title="bbox 123 1169 1798 1245; baseline -0.001 -16"><span class='ocrx_word' id='word_1_84' title='bbox 123 1177 440 1245; x_wconf 81' lang='grc' dir='ltr'><em>ποιημένοις</em></span> <span class='ocrx_word' id='word_1_85' title='bbox 479 1176 659 1243; x_wconf 79' lang='grc' dir='ltr'><em>μέλεσί</em></span> <span class='ocrx_word' id='word_1_86' title='bbox 695 1193 751 1228; x_wconf 86' lang='grc' dir='ltr'>τε</span> <span class='ocrx_word' id='word_1_87' title='bbox 779 1176 871 1228; x_wconf 85' lang='grc' dir='ltr'>καὶ</span> <span class='ocrx_word' id='word_1_88' title='bbox 910 1178 1165 1244; x_wconf 82' lang='grc' dir='ltr'><em>μέτροις,</em></span> <span class='ocrx_word' id='word_1_89' title='bbox 1190 1169 1220 1228; x_wconf 85' lang='grc' dir='ltr'><strong><em>ὃ</em></strong></span> <span class='ocrx_word' id='word_1_90' title='bbox 1266 1170 1332 1241; x_wconf 84' lang='grc' dir='ltr'>δὴ</span> <span class='ocrx_word' id='word_1_91' title='bbox 1376 1176 1600 1228; x_wconf 83' lang='grc' dir='ltr'><em>παιδεία</em></span> <span class='ocrx_word' id='word_1_92' title='bbox 1643 1171 1798 1240; x_wconf 79' lang='grc' dir='ltr'><em>ἐκλή-</em></span> 
     </span>
     <span class='ocr_line' id='line_1_13' title="bbox 127 1253 1799 1329; baseline 0 -17"><span class='ocrx_word' id='word_1_93' title='bbox 127 1259 558 1325; x_wconf 80' lang='grc' dir='ltr'><em>θη,·.ὲνταῦθα</em></span> <span class='ocrx_word' id='word_1_94' title='bbox 602 1253 670 1324; x_wconf 85' lang='grc' dir='ltr'>δὴ</span> <span class='ocrx_word' id='word_1_95' title='bbox 711 1259 804 1311; x_wconf 89' lang='grc' dir='ltr'>καὶ</span> <span class='ocrx_word' id='word_1_96' title='bbox 841 1253 1085 1328; x_wconf 68' lang='grc' dir='ltr'><em>χαλεπὸν</em></span> <span class='ocrx_word' id='word_1_97' title='bbox 1126 1259 1220 1311; x_wconf 88' lang='grc' dir='ltr'>καὶ</span> <span class='ocrx_word' id='word_1_98' title='bbox 1260 1255 1496 1329; x_wconf 79' lang='grc' dir='ltr'><em>ἀγαθοῦ</em></span> <span class='ocrx_word' id='word_1_99' title='bbox 1538 1260 1799 1328; x_wconf 80' lang='grc' dir='ltr'><em>δημιουρ-</em></span> 
     </span>
     <span class='ocr_line' id='line_1_14' title="bbox 123 1336 1796 1413; baseline -0.001 -16"><span class='ocrx_word' id='word_1_100' title='bbox 123 1343 227 1412; x_wconf 84' lang='grc' dir='ltr'>γοῦ</span> <span class='ocrx_word' id='word_1_101' title='bbox 283 1343 379 1396; x_wconf 83' lang='grc' dir='ltr'><strong>δεῖ.</strong></span> <span class='ocrx_word' id='word_1_102' title='bbox 437 1339 606 1396; x_wconf 79' lang='grc' dir='ltr'><em>πάλιν</em></span> <span class='ocrx_word' id='word_1_103' title='bbox 661 1336 770 1413; x_wconf 80' lang='grc' dir='ltr'>γὰρ</span> <span class='ocrx_word' id='word_1_104' title='bbox 825 1338 941 1407; x_wconf 72' lang='grc' dir='ltr'><strong><em>ἥκει</em></strong></span> <span class='ocrx_word' id='word_1_105' title='bbox 994 1337 1022 1396; x_wconf 86' lang='grc' dir='ltr'><strong>ὁ</strong></span> <span class='ocrx_word' id='word_1_106' title='bbox 1082 1337 1253 1406; x_wconf 84' lang='grc' dir='ltr'><em>αὐτὸς</em></span> <span class='ocrx_word' id='word_1_107' title='bbox 1309 1338 1494 1409; x_wconf 83' lang='grc' dir='ltr'><em>λόγος,</em></span> <span class='ocrx_word' id='word_1_108' title='bbox 1551 1337 1634 1396; x_wconf 85' lang='grc' dir='ltr'>ὅτι</span> <span class='ocrx_word' id='word_1_109' title='bbox 1681 1349 1796 1407; x_wconf 85' lang='grc' dir='ltr'><em>τοῖς</em></span> 
     </span>
     <span class='ocr_line' id='line_1_15' title="bbox 123 1421 1797 1499; baseline 0.001 -18"><span class='ocrx_word' id='word_1_110' title='bbox 123 1427 226 1497; x_wconf 80' lang='grc' dir='ltr'><em>μὲν</em></span> <span class='ocrx_word' id='word_1_111' title='bbox 266 1428 511 1498; x_wconf 84' lang='grc' dir='ltr'><em>κοσμίοις</em></span> <span class='ocrx_word' id='word_1_112' title='bbox 552 1427 662 1481; x_wconf 83' lang='grc' dir='ltr'><em>τῶν</em></span> <span class='ocrx_word' id='word_1_113' title='bbox 704 1421 1044 1497; x_wconf 76' lang='grc' dir='ltr'><em>ἀνθρώπων,</em></span> <span class='ocrx_word' id='word_1_114' title='bbox 1089 1427 1182 1480; x_wconf 84' lang='grc' dir='ltr'>καὶ</span> <span class='ocrx_word' id='word_1_115' title='bbox 1225 1422 1297 1490; x_wconf 82' lang='grc' dir='ltr'><em>ὡς</em></span> <span class='ocrx_word' id='word_1_116' title='bbox 1338 1422 1411 1481; x_wconf 80' lang='grc' dir='ltr'><em>ἂν</em></span> <span class='ocrx_word' id='word_1_117' title='bbox 1438 1424 1797 1499; x_wconf 85' lang='grc' dir='ltr'>κοσμιώτεροι</span> 
     </span>
    </p>
   </div>
   <div class='ocr_carea' id='block_1_3' title="bbox 125 1586 1793 2045">
    <p class='ocr_par' dir='ltr' id='par_1_4' title="bbox 126 1586 1793 1758">
     <span class='ocr_line' id='line_1_16' title="bbox 236 1586 1793 1657; baseline 0 -27"><span class='ocrx_word' id='word_1_118' title='bbox 236 1590 287 1634; x_wconf 84' lang='lat' dir='ltr'>C.</span> <span class='ocrx_word' id='word_1_119' title='bbox 345 1589 762 1645; x_wconf 71' lang='grc' dir='ltr'><em>διενηνεγμένων</em></span> <span class='ocrx_word' id='word_1_120' title='bbox 797 1586 1091 1657; x_wconf 79' lang='grc' dir='ltr'><em>πρότερον]</em></span> <span class='ocrx_word' id='word_1_121' title='bbox 1135 1589 1211 1630; x_wconf 89' lang='lat' dir='ltr'>Sic</span> <span class='ocrx_word' id='word_1_122' title='bbox 1240 1589 1346 1631; x_wconf 89' lang='lat' dir='ltr'>Ven.</span> <span class='ocrx_word' id='word_1_123' title='bbox 1367 1586 1413 1630; x_wconf 87' lang='grc' dir='ltr'>Ξ.</span> <span class='ocrx_word' id='word_1_124' title='bbox 1442 1589 1567 1631; x_wconf 77' lang='lat' dir='ltr'>vind.</span> <span class='ocrx_word' id='word_1_125' title='bbox 1590 1590 1632 1635; x_wconf 82' lang='grc'>2.</span> <span class='ocrx_word' id='word_1_126' title='bbox 1681 1590 1793 1630; x_wconf 85' lang='lat' dir='ltr'><strong>Ante</strong></span> 
     </span>
     <span class='ocr_line' id='line_1_17' title="bbox 127 1646 1793 1702; baseline -0.001 -12"><span class='ocrx_word' id='word_1_127' title='bbox 127 1648 376 1690; x_wconf 77' lang='lat' dir='ltr'>Bekkerum</span> <span class='ocrx_word' id='word_1_128' title='bbox 411 1646 593 1701; x_wconf 87' lang='lat' dir='ltr'>repetita</span> <span class='ocrx_word' id='word_1_129' title='bbox 623 1647 943 1701; x_wconf 76' lang='lat' dir='ltr'>praepositione</span> <span class='ocrx_word' id='word_1_130' title='bbox 974 1646 1263 1689; x_wconf 76' lang='lat' dir='ltr'>scribebatur.</span> <span class='ocrx_word' id='word_1_131' title='bbox 1294 1648 1337 1686; x_wconf 76' lang='grc' dir='ltr'>ἐκ</span> <span class='ocrx_word' id='word_1_132' title='bbox 1367 1647 1518 1699; x_wconf 76' lang='grc' dir='ltr'><em>διενην.</em></span> <span class='ocrx_word' id='word_1_133' title='bbox 1550 1662 1622 1702; x_wconf 81' lang='grc' dir='ltr'>πρ.</span> <span class='ocrx_word' id='word_1_134' title='bbox 1655 1648 1793 1689; x_wconf 88' lang='lat' dir='ltr'>mani-</span> 
     </span>
     <span class='ocr_line' id='line_1_18' title="bbox 126 1701 1578 1758; baseline -0.001 -12"><span class='ocrx_word' id='word_1_135' title='bbox 126 1705 240 1747; x_wconf 81' lang='lat' dir='ltr'>festo</span> <span class='ocrx_word' id='word_1_136' title='bbox 275 1717 432 1748; x_wconf 86' lang='lat' dir='ltr'>errore.</span> <span class='ocrx_word' id='word_1_137' title='bbox 493 1703 598 1746; x_wconf 87' lang='lat' dir='ltr'>Mox</span> <span class='ocrx_word' id='word_1_138' title='bbox 630 1702 653 1756; x_wconf 80' lang='grc' dir='ltr'><em>ἡ</em></span> <span class='ocrx_word' id='word_1_139' title='bbox 687 1708 785 1745; x_wconf 90' lang='lat' dir='ltr'>ante</span> <span class='ocrx_word' id='word_1_140' title='bbox 816 1701 981 1758; x_wconf 77' lang='grc' dir='ltr'><em>ἰατρικὴ</em></span> <span class='ocrx_word' id='word_1_141' title='bbox 1015 1702 1140 1746; x_wconf 82' lang='lat' dir='ltr'><strong>deest</strong></span> <span class='ocrx_word' id='word_1_142' title='bbox 1169 1703 1209 1744; x_wconf 90' lang='lat' dir='ltr'>in</span> <span class='ocrx_word' id='word_1_143' title='bbox 1241 1703 1358 1744; x_wconf 89' lang='lat' dir='ltr'>Vind.</span> <span class='ocrx_word' id='word_1_144' title='bbox 1372 1702 1412 1746; x_wconf 87' lang='lat'>2.-</span> <span class='ocrx_word' id='word_1_145' title='bbox 1432 1704 1528 1745; x_wconf 90' lang='lat' dir='ltr'>Vat.</span> <span class='ocrx_word' id='word_1_146' title='bbox 1538 1717 1578 1745; x_wconf 91' lang='lat' dir='ltr'>n.</span> 
     </span>
    </p>

    <p class='ocr_par' dir='ltr' id='par_1_5' title="bbox 126 1758 1791 1872">
     <span class='ocr_line' id='line_1_19' title="bbox 240 1758 1791 1816; baseline -0.002 -14"><span class='ocrx_word' id='word_1_147' title='bbox 240 1760 484 1813; x_wconf 64' lang='grc' dir='ltr'><em>ἀλλήλων</em></span> <span class='ocrx_word' id='word_1_148' title='bbox 511 1759 711 1816; x_wconf 73' lang='grc' dir='ltr'><em>ἐμποιη</em></span> <span class='ocrx_word' id='word_1_149' title='bbox 722 1765 884 1811; x_wconf 84' lang='grc' dir='ltr'><em>σασα]</em></span> <span class='ocrx_word' id='word_1_150' title='bbox 919 1760 1056 1814; x_wconf 83' lang='lat' dir='ltr'>Vulgo</span> <span class='ocrx_word' id='word_1_151' title='bbox 1089 1758 1301 1812; x_wconf 71' lang='grc' dir='ltr'><em>ἀλλήλοις.</em></span> <span class='ocrx_word' id='word_1_152' title='bbox 1336 1760 1423 1801; x_wconf 87' lang='lat' dir='ltr'>Sed</span> <span class='ocrx_word' id='word_1_153' title='bbox 1454 1759 1646 1813; x_wconf 77' lang='grc' dir='ltr'><em>ἀλλήλων</em></span> <span class='ocrx_word' id='word_1_154' title='bbox 1665 1761 1791 1802; x_wconf 78' lang='lat' dir='ltr'>Bodl.</span> 
     </span>
     <span class='ocr_line' id='line_1_20' title="bbox 126 1817 1790 1872; baseline -0.002 -10"><span class='ocrx_word' id='word_1_155' title='bbox 126 1820 222 1863; x_wconf 87' lang='lat' dir='ltr'>Vat.</span> <span class='ocrx_word' id='word_1_156' title='bbox 233 1817 287 1862; x_wconf 90' lang='lat' dir='ltr'>A.</span> <span class='ocrx_word' id='word_1_157' title='bbox 307 1818 425 1860; x_wconf 86' lang='lat' dir='ltr'>Vind</span> <span class='ocrx_word' id='word_1_158' title='bbox 446 1819 482 1862; x_wconf 87' lang='lat'>1.</span> <span class='ocrx_word' id='word_1_159' title='bbox 495 1818 539 1862; x_wconf 89' lang='grc'>2.</span> <span class='ocrx_word' id='word_1_160' title='bbox 561 1818 659 1859; x_wconf 88' lang='lat' dir='ltr'>Par.</span> <span class='ocrx_word' id='word_1_161' title='bbox 671 1818 763 1859; x_wconf 80' lang='grc' dir='ltr'>ΒΚ.</span> <span class='ocrx_word' id='word_1_162' title='bbox 787 1822 890 1872; x_wconf 78' lang='lat' dir='ltr'>Ang-</span> <span class='ocrx_word' id='word_1_163' title='bbox 904 1831 952 1858; x_wconf 91' lang='lat' dir='ltr'>w.</span> <span class='ocrx_word' id='word_1_164' title='bbox 974 1817 1069 1859; x_wconf 86' lang='lat' dir='ltr'>Vat</span> <span class='ocrx_word' id='word_1_165' title='bbox 1080 1831 1119 1872; x_wconf 89' lang='lat' dir='ltr'>p.</span> <span class='ocrx_word' id='word_1_166' title='bbox 1147 1818 1299 1862; x_wconf 85' lang='lat' dir='ltr'>Recte.</span> <span class='ocrx_word' id='word_1_167' title='bbox 1330 1818 1463 1871; x_wconf 86' lang='lat' dir='ltr'>Igitur</span> <span class='ocrx_word' id='word_1_168' title='bbox 1480 1831 1589 1859; x_wconf 86' lang='lat' dir='ltr'>nunc</span> <span class='ocrx_word' id='word_1_169' title='bbox 1605 1819 1790 1872; x_wconf 88' lang='lat' dir='ltr'>reposui.</span> 
     </span>
    </p>

    <p class='ocr_par' dir='ltr' id='par_1_6' title="bbox 239 1869 1438 1947">
     <span class='ocr_line' id='line_1_21' title="bbox 239 1869 1438 1947; baseline -0.004 -30"><span class='ocrx_word' id='word_1_170' title='bbox 239 1874 374 1929; x_wconf 82' lang='grc' dir='ltr'>αυτῇ</span> <span class='ocrx_word' id='word_1_171' title='bbox 404 1880 470 1947; x_wconf 77' lang='grc' dir='ltr'>ιτῇ·</span> <span class='ocrx_word' id='word_1_172' title='bbox 499 1869 778 1929; x_wconf 80' lang='grc' dir='ltr'><em>συστάσει]</em></span> <span class='ocrx_word' id='word_1_173' title='bbox 809 1892 862 1916; x_wconf 75' lang='lat' dir='ltr'>av</span> <span class='ocrx_word' id='word_1_174' title='bbox 899 1879 1007 1928; x_wconf 83' lang='grc' dir='ltr'>τῇσ</span> <span class='ocrx_word' id='word_1_175' title='bbox 1010 1875 1146 1916; x_wconf 64' lang='lat' dir='ltr'>‚Pan</span> <span class='ocrx_word' id='word_1_176' title='bbox 1166 1874 1267 1915; x_wconf 87' lang='lat' dir='ltr'>DK.</span> <span class='ocrx_word' id='word_1_177' title='bbox 1293 1874 1438 1928; x_wconf 87' lang='lat' dir='ltr'>Vat.p.</span> 
     </span>
    </p>

    <p class='ocr_par' dir='ltr' id='par_1_7' title="bbox 125 1931 1793 2045">
     <span class='ocr_line' id='line_1_22' title="bbox 237 1931 1793 1986; baseline 0 -13"><span class='ocrx_word' id='word_1_178' title='bbox 237 1932 362 1973; x_wconf 73' lang='grc' dir='ltr'>οὐδὲ</span> <span class='ocrx_word' id='word_1_179' title='bbox 392 1932 413 1974; x_wconf 82' lang='grc' dir='ltr'><strong><em>ό</em></strong></span> <span class='ocrx_word' id='word_1_180' title='bbox 450 1933 684 1978; x_wconf 80' lang='grc' dir='ltr'><em>διπλοῦς</em></span> <span class='ocrx_word' id='word_1_181' title='bbox 712 1957 768 1963; x_wconf 90' lang='lat'>——</span> <span class='ocrx_word' id='word_1_182' title='bbox 797 1932 899 1979; x_wconf 80' lang='grc' dir='ltr'>πώς</span> <span class='ocrx_word' id='word_1_183' title='bbox 931 1932 1102 1986; x_wconf 79' lang='grc' dir='ltr'><em>ἐστιν]</em></span> <span class='ocrx_word' id='word_1_184' title='bbox 1135 1931 1258 1973; x_wconf 81' lang='lat' dir='ltr'>Haec</span> <span class='ocrx_word' id='word_1_185' title='bbox 1288 1931 1418 1973; x_wconf 81' lang='lat' dir='ltr'>verba</span> <span class='ocrx_word' id='word_1_186' title='bbox 1449 1931 1682 1973; x_wconf 72' lang='lat' dir='ltr'>Schfitzius</span> <span class='ocrx_word' id='word_1_187' title='bbox 1712 1931 1793 1973; x_wconf 69' lang='lat' dir='ltr'>im-</span> 
     </span>
     <span class='ocr_line' id='line_1_23' title="bbox 125 1989 760 2045; baseline -0.002 -13"><span class='ocrx_word' id='word_1_188' title='bbox 125 1992 278 2033; x_wconf 89' lang='lat' dir='ltr'>merito</span> <span class='ocrx_word' id='word_1_189' title='bbox 309 2003 388 2044; x_wconf 91' lang='lat' dir='ltr'>pro</span> <span class='ocrx_word' id='word_1_190' title='bbox 418 1991 569 2045; x_wconf 86' lang='lat' dir='ltr'>spuriis</span> <span class='ocrx_word' id='word_1_191' title='bbox 600 1989 760 2032; x_wconf 79' lang='lat' dir='ltr'><strong>habuit.</strong></span> 
     </span>
    </p>
   </div>
   <div class='ocr_carea' id='block_1_4' title="bbox 1002 2091 1794 2214">
    <p class='ocr_par' dir='ltr' id='par_1_8' title="bbox 1002 2091 1794 2214">
     <span class='ocr_line' id='line_1_24' title="bbox 1002 2091 1794 2155; baseline -0.004 -10"><span class='ocrx_word' id='word_1_192' title='bbox 1002 2103 1095 2145; x_wconf 86' lang='lat' dir='ltr'>illas</span> <span class='ocrx_word' id='word_1_193' title='bbox 1127 2115 1224 2144; x_wconf 88' lang='lat' dir='ltr'>esse</span> <span class='ocrx_word' id='word_1_194' title='bbox 1255 2106 1299 2143; x_wconf 89' lang='lat' dir='ltr'>et</span> <span class='ocrx_word' id='word_1_195' title='bbox 1327 2091 1438 2155; x_wconf 72' lang='lat' dir='ltr'>quae</span> <span class='ocrx_word' id='word_1_196' title='bbox 1467 2114 1550 2143; x_wconf 91' lang='lat' dir='ltr'>non</span> <span class='ocrx_word' id='word_1_197' title='bbox 1582 2102 1794 2155; x_wconf 87' lang='lat' dir='ltr'>patiantur</span> 
     </span>
     <span class='ocr_line' id='line_1_25' title="bbox 1005 2159 1792 2214; baseline 0.001 -14"><span class='ocrx_word' id='word_1_198' title='bbox 1005 2159 1331 2214; x_wconf 79' lang='lat' dir='ltr'>discrepantiam</span> <span class='ocrx_word' id='word_1_199' title='bbox 1385 2165 1459 2201; x_wconf 90' lang='lat' dir='ltr'>aut</span> <span class='ocrx_word' id='word_1_200' title='bbox 1504 2160 1792 2201; x_wconf 80' lang='lat' dir='ltr'><strong>diversitatem</strong></span> 
     </span>
    </p>
   </div>
   <div class='ocr_carea' id='block_1_5' title="bbox 125 2102 920 2215">
    <p class='ocr_par' dir='ltr' id='par_1_9' title="bbox 125 2102 920 2215">
     <span class='ocr_line' id='line_1_26' title="bbox 125 2102 919 2159; baseline -0.003 -13"><span class='ocrx_word' id='word_1_201' title='bbox 125 2121 206 2146; x_wconf 80' lang='grc' dir='ltr'><em>νων</em></span> <span class='ocrx_word' id='word_1_202' title='bbox 247 2102 458 2159; x_wconf 82' lang='grc' dir='ltr'><em>πρότερον</em></span> <span class='ocrx_word' id='word_1_203' title='bbox 500 2102 621 2144; x_wconf 83' lang='lat' dir='ltr'>addit</span> <span class='ocrx_word' id='word_1_204' title='bbox 659 2103 790 2145; x_wconf 86' lang='lat' dir='ltr'>verba</span> <span class='ocrx_word' id='word_1_205' title='bbox 838 2107 919 2144; x_wconf 84' lang='grc' dir='ltr'>τσῦ</span> 
     </span>
     <span class='ocr_line' id='line_1_27' title="bbox 128 2161 920 2215; baseline -0.001 -12"><span class='ocrx_word' id='word_1_206' title='bbox 128 2162 246 2209; x_wconf 68' lang='grc' dir='ltr'><em>ὀξέος</em></span> <span class='ocrx_word' id='word_1_207' title='bbox 282 2161 351 2201; x_wconf 81' lang='grc' dir='ltr'>καὶ</span> <span class='ocrx_word' id='word_1_208' title='bbox 385 2163 560 2215; x_wconf 77' lang='grc' dir='ltr'><em>βαρέος,</em></span> <span class='ocrx_word' id='word_1_209' title='bbox 605 2173 714 2212; x_wconf 83' lang='lat' dir='ltr'>quae</span> <span class='ocrx_word' id='word_1_210' title='bbox 763 2161 920 2202; x_wconf 78' lang='lat' dir='ltr'>frustra</span> 
     </span>
    </p>
   </div>
   <div class='ocr_carea' id='block_1_6' title="bbox 128 2218 926 2547">
    <p class='ocr_par' dir='ltr' id='par_1_10' title="bbox 128 2218 926 2547">
     <span class='ocr_line' id='line_1_28' title="bbox 129 2218 920 2272; baseline -0.001 -12"><span class='ocrx_word' id='word_1_211' title='bbox 129 2219 208 2260; x_wconf 79' lang='lat' dir='ltr'>suit</span> <span class='ocrx_word' id='word_1_212' title='bbox 235 2219 304 2272; x_wconf 87' lang='lat' dir='ltr'>qui</span> <span class='ocrx_word' id='word_1_213' title='bbox 334 2219 377 2258; x_wconf 90' lang='lat' dir='ltr'>in</span> <span class='ocrx_word' id='word_1_214' title='bbox 407 2218 678 2271; x_wconf 75' lang='lat' dir='ltr'><strong>glossematis</strong></span> <span class='ocrx_word' id='word_1_215' title='bbox 707 2218 920 2271; x_wconf 86' lang='lat' dir='ltr'>suspicio-</span> 
     </span>
     <span class='ocr_line' id='line_1_29' title="bbox 128 2274 922 2318; baseline -0.001 -1"><span class='ocrx_word' id='word_1_216' title='bbox 128 2288 224 2318; x_wconf 89' lang='lat' dir='ltr'>nem</span> <span class='ocrx_word' id='word_1_217' title='bbox 257 2279 443 2317; x_wconf 85' lang='lat' dir='ltr'>vocaret.</span> <span class='ocrx_word' id='word_1_218' title='bbox 501 2274 670 2316; x_wconf 84' lang='lat' dir='ltr'>Poterit</span> <span class='ocrx_word' id='word_1_219' title='bbox 691 2280 834 2316; x_wconf 88' lang='lat' dir='ltr'>autem</span> <span class='ocrx_word' id='word_1_220' title='bbox 867 2288 922 2316; x_wconf 85' lang='lat' dir='ltr'>ex</span> 
     </span>
     <span class='ocr_line' id='line_1_30' title="bbox 131 2331 921 2387; baseline -0.003 -13"><span class='ocrx_word' id='word_1_221' title='bbox 131 2334 191 2374; x_wconf 85' lang='lat' dir='ltr'>his</span> <span class='ocrx_word' id='word_1_222' title='bbox 219 2332 422 2385; x_wconf 74' lang='lat' dir='ltr'>intelligi,</span> <span class='ocrx_word' id='word_1_223' title='bbox 451 2343 539 2384; x_wconf 86' lang='lat' dir='ltr'>quo</span> <span class='ocrx_word' id='word_1_224' title='bbox 570 2331 661 2374; x_wconf 83' lang='lat' dir='ltr'>iure</span> <span class='ocrx_word' id='word_1_225' title='bbox 695 2332 921 2387; x_wconf 80' lang='lat' dir='ltr'>Eryxima-</span> 
     </span>
     <span class='ocr_line' id='line_1_31' title="bbox 131 2388 922 2442; baseline -0.003 -11"><span class='ocrx_word' id='word_1_226' title='bbox 131 2390 233 2432; x_wconf 87' lang='lat' dir='ltr'>chus</span> <span class='ocrx_word' id='word_1_227' title='bbox 290 2388 574 2442; x_wconf 83' lang='lat' dir='ltr'>reprehendat</span> <span class='ocrx_word' id='word_1_228' title='bbox 633 2388 922 2440; x_wconf 82' lang='lat' dir='ltr'>Heraclitum3</span> 
     </span>
     <span class='ocr_line' id='line_1_32' title="bbox 131 2445 926 2489; baseline -0.001 -1"><span class='ocrx_word' id='word_1_229' title='bbox 131 2458 213 2489; x_wconf 80' lang='lat' dir='ltr'>nee</span> <span class='ocrx_word' id='word_1_230' title='bbox 248 2445 576 2488; x_wconf 77' lang='lat' dir='ltr'>existimandum</span> <span class='ocrx_word' id='word_1_231' title='bbox 607 2450 674 2487; x_wconf 84' lang='lat' dir='ltr'>est</span> <span class='ocrx_word' id='word_1_232' title='bbox 701 2447 926 2487; x_wconf 81' lang='lat' dir='ltr'>Platonem</span> 
     </span>
     <span class='ocr_line' id='line_1_33' title="bbox 131 2502 926 2547; baseline -0.004 0"><span class='ocrx_word' id='word_1_233' title='bbox 131 2518 226 2547; x_wconf 87' lang='lat' dir='ltr'>eum</span> <span class='ocrx_word' id='word_1_234' title='bbox 263 2503 417 2545; x_wconf 84' lang='lat' dir='ltr'>secisse</span> <span class='ocrx_word' id='word_1_235' title='bbox 459 2502 564 2544; x_wconf 84' lang='lat' dir='ltr'>haec</span> <span class='ocrx_word' id='word_1_236' title='bbox 604 2502 812 2544; x_wconf 82' lang='lat' dir='ltr'>dicentem</span> <span class='ocrx_word' id='word_1_237' title='bbox 845 2503 926 2544; x_wconf 82' lang='lat' dir='ltr'>alia</span> 
     </span>
    </p>
   </div>
   <div class='ocr_carea' id='block_1_7' title="bbox 130 2559 970 2613">
    <p class='ocr_par' dir='ltr' id='par_1_11' title="bbox 130 2559 970 2613">
     <span class='ocr_line' id='line_1_34' title="bbox 130 2559 970 2613; baseline -0.004 -10"><span class='ocrx_word' id='word_1_238' title='bbox 130 2562 185 2603; x_wconf 85' lang='lat' dir='ltr'>de</span> <span class='ocrx_word' id='word_1_239' title='bbox 212 2573 368 2613; x_wconf 85' lang='lat' dir='ltr'>causa,</span> <span class='ocrx_word' id='word_1_240' title='bbox 406 2561 486 2603; x_wconf 85' lang='lat' dir='ltr'>nisi</span> <span class='ocrx_word' id='word_1_241' title='bbox 524 2564 572 2601; x_wconf 88' lang='lat' dir='ltr'>ut</span> <span class='ocrx_word' id='word_1_242' title='bbox 601 2560 708 2603; x_wconf 89' lang='lat' dir='ltr'>inani</span> <span class='ocrx_word' id='word_1_243' title='bbox 740 2559 817 2602; x_wconf 87' lang='lat' dir='ltr'>hac</span> <span class='ocrx_word' id='word_1_244' title='bbox 848 2559 927 2601; x_wconf 91' lang='lat' dir='ltr'>do-</span> <span class='ocrx_word' id='word_1_245' title='bbox 966 2563 970 2572; x_wconf 88' lang='lat'><em>&#39;</em></span> 
     </span>
    </p>
   </div>
   <div class='ocr_carea' id='block_1_8' title="bbox 130 2617 927 2832">
    <p class='ocr_par' dir='ltr' id='par_1_12' title="bbox 130 2617 927 2832">
     <span class='ocr_line' id='line_1_35' title="bbox 131 2617 926 2670; baseline -0.003 -10"><span class='ocrx_word' id='word_1_246' title='bbox 131 2618 292 2660; x_wconf 85' lang='lat' dir='ltr'>ctrinae</span> <span class='ocrx_word' id='word_1_247' title='bbox 321 2617 627 2668; x_wconf 80' lang='lat' dir='ltr'>ostentatione,</span> <span class='ocrx_word' id='word_1_248' title='bbox 657 2619 827 2670; x_wconf 84' lang='lat' dir='ltr'>qualem</span> <span class='ocrx_word' id='word_1_249' title='bbox 859 2623 926 2658; x_wconf 87' lang='lat' dir='ltr'>et·-</span> 
     </span>
     <span class='ocr_line' id='line_1_36' title="bbox 130 2674 925 2718; baseline -0.004 0"><span class='ocrx_word' id='word_1_250' title='bbox 130 2678 215 2718; x_wconf 87' lang='lat' dir='ltr'>iam</span> <span class='ocrx_word' id='word_1_251' title='bbox 245 2675 504 2717; x_wconf 83' lang='lat' dir='ltr'>Pausaniam</span> <span class='ocrx_word' id='word_1_252' title='bbox 548 2680 787 2716; x_wconf 82' lang='lat' dir='ltr'>sectantem</span> <span class='ocrx_word' id='word_1_253' title='bbox 818 2674 925 2715; x_wconf 88' lang='lat' dir='ltr'>vidi-</span> 
     </span>
     <span class='ocr_line' id='line_1_37' title="bbox 133 2730 927 2787; baseline -0.004 -12"><span class='ocrx_word' id='word_1_254' title='bbox 133 2746 253 2785; x_wconf 89' lang='lat' dir='ltr'>mus,</span> <span class='ocrx_word' id='word_1_255' title='bbox 286 2737 509 2775; x_wconf 82' lang='lat' dir='ltr'>notaretur</span> <span class='ocrx_word' id='word_1_256' title='bbox 539 2730 824 2787; x_wconf 83' lang='lat' dir='ltr'>sophistarum</span> <span class='ocrx_word' id='word_1_257' title='bbox 857 2744 927 2774; x_wconf 86' lang='lat' dir='ltr'>ars</span> 
     </span>
     <span class='ocr_line' id='line_1_38' title="bbox 131 2789 334 2832; baseline -0.005 0"><span class='ocrx_word' id='word_1_258' title='bbox 131 2789 334 2832; x_wconf 87' lang='lat' dir='ltr'>oratoria.</span> 
     </span>
    </p>
   </div>
   <div class='ocr_carea' id='block_1_9' title="bbox 134 2871 926 3040">
    <p class='ocr_par' dir='ltr' id='par_1_13' title="bbox 134 2871 926 3040">
     <span class='ocr_line' id='line_1_39' title="bbox 192 2871 926 2929; baseline -0.001 -14"><span class='ocrx_word' id='word_1_259' title='bbox 192 2875 242 2916; x_wconf 86' lang='grc' dir='ltr'>Β.</span> <span class='ocrx_word' id='word_1_260' title='bbox 313 2871 478 2925; x_wconf 69' lang='grc' dir='ltr'><em>ὥςπερ</em></span> <span class='ocrx_word' id='word_1_261' title='bbox 525 2889 581 2927; x_wconf 79' lang='grc' dir='ltr'>γε</span> <span class='ocrx_word' id='word_1_262' title='bbox 629 2874 712 2915; x_wconf 73' lang='grc' dir='ltr'>καὶ</span> <span class='ocrx_word' id='word_1_263' title='bbox 765 2873 786 2915; x_wconf 76' lang='grc' dir='ltr'>ὅ</span> <span class='ocrx_word' id='word_1_264' title='bbox 841 2873 926 2929; x_wconf 82' lang='grc' dir='ltr'>ῥυ-</span> 
     </span>
     <span class='ocr_line' id='line_1_40' title="bbox 138 2929 923 2986; baseline 0.003 -16"><span class='ocrx_word' id='word_1_265' title='bbox 138 2930 312 2984; x_wconf 78' lang='grc' dir='ltr'><em>θμός]</em></span> <span class='ocrx_word' id='word_1_266' title='bbox 351 2929 417 2970; x_wconf 81' lang='lat' dir='ltr'>cf.</span> <span class='ocrx_word' id='word_1_267' title='bbox 456 2929 622 2974; x_wconf 90' lang='lat' dir='ltr'>Phileb.</span> <span class='ocrx_word' id='word_1_268' title='bbox 643 2931 769 2986; x_wconf 78' lang='lat' dir='ltr'>p.26.</span> <span class='ocrx_word' id='word_1_269' title='bbox 802 2933 837 2974; x_wconf 82' lang='lat' dir='ltr'>A</span> <span class='ocrx_word' id='word_1_270' title='bbox 858 2945 923 2984; x_wconf 90' lang='lat' dir='ltr'>sq.</span> 
     </span>
     <span class='ocr_line' id='line_1_41' title="bbox 134 2988 444 3040; baseline 0 -12"><span class='ocrx_word' id='word_1_271' title='bbox 134 2988 274 3040; x_wconf 82' lang='lat' dir='ltr'>ibique</span> <span class='ocrx_word' id='word_1_272' title='bbox 303 2992 444 3028; x_wconf 91' lang='lat' dir='ltr'>annot.</span> 
     </span>
    </p>
   </div>
   <div class='ocr_carea' id='block_1_10' title="bbox 136 3070 929 3470">
    <p class='ocr_par' dir='ltr' id='par_1_14' title="bbox 136 3070 929 3470">
     <span class='ocr_line' id='line_1_42' title="bbox 193 3070 929 3125; baseline -0.003 -11"><span class='ocrx_word' id='word_1_273' title='bbox 193 3073 243 3114; x_wconf 90' lang='lat' dir='ltr'>C.</span> <span class='ocrx_word' id='word_1_274' title='bbox 284 3071 372 3111; x_wconf 80' lang='grc' dir='ltr'>καὶ</span> <span class='ocrx_word' id='word_1_275' title='bbox 400 3073 576 3125; x_wconf 72' lang='grc' dir='ltr'><em>ἐνμέν</em></span> <span class='ocrx_word' id='word_1_276' title='bbox 605 3086 659 3125; x_wconf 79' lang='grc' dir='ltr'>γε</span> <span class='ocrx_word' id='word_1_277' title='bbox 693 3070 834 3125; x_wconf 71' lang='grc' dir='ltr'>αὐτῇ</span> <span class='ocrx_word' id='word_1_278' title='bbox 866 3075 929 3124; x_wconf 83' lang='grc' dir='ltr'>τῇ</span> 
     </span>
     <span class='ocr_line' id='line_1_43' title="bbox 136 3127 923 3183; baseline -0.004 -11"><span class='ocrx_word' id='word_1_279' title='bbox 136 3127 430 3181; x_wconf 75' lang='grc' dir='ltr'><em>συστάσει]</em></span> <span class='ocrx_word' id='word_1_280' title='bbox 470 3130 516 3171; x_wconf 88' lang='lat' dir='ltr'>ln</span> <span class='ocrx_word' id='word_1_281' title='bbox 552 3129 653 3183; x_wconf 85' lang='lat' dir='ltr'>ipsis</span> <span class='ocrx_word' id='word_1_282' title='bbox 691 3130 923 3170; x_wconf 87' lang='lat' dir='ltr'>rationibus</span> 
     </span>
     <span class='ocr_line' id='line_1_44' title="bbox 139 3183 926 3236; baseline -0.004 -6"><span class='ocrx_word' id='word_1_283' title='bbox 139 3186 335 3236; x_wconf 80' lang='lat' dir='ltr'>musicis,</span> <span class='ocrx_word' id='word_1_284' title='bbox 386 3183 423 3226; x_wconf 90' lang='lat' dir='ltr'>h.</span> <span class='ocrx_word' id='word_1_285' title='bbox 469 3201 505 3229; x_wconf 88' lang='lat' dir='ltr'>e.</span> <span class='ocrx_word' id='word_1_286' title='bbox 547 3187 586 3228; x_wconf 87' lang='lat' dir='ltr'>in</span> <span class='ocrx_word' id='word_1_287' title='bbox 627 3184 840 3227; x_wconf 82' lang='lat' dir='ltr'>harmonia</span> <span class='ocrx_word' id='word_1_288' title='bbox 882 3191 926 3227; x_wconf 88' lang='lat' dir='ltr'>et</span> 
     </span>
     <span class='ocr_line' id='line_1_45' title="bbox 141 3242 925 3298; baseline -0.005 -11"><span class='ocrx_word' id='word_1_289' title='bbox 141 3243 358 3298; x_wconf 71' lang='lat' dir='ltr'>rhythmo,</span> <span class='ocrx_word' id='word_1_290' title='bbox 394 3244 509 3285; x_wconf 87' lang='lat' dir='ltr'>nullo</span> <span class='ocrx_word' id='word_1_291' title='bbox 550 3243 724 3294; x_wconf 78' lang='lat' dir='ltr'>negotio</span> <span class='ocrx_word' id='word_1_292' title='bbox 763 3242 821 3283; x_wconf 82' lang='lat' dir='ltr'>ait</span> <span class='ocrx_word' id='word_1_293' title='bbox 850 3255 925 3283; x_wconf 89' lang='lat' dir='ltr'>co-</span> 
     </span>
     <span class='ocr_line' id='line_1_46' title="bbox 138 3298 923 3356; baseline -0.004 -13.992"><span class='ocrx_word' id='word_1_294' title='bbox 138 3302 288 3356; x_wconf 77' lang='lat' dir='ltr'>gnossi</span> <span class='ocrx_word' id='word_1_295' title='bbox 330 3305 373 3341; x_wconf 84' lang='lat' dir='ltr'>et</span> <span class='ocrx_word' id='word_1_296' title='bbox 403 3299 677 3342; x_wconf 85' lang='lat' dir='ltr'>animadverti</span> <span class='ocrx_word' id='word_1_297' title='bbox 711 3312 841 3352; x_wconf 86' lang='lat' dir='ltr'>posse</span> <span class='ocrx_word' id='word_1_298' title='bbox 870 3298 923 3339; x_wconf 79' lang='grc' dir='ltr'>τὰ</span> 
     </span>
     <span class='ocr_line' id='line_1_47' title="bbox 137 3355 926 3412; baseline -0.003 -12"><span class='ocrx_word' id='word_1_299' title='bbox 137 3355 333 3412; x_wconf 71' lang='grc' dir='ltr'>ἐρωτικά,</span> <span class='ocrx_word' id='word_1_300' title='bbox 362 3356 400 3398; x_wconf 92' lang='lat' dir='ltr'>h.</span> <span class='ocrx_word' id='word_1_301' title='bbox 423 3372 459 3400; x_wconf 89' lang='lat' dir='ltr'>e.</span> <span class='ocrx_word' id='word_1_302' title='bbox 491 3370 600 3411; x_wconf 85' lang='lat' dir='ltr'>quae</span> <span class='ocrx_word' id='word_1_303' title='bbox 629 3357 714 3399; x_wconf 87' lang='lat' dir='ltr'>sint</span> <span class='ocrx_word' id='word_1_304' title='bbox 738 3369 926 3398; x_wconf 86' lang='lat' dir='ltr'>consona</span> 
     </span>
     <span class='ocr_line' id='line_1_48' title="bbox 138 3413 924 3470; baseline -0.005 -10"><span class='ocrx_word' id='word_1_305' title='bbox 138 3422 183 3460; x_wconf 82' lang='lat' dir='ltr'>et</span> <span class='ocrx_word' id='word_1_306' title='bbox 220 3416 517 3470; x_wconf 83' lang='lat' dir='ltr'>congruentia·</span> <span class='ocrx_word' id='word_1_307' title='bbox 561 3413 776 3468; x_wconf 82' lang='lat' dir='ltr'>simplices</span> <span class='ocrx_word' id='word_1_308' title='bbox 816 3413 924 3457; x_wconf 88' lang='lat' dir='ltr'>enim</span> 
     </span>
    </p>
   </div>
   <div class='ocr_carea' id='block_1_11' title="bbox 1003 2216 1802 3468">
    <p class='ocr_par' dir='ltr' id='par_1_15' title="bbox 1003 2216 1802 2954">
     <span class='ocr_line' id='line_1_49' title="bbox 1003 2216 1795 2267; baseline -0.001 -9"><span class='ocrx_word' id='word_1_309' title='bbox 1003 2219 1160 2267; x_wconf 82' lang='lat' dir='ltr'>ullam3</span> <span class='ocrx_word' id='word_1_310' title='bbox 1201 2216 1277 2258; x_wconf 84' lang='lat' dir='ltr'>sed</span> <span class='ocrx_word' id='word_1_311' title='bbox 1318 2217 1360 2257; x_wconf 86' lang='lat' dir='ltr'>in</span> <span class='ocrx_word' id='word_1_312' title='bbox 1404 2229 1483 2257; x_wconf 88' lang='lat' dir='ltr'>usu</span> <span class='ocrx_word' id='word_1_313' title='bbox 1514 2222 1556 2258; x_wconf 89' lang='lat' dir='ltr'>et</span> <span class='ocrx_word' id='word_1_314' title='bbox 1583 2217 1795 2258; x_wconf 86' lang='lat' dir='ltr'>exercita-</span> 
     </span>
     <span class='ocr_line' id='line_1_50' title="bbox 1006 2274 1796 2327; baseline 0 -12"><span class='ocrx_word' id='word_1_315' title='bbox 1006 2274 1120 2315; x_wconf 88' lang='lat' dir='ltr'>tione</span> <span class='ocrx_word' id='word_1_316' title='bbox 1166 2274 1350 2314; x_wconf 77' lang='lat' dir='ltr'>musices</span> <span class='ocrx_word' id='word_1_317' title='bbox 1401 2274 1621 2327; x_wconf 88' lang='lat' dir='ltr'>plurimum</span> <span class='ocrx_word' id='word_1_318' title='bbox 1662 2274 1796 2315; x_wconf 87' lang='lat' dir='ltr'>inter-</span> 
     </span>
     <span class='ocr_line' id='line_1_51' title="bbox 1007 2330 1796 2382; baseline -0.001 -10"><span class='ocrx_word' id='word_1_319' title='bbox 1007 2344 1127 2382; x_wconf 86' lang='lat' dir='ltr'>esse,</span> <span class='ocrx_word' id='word_1_320' title='bbox 1159 2344 1243 2382; x_wconf 87' lang='lat' dir='ltr'>quo</span> <span class='ocrx_word' id='word_1_321' title='bbox 1271 2330 1399 2372; x_wconf 85' lang='lat' dir='ltr'>modo</span> <span class='ocrx_word' id='word_1_322' title='bbox 1430 2331 1511 2372; x_wconf 87' lang='lat' dir='ltr'>illis</span> <span class='ocrx_word' id='word_1_323' title='bbox 1540 2330 1696 2380; x_wconf 83' lang='lat' dir='ltr'>utaris,</span> <span class='ocrx_word' id='word_1_324' title='bbox 1727 2334 1796 2372; x_wconf 85' lang='lat' dir='ltr'>at-</span> 
     </span>
     <span class='ocr_line' id='line_1_52' title="bbox 1006 2386 1795 2440; baseline 0 -12"><span class='ocrx_word' id='word_1_325' title='bbox 1006 2386 1190 2440; x_wconf 85' lang='lat' dir='ltr'>quehic</span> <span class='ocrx_word' id='word_1_326' title='bbox 1219 2388 1331 2428; x_wconf 88' lang='lat' dir='ltr'>cerni</span> <span class='ocrx_word' id='word_1_327' title='bbox 1370 2389 1448 2429; x_wconf 91' lang='lat' dir='ltr'>vim</span> <span class='ocrx_word' id='word_1_328' title='bbox 1479 2387 1660 2440; x_wconf 89' lang='lat' dir='ltr'>duplicis</span> <span class='ocrx_word' id='word_1_329' title='bbox 1690 2387 1795 2429; x_wconf 83' lang='lat' dir='ltr'>illius</span> 
     </span>
     <span class='ocr_line' id='line_1_53' title="bbox 1010 2444 1798 2497; baseline 0.001 -11"><span class='ocrx_word' id='word_1_330' title='bbox 1010 2444 1204 2495; x_wconf 84' lang='lat' dir='ltr'>Amoris,</span> <span class='ocrx_word' id='word_1_331' title='bbox 1246 2445 1445 2486; x_wconf 86' lang='lat' dir='ltr'>coelestis</span> <span class='ocrx_word' id='word_1_332' title='bbox 1486 2451 1530 2486; x_wconf 88' lang='lat' dir='ltr'>et</span> <span class='ocrx_word' id='word_1_333' title='bbox 1569 2444 1798 2497; x_wconf 79' lang='lat' dir='ltr'>vulgivagi.</span> 
     </span>
     <span class='ocr_line' id='line_1_54' title="bbox 1010 2501 1798 2555; baseline -0.003 -11"><span class='ocrx_word' id='word_1_334' title='bbox 1010 2502 1241 2555; x_wconf 91' lang='lat' dir='ltr'>Perperam</span> <span class='ocrx_word' id='word_1_335' title='bbox 1292 2502 1420 2554; x_wconf 81' lang='lat' dir='ltr'>igitur</span> <span class='ocrx_word' id='word_1_336' title='bbox 1460 2501 1798 2542; x_wconf 87' lang='lat' dir='ltr'>Schuetzius</span> 
     </span>
     <span class='ocr_line' id='line_1_55' title="bbox 1010 2557 1799 2613; baseline -0.004 -13"><span class='ocrx_word' id='word_1_337' title='bbox 1010 2558 1133 2600; x_wconf 77' lang='lat' dir='ltr'>haec:</span> <span class='ocrx_word' id='word_1_338' title='bbox 1178 2557 1276 2599; x_wconf 76' lang='grc' dir='ltr'>οὐδὲ</span> <span class='ocrx_word' id='word_1_339' title='bbox 1317 2557 1340 2598; x_wconf 86' lang='lat' dir='ltr'>o‘</span> <span class='ocrx_word' id='word_1_340' title='bbox 1381 2559 1560 2604; x_wconf 82' lang='grc' dir='ltr'><em>διπλοῦς</em></span> <span class='ocrx_word' id='word_1_341' title='bbox 1595 2561 1696 2613; x_wconf 65' lang='grc' dir='ltr'><em>ἔρως</em></span> <span class='ocrx_word' id='word_1_342' title='bbox 1734 2563 1799 2598; x_wconf 71' lang='grc' dir='ltr'>ἐν-</span> 
     </span>
     <span class='ocr_line' id='line_1_56' title="bbox 1009 2613 1800 2663; baseline 0 -7"><span class='ocrx_word' id='word_1_343' title='bbox 1009 2613 1164 2656; x_wconf 79' lang='grc' dir='ltr'><em>ταῦθά</em></span> <span class='ocrx_word' id='word_1_344' title='bbox 1194 2614 1278 2663; x_wconf 86' lang='grc' dir='ltr'><em>πώς</em></span> <span class='ocrx_word' id='word_1_345' title='bbox 1308 2617 1398 2657; x_wconf 74' lang='grc' dir='ltr'><em>ἐστι</em></span> <span class='ocrx_word' id='word_1_346' title='bbox 1429 2615 1606 2658; x_wconf 84' lang='lat' dir='ltr'>delenda</span> <span class='ocrx_word' id='word_1_347' title='bbox 1637 2615 1800 2656; x_wconf 75' lang='lat' dir='ltr'>iudica-</span> 
     </span>
     <span class='ocr_line' id='line_1_57' title="bbox 1011 2673 1802 2715; baseline 0 -1"><span class='ocrx_word' id='word_1_348' title='bbox 1011 2673 1085 2714; x_wconf 85' lang='lat' dir='ltr'>vit.</span> <span class='ocrx_word' id='word_1_349' title='bbox 1144 2673 1312 2714; x_wconf 85' lang='lat' dir='ltr'>Erravit</span> <span class='ocrx_word' id='word_1_350' title='bbox 1342 2675 1466 2715; x_wconf 87' lang='lat' dir='ltr'>etiam</span> <span class='ocrx_word' id='word_1_351' title='bbox 1502 2673 1802 2715; x_wconf 88' lang='lat' dir='ltr'>Hommeli-</span> 
     </span>
     <span class='ocr_line' id='line_1_58' title="bbox 1010 2728 1802 2783; baseline -0.003 -12"><span class='ocrx_word' id='word_1_352' title='bbox 1010 2743 1095 2780; x_wconf 88' lang='lat' dir='ltr'>us,</span> <span class='ocrx_word' id='word_1_353' title='bbox 1138 2730 1207 2783; x_wconf 86' lang='lat' dir='ltr'>qui</span> <span class='ocrx_word' id='word_1_354' title='bbox 1247 2729 1301 2770; x_wconf 86' lang='lat' dir='ltr'>ad</span> <span class='ocrx_word' id='word_1_355' title='bbox 1340 2732 1489 2772; x_wconf 85' lang='lat' dir='ltr'>verba:</span> <span class='ocrx_word' id='word_1_356' title='bbox 1530 2729 1632 2771; x_wconf 67' lang='grc' dir='ltr'>οὐδὲ</span> <span class='ocrx_word' id='word_1_357' title='bbox 1668 2728 1691 2769; x_wconf 81' lang='grc' dir='ltr'>ὁ</span> <span class='ocrx_word' id='word_1_358' title='bbox 1734 2731 1802 2771; x_wconf 82' lang='grc' dir='ltr'>δι-</span> 
     </span>
     <span class='ocr_line' id='line_1_59' title="bbox 1004 2786 1799 2840; baseline -0.001 -12"><span class='ocrx_word' id='word_1_359' title='bbox 1004 2787 1141 2836; x_wconf 80' lang='grc' dir='ltr'><em>πλοῦς</em></span> <span class='ocrx_word' id='word_1_360' title='bbox 1173 2787 1302 2840; x_wconf 76' lang='grc' dir='ltr'><em>”Ερως</em></span> <span class='ocrx_word' id='word_1_361' title='bbox 1341 2786 1536 2829; x_wconf 75' lang='grc' dir='ltr'><em>ἐνταῦθά</em></span> <span class='ocrx_word' id='word_1_362' title='bbox 1578 2786 1663 2834; x_wconf 76' lang='grc' dir='ltr'><em>πώς</em></span> <span class='ocrx_word' id='word_1_363' title='bbox 1694 2788 1799 2838; x_wconf 64' lang='grc' dir='ltr'><em>ἔστι,</em></span> 
     </span>
     <span class='ocr_line' id='line_1_60' title="bbox 1008 2844 1801 2899; baseline -0.001 -12"><span class='ocrx_word' id='word_1_364' title='bbox 1008 2858 1032 2887; x_wconf 92' lang='lat' dir='ltr'>e</span> <span class='ocrx_word' id='word_1_365' title='bbox 1055 2845 1343 2898; x_wconf 84' lang='lat' dir='ltr'>superioribus</span> <span class='ocrx_word' id='word_1_366' title='bbox 1362 2844 1676 2899; x_wconf 84' lang='lat' dir='ltr'>intelligendum</span> <span class='ocrx_word' id='word_1_367' title='bbox 1700 2858 1801 2886; x_wconf 88' lang='lat' dir='ltr'>cen-</span> 
     </span>
     <span class='ocr_line' id='line_1_61' title="bbox 1009 2900 1301 2954; baseline -0.004 -12"><span class='ocrx_word' id='word_1_368' title='bbox 1009 2906 1077 2942; x_wconf 82' lang='lat' dir='ltr'>set</span> <span class='ocrx_word' id='word_1_369' title='bbox 1104 2900 1301 2954; x_wconf 78' lang='grc' dir='ltr'><em>χαλεπός.</em></span> 
     </span>
    </p>

    <p class='ocr_par' dir='ltr' id='par_1_16' title="bbox 1004 2956 1798 3296">
     <span class='ocr_line' id='line_1_62' title="bbox 1066 2956 1796 3013; baseline 0 -14"><span class='ocrx_word' id='word_1_370' title='bbox 1066 2959 1116 2999; x_wconf 88' lang='lat' dir='ltr'>D.</span> <span class='ocrx_word' id='word_1_371' title='bbox 1160 2956 1184 2999; x_wconf 78' lang='grc' dir='ltr'><strong>ὖ</strong></span> <span class='ocrx_word' id='word_1_372' title='bbox 1218 2957 1275 3011; x_wconf 76' lang='grc' dir='ltr'>δὴ</span> <span class='ocrx_word' id='word_1_373' title='bbox 1309 2960 1534 3001; x_wconf 80' lang='grc' dir='ltr'><em>παιδεία</em></span> <span class='ocrx_word' id='word_1_374' title='bbox 1568 2959 1796 3013; x_wconf 70' lang='grc' dir='ltr'><em>ἐκλήθη]</em></span> 
     </span>
     <span class='ocr_line' id='line_1_63' title="bbox 1010 3014 1796 3071; baseline 0.018 -16"><span class='ocrx_word' id='word_1_375' title='bbox 1010 3014 1321 3071; x_wconf 74' lang='lat' dir='ltr'>Sicdelegg,</span> <span class='ocrx_word' id='word_1_376' title='bbox 1348 3018 1392 3060; x_wconf 91' lang='lat' dir='ltr'>ll</span> <span class='ocrx_word' id='word_1_377' title='bbox 1427 3032 1466 3071; x_wconf 93' lang='lat' dir='ltr'>p</span> <span class='ocrx_word' id='word_1_378' title='bbox 1494 3019 1585 3063; x_wconf 78' lang='lat'><strong>(353</strong></span> <span class='ocrx_word' id='word_1_379' title='bbox 1614 3019 1661 3058; x_wconf 91' lang='grc' dir='ltr'>Β.</span> <span class='ocrx_word' id='word_1_380' title='bbox 1689 3018 1736 3056; x_wconf 86' lang='lat' dir='ltr'>C·</span> <span class='ocrx_word' id='word_1_381' title='bbox 1755 3030 1796 3069; x_wconf 83' lang='grc' dir='ltr'>Ρ·</span> 
     </span>
     <span class='ocr_line' id='line_1_64' title="bbox 1012 3071 1795 3128; baseline -0.004 -13"><span class='ocrx_word' id='word_1_382' title='bbox 1012 3071 1108 3116; x_wconf 87' lang='grc'><strong>660.</strong></span> <span class='ocrx_word' id='word_1_383' title='bbox 1133 3075 1165 3112; x_wconf 87' lang='grc' dir='ltr'>Λ</span> <span class='ocrx_word' id='word_1_384' title='bbox 1184 3085 1274 3126; x_wconf 88' lang='lat' dir='ltr'>sqq</span> <span class='ocrx_word' id='word_1_385' title='bbox 1305 3075 1554 3128; x_wconf 77' lang='lat' dir='ltr'>intelligitur</span> <span class='ocrx_word' id='word_1_386' title='bbox 1576 3080 1716 3115; x_wconf 80' lang='lat' dir='ltr'>autem</span> <span class='ocrx_word' id='word_1_387' title='bbox 1746 3071 1795 3112; x_wconf 72' lang='grc' dir='ltr'>τὰ</span> 
     </span>
     <span class='ocr_line' id='line_1_65' title="bbox 1004 3129 1798 3184; baseline 0.001 -17"><span class='ocrx_word' id='word_1_388' title='bbox 1004 3133 1199 3183; x_wconf 82' lang='grc' dir='ltr'><em>χοῆσθαι</em></span> <span class='ocrx_word' id='word_1_389' title='bbox 1240 3129 1387 3184; x_wconf 77' lang='grc' dir='ltr'><em>ὀρθῶς</em></span> <span class='ocrx_word' id='word_1_390' title='bbox 1429 3136 1521 3177; x_wconf 76' lang='grc' dir='ltr'><em>τοῖς</em></span> <span class='ocrx_word' id='word_1_391' title='bbox 1568 3146 1693 3172; x_wconf 69' lang='lat' dir='ltr'>neum</span> <span class='ocrx_word' id='word_1_392' title='bbox 1699 3132 1798 3182; x_wconf 78' lang='grc' dir='ltr'><em>ημέ-</em></span> 
     </span>
     <span class='ocr_line' id='line_1_66' title="bbox 1008 3186 1798 3241; baseline 0.001 -16"><span class='ocrx_word' id='word_1_393' title='bbox 1008 3200 1100 3231; x_wconf 83' lang='grc' dir='ltr'><em>νοις</em></span> <span class='ocrx_word' id='word_1_394' title='bbox 1130 3186 1271 3240; x_wconf 72' lang='grc' dir='ltr'><em>μέλεσι</em></span> <span class='ocrx_word' id='word_1_395' title='bbox 1295 3188 1363 3227; x_wconf 79' lang='grc' dir='ltr'>καὶ</span> <span class='ocrx_word' id='word_1_396' title='bbox 1377 3191 1479 3241; x_wconf 71' lang='grc' dir='ltr'>μέιρ</span> <span class='ocrx_word' id='word_1_397' title='bbox 1484 3205 1559 3234; x_wconf 73' lang='lat' dir='ltr'>mc.</span> <span class='ocrx_word' id='word_1_398' title='bbox 1597 3188 1798 3226; x_wconf 79' lang='lat' dir='ltr'>Ceterum</span> 
     </span>
     <span class='ocr_line' id='line_1_67' title="bbox 1009 3241 1799 3296; baseline -0.003 -11"><span class='ocrx_word' id='word_1_399' title='bbox 1009 3242 1118 3286; x_wconf 86' lang='lat' dir='ltr'>cons.</span> <span class='ocrx_word' id='word_1_400' title='bbox 1142 3244 1416 3286; x_wconf 89' lang='lat' dir='ltr'>Matthiae</span> <span class='ocrx_word' id='word_1_401' title='bbox 1446 3247 1521 3287; x_wconf 90' lang='lat' dir='ltr'>Gr</span> <span class='ocrx_word' id='word_1_402' title='bbox 1554 3244 1588 3296; x_wconf 85' lang='lat'>§.</span> <span class='ocrx_word' id='word_1_403' title='bbox 1618 3241 1714 3284; x_wconf 80' lang='lat'>475.</span> <span class='ocrx_word' id='word_1_404' title='bbox 1748 3243 1799 3284; x_wconf 87' lang='lat' dir='ltr'>C.</span> 
     </span>
    </p>

    <p class='ocr_par' dir='ltr' id='par_1_17' title="bbox 1007 3298 1798 3468">
     <span class='ocr_line' id='line_1_68' title="bbox 1065 3298 1798 3356; baseline -0.001 -16"><span class='ocrx_word' id='word_1_405' title='bbox 1065 3298 1225 3341; x_wconf 70' lang='grc' dir='ltr'><em>πάλιν</em></span> <span class='ocrx_word' id='word_1_406' title='bbox 1263 3302 1361 3356; x_wconf 76' lang='grc' dir='ltr'>γὰρ</span> <span class='ocrx_word' id='word_1_407' title='bbox 1401 3299 1518 3351; x_wconf 75' lang='grc' dir='ltr'>ἥκει</span> <span class='ocrx_word' id='word_1_408' title='bbox 1559 3300 1582 3339; x_wconf 81' lang='lat' dir='ltr'>o‘</span> <span class='ocrx_word' id='word_1_409' title='bbox 1626 3299 1798 3345; x_wconf 77' lang='grc' dir='ltr'><em>αυτος</em></span> 
     </span>
     <span class='ocr_line' id='line_1_69' title="bbox 1007 3354 1797 3410; baseline -0.001 -12"><span class='ocrx_word' id='word_1_410' title='bbox 1007 3354 1209 3410; x_wconf 80' lang='grc' dir='ltr'><em>λόγος]</em></span> <span class='ocrx_word' id='word_1_411' title='bbox 1253 3358 1403 3399; x_wconf 87' lang='lat' dir='ltr'>redit</span> <span class='ocrx_word' id='word_1_412' title='bbox 1433 3358 1514 3399; x_wconf 85' lang='lat' dir='ltr'>hic</span> <span class='ocrx_word' id='word_1_413' title='bbox 1545 3357 1682 3398; x_wconf 87' lang='lat' dir='ltr'>enim</span> <span class='ocrx_word' id='word_1_414' title='bbox 1713 3370 1797 3397; x_wconf 88' lang='lat' dir='ltr'>ea·</span> 
     </span>
     <span class='ocr_line' id='line_1_70' title="bbox 1009 3414 1795 3468; baseline -0.005 -11"><span class='ocrx_word' id='word_1_415' title='bbox 1009 3414 1124 3458; x_wconf 80' lang='lat' dir='ltr'>dem</span> <span class='ocrx_word' id='word_1_416' title='bbox 1162 3416 1305 3458; x_wconf 90' lang='lat' dir='ltr'>ratio</span> <span class='ocrx_word' id='word_1_417' title='bbox 1348 3414 1548 3468; x_wconf 83' lang='lat' dir='ltr'>(duplicis</span> <span class='ocrx_word' id='word_1_418' title='bbox 1587 3414 1795 3468; x_wconf 83' lang='lat' dir='ltr'>Amoris),</span> 
     </span>
    </p>
   </div>
  </div>
 </body>
</html>
