2158 3718
230 145 339 198 214
962 147 1285 194 PLATONIS

231 299 364 339 σατε
402 283 439 339 ὁὶ
477 286 716 357 ἐλέγετε,
757 285 861 341 ἐὰν
899 285 973 356 μὴ
1012 289 1301 358 φαίνωμαι
1337 290 1701 360 μεμνημένος.
1780 295 2026 363 Σιμμίας

229 370 335 440 μὲν
388 371 526 441 γάρ,
585 368 660 434 ὥς
708 364 952 442 ἐγῷμαι,
1009 369 1232 426 ἀπιστεῖ
1282 392 1343 427 τε
1388 375 1483 427 καὶ
1532 377 1822 444 φοβεῖται,
1868 375 1943 447 μὴ
1989 376 2024 447 ἡ

173 453 381 525 Βψυχὴ
431 454 580 525 ὅμως
627 457 723 509 καὶ
767 456 1065 525 θειότερον
1113 458 1207 510 καὶ
1255 458 1488 512 κάλλιον
1526 458 1595 513 ὃν
1631 463 1734 513 τοῦ
1771 459 2027 530 σώματος

229 539 695 610 προαπολλύηται
744 541 808 594 έν
856 539 1129 610 ἁρμονίας
1179 542 1317 595 εἴδει
1355 535 1525 596 οὖσα·
1593 546 1777 614 Κέβης
1822 545 1890 599 δέ
1930 565 2026 615 μοι

231 623 388 687 ἔδοξε
435 628 603 677 τοῦτο
652 625 757 694 μὲν
807 625 932 694 ε’μοὶ
979 624 1320 695 ξυγχωρεῖν,
1377 629 1909 699 πολυχρονιώτερόν
1960 650 2027 699 γε
2075 684 2082 688 ,

231 703 379 762 εἶναι
415 706 605 777 ψυχὴν
632 709 906 778 σώματος,
947 708 1091 763 αλλα
1116 709 1246 764 τόδε
1274 708 1488 780 αδηλον
1513 717 1718 782 παντί,
1741 712 1814 784 μὴ
1841 712 2024 768 πολλα

229 790 298 862 δὴ
340 793 571 861 στόματα
609 794 704 847 καὶ
742 794 1015 858 πολλάκις
1051 797 1442 865 κατατρίψασα
1478 794 1513 866 ἡ
1551 795 1703 867 ψυχὴ
1741 795 1804 851 τό
1829 802 2027 852 τελευ-

226 885 388 931 ταῖον
435 881 596 947 σωμα
645 882 1035 933 καταλιποῦσα
1081 884 1194 933 νῦν
1241 877 1384 949 αὐτὴ
1435 878 1816 951 απολλύηται,
1855 883 1950 936 καὶ
1987 876 2026 954 ᾗ

227 958 366 1015 αὐτὸ
414 965 584 1016 τοῦτο
632 962 910 1033 θανατος,
949 968 1133 1034 ψυχῆς
1171 963 1443 1035 ὄλεθρος,
1486 967 1608 1020 ἐπεὶ
1645 967 1806 1036 σῶμα
1842 965 1899 1035 γ’
1939 965 2041 1021 ἀεὶ

225 1045 625 1116 ἀπολλύμενον
672 1045 846 1102 οὐδὲν
892 1049 1148 1103 παύεται.
1226 1044 1337 1118 ἄρα
1383 1049 1511 1103 ἄλλ’
1551 1051 1587 1120 ἢ
1633 1050 1795 1105 ταῦτ’
1849 1054 2025 1122 ἐστίν,

227 1124 273 1184 ὦ
301 1134 516 1201 Σιμμία
541 1152 601 1186 τε
627 1135 722 1186 καὶ
747 1134 950 1203 Κέβης,
990 1131 1027 1186 ὁὶ
1065 1135 1157 1187 δεῖ
1186 1132 1331 1204 ἡμᾶς
1371 1136 1831 1201 ἐπισκοπεῖσθαι;
1870 1137 2023 1198 Ξυν-

171 1233 204 1273 Ε
228 1219 609 1286 ωμολογείτην
657 1216 726 1286 δὴ
765 1216 925 1271 ταῦτ’
968 1214 1113 1272 εἶναι
1151 1218 1339 1288 ἄμφω.
1411 1219 1671 1289 Πότερον
1708 1213 1849 1290 οὖν,
1891 1223 2022 1291 ἔφη,

225 1300 441 1364 παντας
477 1321 612 1365 τους
649 1304 975 1372 ἔμπροσθεν
1013 1303 1221 1372 λόγους
1257 1302 1363 1357 οὐκ
1403 1301 1779 1374 ἀποδέχεσθε,
1818 1304 1854 1375 ἢ
1891 1303 2027 1369 τούς

224 1387 356 1455 μέν,
405 1384 539 1449 τοὺς
586 1387 642 1439 δ’
681 1383 782 1451 ου’;
841 1388 987 1451 Tomis
1034 1389 1166 1457 μέν,
1217 1389 1462 1458 ἐ’φατην,
1510 1387 1644 1452 τοὺς
1689 1387 1744 1441 δ’
1785 1387 1876 1443 ου’.
1961 1393 2031 1444 Τί

224 1471 353 1539 οὐν,
391 1464 431 1539 ἦ
469 1470 524 1523 δ’
565 1470 644 1540 ὅς,
685 1473 815 1542 περὶ
858 1473 1084 1526 ἐκείνου
1121 1476 1224 1526 τοῦ
1263 1473 1440 1541 λόγου
1467 1474 1674 1543 λέγετε,
1716 1475 1781 1528 έν
1808 1495 1852 1545 ῳ
1880 1476 2025 1544 ἔφα-

223 1574 328 1624 μεν
374 1553 479 1625 τὴν
526 1557 779 1626 μάθησιν
827 1555 1146 1627 αναμνησιν
1194 1553 1369 1628 εἶναι,
1418 1560 1541 1627 καί,
1589 1559 1797 1612 τούτου
1844 1557 2026 1623 οὕτως

224 1641 468 1710 ἔχοντος,
525 1638 862 1710 ἀναγκαίως
900 1645 1049 1711 ἔχειν
1104 1640 1317 1696 ἄλλοθί
1368 1661 1480 1696 που
1538 1643 1819 1714 πρότερον
1863 1641 2025 1713 ἡμῶν

225 1719 372 1777 εἶναι
417 1725 522 1795 τὴν
570 1727 788 1797 ψυχήν,
837 1728 974 1796 πρὶν
1025 1727 1089 1780 ἐν
1136 1731 1213 1797 τῷ
1260 1727 1475 1796 στόματι
1515 1729 1850 1798 ἐνδεθῆναις
1885 1721 2023 1797 Ἐγώ
2094 1788 2097 1789 ⁷

221 1809 355 1877 μέν,
415 1812 525 1880 ἔφη
573 1810 602 1864 ὁ
643 1813 856 1880 Κέβης,
919 1813 1012 1864 καὶ
1058 1812 1187 1865 τότε
1233 1817 1579 1881 θαυμαστῶς
1626 1809 1701 1876 ὡς
1748 1814 2025 1883 ἐπείσθην

220 1891 323 1946 ’ὑπ’
365 1892 544 1948 αὐτοῦ
593 1897 688 1949 καὶ
725 1900 839 1949 νῦν
879 1897 1099 1966 ε’μμένω
1140 1894 1216 1959 ὠς
1254 1894 1448 1949 οὐδενὶ
1496 1897 1664 1967 λόγῳ.
1740 1898 1853 1951 Καὶ
1889 1898 2022 1967 μήν,

223 1979 332 2048 ἔφη
372 1977 402 2033 ὁ
443 1984 707 2051 Σιμμίας,
748 1983 842 2034 καὶ
880 1979 1053 2044 αὐτὸς
1091 1979 1272 2044 οὕτως
1309 1982 1437 2050 ἔχω,
1477 1983 1571 2034 καὶ
1596 1982 1749 2034 πάνυ
1776 1980 1848 2035 ἄν
1873 1987 2024 2035 θαυ-

137 1743 192 1784 92

334 2138 382 2179 Ε.
414 2129 636 2180 ἄλλοθί
672 2138 799 2190 που]
841 2151 936 2180 που
967 2152 1052 2183 orn.
1085 2138 1211 2180 Coisl.
1234 2139 1330 2181 Vat.
1352 2140 1462 2181 Ven.
1484 2138 1534 2181 H
1558 2141 1671 2181 Tub.
1692 2140 1786 2183 Par.
1810 2139 2021 2184 EGHIL.

221 2195 265 2234 In
290 2193 412 2237 Bodl.
437 2208 568 2249 supra
590 2208 762 2236 versum
784 2196 1048 2249 adscriptum
1073 2204 1150 2239 est.

336 2265 384 2307 P.
410 2267 479 2308 92.
513 2259 754 2320 ἔμμένω]
778 2259 963 2320 ἐμμενῶ
986 2266 1311 2311 Ven.11ma1e.

1163 2407 1230 2448 nis
1272 2407 1499 2449 illustravit
1527 2407 1798 2448 Heusdius
1835 2406 2022 2461 Specim.

1164 2462 1316 2517 Crit.p

220 2403 370 2459 ἴωμεν
399 2399 461 2459 δὴ
485 2427 537 2435 ——
562 2399 644 2459 ἐφ’
674 2397 797 2460 α’περ
828 2399 879 2448 ἐν
908 2406 972 2464 τῷ
996 2402 1075 2460 ε’-μ

217 2462 434 2516 προςθεν
457 2456 869 2518 λόγῳ.1ῑ“οι·ῐιιι1]ειῐῐι
888 2449 1077 2504 illi‘istra-

218 2520 280 2559 vit
302 2519 396 2573 W)
408 2519 672 2560 ttenbaoh.
705 2520 813 2560 Bibl.
840 2520 940 2563 crit.
971 2520 1021 2561 P.
1044 2521 1076 2560 Ι.

219 2589 263 2628 p.
286 2577 355 2616 50.
397 2575 494 2621 XII
518 2589 562 2630 p.
589 2578 655 2619 12.
699 2577 864 2617 Deinde
905 2577 1076 2617 notabis

219 2632 481 2684 asyndeton,
545 2633 660 2684 quod
707 2632 1078 2673 Heindorfium

1222 2477 1367 2562 ἄλλα
1398 2513 1536 2562 τόδε
1566 2513 2016 2575 ἅδηλονπαντί]

1165 2577 1302 2620 Intell
1335 2590 1512 2630 φαναι,
1543 2577 1659 2627 quod
1689 2576 1821 2616 latet
1812 2589 1856 2616 111
1877 2589 2021 2629 piaee.

1166 2631 1444 2697 ξυγχωρεῖν.
1469 2632 1536 2672 Nil
1558 2633 1636 2672 hac
1653 2631 1790 2685 figura
1811 2635 2021 2674 seimonis

1165 2690 1362 2728 usitatus
1386 2698 1464 2731 est.
1505 2688 1730 2728 P1aeterea
1759 2697 1896 2729 consti
1894 2691 2020 2730 uctio

1165 2746 1390 2785 verborum
1421 2744 1534 2784 facta
1565 2753 1628 2784 est
1657 2737 1781 2785 κατὰ
1811 2739 2020 2787 σύνεσιν.

1165 2800 1365 2865 Sequitm
1426 2801 1536 2840 enim
1586 2793 1650 2853 μή
1703 2793 2020 2855 οἶπολλύηται,

220 2694 306 2727 tam
347 2687 622 2729 vehementer
654 2689 846 2740 offendit,
877 2695 923 2728 ut
951 2687 1077 2741 πρῶ-

219 2756 304 2785 τον
323 2740 411 2808 μέν
433 2757 483 2785 τε
503 2757 585 2786 υπ.
609 2746 737 2785 scribi
759 2745 955 2787 volue1it.
998 2744 1074 2784 Ni-

218 2800 375 2839 miru'm
405 2799 632 2854 πρῶτον
661 2809 725 2841 est
753 2809 875 2841 ante
906 2801 1077 2840 omnia

219 2868 298 2896 neo
319 2869 429 2910 opus
451 2866 518 2897 est
538 2856 623 2897 ullo
647 2857 958 2898 coniunctionis
980 2857 1073 2896 viu·

219 2913 315 2953 culo
344 2914 388 2952 in
416 2911 497 2953 hoc
522 2912 826 2965 disputationis
847 2913 1073 2967 principio.

218 2969 381 3010 Eodem
402 2970 529 3010 modo
552 2969 734 3023 Apolog
759 2983 799 3023 p.
824 2971 879 3011 38
901 2970 951 3013 D.
973 2970 1075 3009 Pro—

218 3033 308 3090 tag4
329 3037 371 3079 p.
393 3025 536 3068 3380
567 3026 629 3066 De
650 3027 756 3079 Rep.
781 3027 850 3066 111.
875 3038 918 3093 p.
929 3027 1011 3066 412
1027 3026 1072 3069 C

277 3072 426 3136 ὅμως
467 3104 520 3112 -
560 3074 809 3123 κάλλιον
869 3076 951 3135 ὅν]
1016 3083 1076 3122 De

217 3152 344 3235 ἕὲἤῗῗὲ
367 3139 723 3239 d³1¹03111¹ss1³2⁸5⁰ff¹2
743 3140 1075 3239 ⁵¹¹⁰2113¹Y¹¹¹¹13ss

218 3251 327 3305 Rep.
349 3253 424 3295 VI.
446 3265 491 3305 p.
513 3251 656 3295 495D.
659 3208 853 3295 ΥΤὶιξοοῐ.
875 3265 916 3305 p.
931 3252 1074 3293 145D.

217 3307 329 3348 Xen.
351 3307 475 3349 Mem.
501 3310 531 3351 I.
552 3310 593 3360 2,
617 3310 671 3350 20
690 3309 834 3361 ibique
853 3308 1073 3350 Schuei

219 3365 322 3405 der.
347 3365 460 3407 conf.
486 3365 738 3406 Matthiae
767 3365 836 3408 Gr.
859 3366 898 3415 §-
925 3366 1021 3406 566.

275 3421 323 3463 D.
342 3413 451 3463 ἐνε
425 3421 708 3475 αρμονίας
730 3419 880 3464 εἴδει
905 3409 1067 3476 οὖσα]

218 3478 246 3518 i.
272 3489 307 3519 e.
339 3471 548 3532 ἁρμονία
577 3475 711 3523 οὐσα.
754 3479 897 3521 Genus
920 3479 1073 3519 dictio·

1163 2857 1265 2908 quia
1294 2848 1483 2910 αδηλον
1511 2855 1665 2898 παντί
1687 2857 1906 2898 metuendi
1943 2871 2022 2899 no·

1162 2914 1321 2954 tionem
1344 2915 1543 2964 continet,
1573 2914 1750 2979 perinde
1771 2926 1820 2954 ac
1842 2914 1880 2955 si
1901 2914 2020 2955 dica-

1164 2977 1231 3010 tur
1261 2967 1409 3012 παντὶ
1432 2966 1690 3024 φοβητέον.
1717 2983 1754 3012 ν.
1777 2982 1878 3011 ann.
1900 2971 1956 3011 ad
1977 2984 2018 3024 p.

1222 3083 1268 3123 Ε.
1321 3075 1725 3137 αποδέχεσθε]
1787 3075 2020 3136 αποὸέχε-

1162 3140 1284 3182 σθαι
1316 3146 1381 3180 est
1409 3153 1500 3194 pro
1516 3142 1660 3192 baie
1692 3145 1738 3179 ut
1766 3151 1807 3192 p.
1832 3140 1887 3181 85
1911 3138 1942 3180 C
1963 3139 2017 3179 al.

1224 3195 1299 3237 Τί
1314 3184 1610 3248 οὖν-περ
1616 3192 1641 3236 ὶ
1650 3170 1895 3237 ἐκεινου
1917 3193 2019 3236 τοῦ

1162 3245 1340 3306 λόγου
1363 3249 1436 3307 -]
1482 3251 1527 3293 Si
1568 3251 1648 3292 fuit
1674 3253 1866 3303 animus,
1897 3259 2017 3291 ante·
2042 3283 2044 3285 .

1161 3322 1288 3362 quam
1317 3322 1470 3363 corpus
1500 3314 1768 3358 nasceretur,
1811 3309 2019 3359 sequitur,

1161 3372 1207 3406 ut
1237 3367 1289 3406 ab
1320 3366 1540 3406 harmonia
1568 3364 1711 3432 plane
1720 3338 1917 3404 di’versus
1948 3365 2018 3428 Sit:

1217 3422 1264 3462 P.
1284 3424 1353 3465 92.
1393 3422 1454 3462 De
1478 3420 1660 3461 formula
1689 3413 1915 3474 ἐμμένειν
1952 3418 2016 3475 τῷ

1159 3471 1281 3533 λόγῳ
1310 3491 1346 3519 v
1370 3479 1426 3519 ad
1449 3476 1605 3518 Criton.
1630 3490 1672 3531 p.
1696 3478 1751 3518 49
1774 3477 1821 3520 E.
