2158 3718
500 161 1024 221 SYMPOSIUM.
1055 177 1106 227 p.
1149 156 1252 208 182
1290 156 1367 208 St.
1727 152 1800 202 55

108 322 288 397 φέροι.
371 317 490 370 Καὶ
531 306 599 378 δὴ
641 308 734 364 καὶ
776 304 807 363 ὁ
854 308 978 377 περὶ
1019 299 1122 359 τὸν
1154 304 1330 374 ἔρωτα
1375 295 1550 370 νόμος
1592 301 1652 351 ὲν
1692 297 1795 364 μὲν

107 414 232 468 ταῖς
273 397 467 464 ἄλλαις
509 394 699 452 πόλεσι
743 393 944 458 νοῆσαι
989 386 1208 462 ῥᾴδιος·
1266 382 1455 447 ἁπλῶς
1510 375 1618 452 γὰρ
1663 375 1791 450 ὥρι-

109 506 266 544 σται·
325 482 355 540 ὁ
415 481 467 538 δ’
537 476 747 535 ἐνθάδε
803 478 895 530 καὶ
971 480 1030 528 ὲν
1088 471 1463 540 Λακεδαίμονι
1527 466 1789 526 ποικίλος.

105 579 166 628 ἐν
192 567 384 626 ’Ἡλιὸι
425 569 526 639 μὲν
567 559 675 634 γὰρ
719 562 811 615 καὶ
854 565 912 614 ὲν
946 559 1217 619 Βοιωτοῖς
1258 555 1366 609 καὶΚ
1395 542 1462 607 οὗ
1504 545 1580 621 μὴ
1625 549 1792 620 σοφοὶ

107 660 280 727 λέγειν
347 649 536 713 ἁπλῶς
589 647 1029 717 νενομοθέτηται
1095 634 1269 695 καλὸν
1338 631 1402 692 τὸ
1455 635 1792 705 χαρίζεσθαι

106 746 393 811 ἐρασταῖς,
451 735 545 790 καὶ
604 729 704 786 οὐκ
747 724 820 783 ἄν
864 748 947 791 τις
989 724 1136 781 ε’ίποι
1179 717 1305 779 οὔτε
1349 726 1471 783 νέος
1514 712 1638 773 οὕτε
1684 737 1793 770 πα·-

107 819 267 887 λαιὸς
306 814 676 888 ὡςαὶσχρόν,
733 816 859 876 ἵνα,
916 806 1099 881 οἶμαι,
1165 803 1241 878 μὴ
1285 798 1568 878 πράγματ’
1634 803 1794 871 ἔχωσι

105 905 251 977 λόγῳ
294 901 622 975 πειρώμενοι
676 899 898 952 πείθειν
955 890 1090 956 τοὺς
1131 898 1320 954 νέους,
1377 884 1477 942 ἅτε
1516 881 1792 940 ἀδύνατοι

107 996 295 1063 λέγειν.
340 990 439 1056 τῆς
482 988 538 1041 δὲ
577 982 786 1044 Ἰωνίας
830 981 921 1034 καὶ
978 973 1194 1031 ἄλλοθι
1235 973 1516 1042 πολλαχοῦ
1562 964 1792 1040 αἰσχρὸν

106 1072 459 1144 νενόμισται,
517 1065 639 1124 ὅσοι
691 1060 801 1119 ὑπὸ
859 1058 1170 1134 βαρβάροις
1227 1058 1457 1112 οἰκοῦσι.
1523 1064 1643 1116 τοῖς
1684 1049 1792 1122 γὰρ

105 1157 417 1232 βαρβάροις
464 1149 554 1208 διὰ
583 1146 684 1214 τὰς
726 1148 1057 1220 τυραννίδας
1096 1138 1328 1214 αἰσχρὸν
1364 1135 1542 1195 ’τοῦτό
1583 1157 1660 1207 γε,
1701 1138 1794 1190 καὶ

108 1321 221 1366 conf.
248 1320 308 1363 *ad
337 1315 629 1372 Euthy-phron.
661 1327 702 1368 p.
733 1309 804 1355 84.
840 1308 946 1350 Dein
976 1310 1158 1361 πρᾶγμα
1188 1307 1292 1358 post
1327 1300 1480 1343 ὁτιοῦν
1510 1303 1672 1343 illatum
1707 1313 1793 1341 om.

109 1380 236 1423 Bodl.
271 1379 376 1419 Ven.
406 1376 454 1418 Ξ.
489 1372 613 1416 Vind.
649 1372 687 1415 1.
719 1367 761 1412 2.
792 1368 834 1411 7.
865 1367 966 1408 Par.
1003 1365 1107 1406 DK.
1147 1363 1295 1405 Ambr.
1338 1360 1450 1413 Aug.
1482 1373 1530 1401 w.
1564 1359 1663 1401 Vat.
1690 1371 1730 1411 p.
1760 1369 1796 1398 r.

110 1443 142 1480 t.
173 1436 333 1480 delevit
362 1434 513 1476 Herm.

224 1520 315 1562 καὶ
371 1517 392 1559 ὁ
456 1517 508 1556 ἐν
558 1507 991 1565 Λακεδαίμονι]
1056 1506 1143 1548 Hic
1175 1504 1402 1546 articulum
1434 1498 1640 1541 omittunt
1669 1492 1795 1535 Bodl.

109 1582 215 1624 Ven.
248 1581 293 1621 Ξ.
329 1575 450 1632 Vind.
482 1574 526 1619 2.
559 1573 658 1614 Par.
696 1569 799 1610 DK.
835 1567 982 1608 Ambr.
1021 1556 1128 1616 Aug.
1171 1576 1223 1604 w.
1258 1561 1350 1602 Vat.
1385 1572 1428 1612 p.
1461 1570 1494 1599 r.
1527 1559 1570 1596 et
1600 1565 1662 1607 pr.
1696 1551 1793 1591 vat.

109 1638 162 1681 A.
198 1636 316 1679 Ven.v
342 1639 372 1676 t.
402 1633 638 1674 Eiecerunt
670 1627 798 1669 etiam
833 1623 1082 1665 Turicenss.
1114 1619 1470 1661 Winckeimanno
1502 1612 1573 1652 καὶ
1612 1613 1656 1650 ἐν
1697 1609 1797 1647 Λα·

107 1694 328 1749 κεδαίμοινι
358 1688 539 1732 delenda
569 1686 822 1728 videbantur
852 1681 950 1724 coll.
982 1693 1025 1733 p.
1062 1677 1156 1721 182.
1198 1677 1247 1717 D.
1282 1674 1375 1717 183.
1408 1672 1512 1713 C.D.
1550 1667 1643 1712 184.
1687 1665 1797 1708 AB.

223 1780 278 1822 Β,
338 1771 618 1826 αἰσχρὸν
657 1773 775 1811 τοῦ
800 1785 824 1808 τ
849 1763 873 1806 ό
913 1765 1009 1819 γε]
1063 1763 1164 1805 Bas.
1202 1761 1241 1803 1.
1271 1760 1311 1803 2.
1351 1758 1468 1799 Fior.
1501 1769 1545 1796 n.
1574 1752 1704 1794 τουτί
1730 1765 1794 1805 γε.

107 1840 262 1883 Herm.
292 1835 347 1878 de
377 1845 457 1874 suo
488 1830 632 1873 dedit:
665 1824 802 1869 τοῦτο’
831 1838 875 1865 τε
907 1821 979 1862 καὶ
1010 1817 1037 1874 ἥ
1066 1835 1112 1874 γε
1145 1834 1191 1874 φ.
1223 1833 1258 1856 ν.
1293 1830 1360 1859 ex.
1393 1828 1432 1856 c.

112 1995 187 2035 ρον
217 2002 272 2010 -
303 1973 331 2017 ‹5'
363 1990 406 2016 τι
434 1973 584 2027 λέγεις.
639 1967 793 2008 Socr.
832 1963 909 2005 οὗ·
995 1962 1086 2002 vult
1117 1956 1286 1998 dicere:
1327 1949 1466 2006 apud
1508 1949 1675 1991 lones
1713 1958 1797 1987 ve-

113 2041 181 2080 δὲν
229 2033 445 2076 ποικίλον.
505 2027 619 2070 Tim.
659 2039 703 2078 p.
749 2023 818 2066 59.
863 2021 912 2062 C.
995 2032 1054 2060 ro
1103 2015 1358 2064 aliosque
1401 2007 1665 2062 populos,
1706 2001 1799 2056 qui

113 2097 251 2148 Gorg.
300 2091 340 2132 d.
384 2087 486 2132 491.
545 2085 595 2125 D.
655 2083 854 2123 Ceterum
887 2076 910 2117 ὁ
997 2072 1192 2117 Persis
1232 2066 1480 2110 subiecti
1513 2066 1656 2112 sunt,
1688 2062 1803 2115 ple-

113 2157 212 2194 ante
242 2153 284 2191 ἐν
313 2143 612 2196 Λακεδαίμονι
633 2152 716 2180 non
756 2136 916 2190 repeti·
970 2141 1226 2181 sumque
1257 2131 1421 2177 turpe
1452 2121 1688 2163 habetur
1719 2121 1799 2158 etc.

103 2215 235 2258 tum,
279 2205 378 2259 quia
417 2207 599 2252 utraque
637 2198 705 2238 lex
734 2195 806 2235 uni
836 2207 915 2246 ge-
1002 2185 1324 2240 Stephanus
1366 2178 1590 2233 legendum
1623 2175 1804 2230 putabat

116 2267 206 2309 neri
239 2263 430 2305 subiecta
460 2270 557 2300 esse
587 2254 753 2295 dicitur.
1003 2251 1080 2297 τῆς
1111 2246 1155 2284 δὲ
1180 2241 1343 2284 Ἰωνίας
1374 2238 1595 2286 πολλαχοῦ
1625 2233 1698 2273 καὶ
1726 2231 1803 2279 ἅλ-

173 2325 227 2362 ἐν
266 2318 451 2362 ”Ηλιὸι
492 2316 587 2368 μὲν
626 2309 726 2365 γὰρ
768 2323 804 2347 κ.
834 2306 915 2360 -]
1003 2303 1111 2342 λοθι
1142 2300 1281 2350 αἰσχρ.
1310 2312 1347 2337 ν.
1376 2288 1654 2335 Thiersch.
1689 2289 1802 2341 Spe-

27 2361 30 2365 *
115 2381 274 2423 Pauuo
318 2377 442 2418 aliter
504 2367 744 2412 Pausanias
805 2363 919 2418 apud
1005 2360 1104 2402 cim.
1137 2357 1242 2397 Crit.
1276 2368 1317 2408 p.
1349 2351 1418 2396 45.
1453 2349 1639 2391 merebat
1676 2349 1729 2398 τῇ
1760 2343 1805 2385 δὲ

116 2435 450 2489 Xenophontem
496 2428 697 2480 Sympo-3.
731 2422 845 2463 vlu.
882 2420 917 2474 §.
998 2416 1148 2467 Ἰωνίᾳ.
1205 2411 1397 2453 Aetius
1427 2411 1504 2459 τῆς
1532 2406 1571 2446 in
1598 2407 1687 2448 τοῖς
1711 2413 1804 2443 mu-

119 2495 176 2540 32
215 2517 269 2524 ·-
303 2491 371 2534 35.
441 2488 506 2529 De
545 2483 741 2525 moribus
778 2479 920 2520 Lace·
1007 2473 1182 2515 tandum
1215 2467 1431 2510 censebat.
1493 2464 1536 2505 R
1559 2465 1585 2502 ii
1614 2474 1637 2501 c
1660 2461 1686 2501 k
1708 2473 1731 2501 e
1753 2471 1806 2499 r-

120 2551 468 2596 daemoniorum,
520 2542 590 2595 qui
632 2540 697 2581 hic
729 2548 922 2578 comme-
1005 2536 1092 2572 tus
1139 2532 1240 2583 post
1275 2521 1523 2576 νενόμισται
1560 2517 1686 2560 inseri
1717 2516 1807 2556 vuit

120 2613 366 2657 morantur,
411 2617 449 2643 v.
498 2594 740 2650 Xenoph.
784 2593 920 2646 Resp.
1007 2588 1105 2638 καὶ,
1162 2585 1227 2626 vel
1281 2579 1472 2636 μάλιστα
1517 2578 1573 2618 δέ.
1644 2573 1809 2623 Locus,

122 2665 285 2709 Laced.
319 2663 373 2705 ΙΙ.
414 2661 478 2704 13.
526 2655 590 2700 14.
636 2652 923 2695 Plutarch.
1009 2646 1042 2686 si
1074 2643 1176 2696 quid
1209 2639 1364 2690 video,
1416 2641 1482 2678 est
1514 2639 1639 2685 longe
1670 2631 1809 2671 since-

120 2722 286 2766 Laced.
316 2722 416 2762 lust.
446 2730 486 2771 p.
506 2713 605 2758 237.
629 2711 683 2751 Β.
716 2708 919 2750 Aeiian.
1006 2702 1213 2744 tissimus.
1297 2695 1406 2738 Nam
1458 2693 1675 2746 genitivus
1733 2691 1812 2738 τῆς

123 2781 174 2822 V.
217 2780 273 2821 H.
306 2779 378 2819 ul.
422 2774 487 2817 10.
534 2771 600 2815 12.
638 2762 921 2809 Plutarch.
1002 2757 1162 2803 Ἰωνίας
1183 2753 1408 2810 pendetex
1424 2745 1811 2801 πολλαχοῦ.ΡΙεῑ.

104 2835 170 2879 'in
201 2837 387 2888 Lycurg.
409 2846 449 2885 p.
479 2828 576 2873 200.
604 2839 664 2878 sq·
687 2823 754 2865 ed.
775 2821 925 2863 Reisk.
1011 2816 1186 2858 Politic.
1227 2826 1268 2866 p.
1316 2808 1413 2854 290.
1467 2807 1527 2848 E:
1586 2803 1812 2852 πολλαχοῦ

125 2895 192 2936 De
223 2891 440 2933 Thebanis
471 2901 510 2929 v.
544 2887 574 2926 A
595 2882 750 2924 elien.
780 2878 830 2918 V.
867 2877 925 2918 H.
1011 2878 1095 2914 τῶν
1121 2868 1342 2921 Ἑλλήνων.
1386 2860 1670 2916 Aristoph.
1706 2861 1810 2899 Avv.

125 2950 244 2992 Xlll.
265 2948 304 2990 5.
326 2950 361 2988 A
385 2945 578 2987 thena
599 2954 623 2981 e
646 2951 670 2979 u
687 2952 708 2978 s
739 2935 853 2976 Xlli.
885 2933 926 2976 2.
1018 2929 1126 2974 1689
1155 2943 1166 2969 2
1209 2927 1437 2975 πανταχοῦ
1484 2924 1563 2972 τῆς
1599 2915 1814 2965 Ἀττικῆς.

129 3005 320 3049 Davis.
374 3002 426 3043 ad
468 3000 582 3042 Max.
626 2995 730 3047 Tyr.
768 2991 927 3043 XXIV.
1013 2985 1123 3028 conf.
1191 2981 1462 3026 Matthiae
1513 2979 1588 3020 Gr.
1635 2974 1671 3027 §.
1714 2972 1811 3014 377.

129 3079 169 3120 p.
199 3061 298 3106 455.
330 3058 486 3101 Xxvl.
519 3069 558 3108 p·
593 3052 662 3096 27.
716 3051 782 3090 De
815 3047 932 3088 Eleis
1014 3044 1125 3085 Post
1170 3044 1246 3092 τῆς
1283 3038 1445 3082 Ἰωνίας
1494 3047 1596 3075 vero
1648 3028 1816 3072 additur

130 3135 171 3164 v.
198 3114 439 3169 Xenoph.
471 3113 621 3163 Symp.
655 3107 767 3148 vlu.
788 3104 856 3148 35.
878 3103 933 3144 de
1015 3098 1087 3139 καὶ
1116 3098 1283 3138 ἄλλοθι
1327 3095 1364 3137 Ιι.
1405 3108 1442 3135 e.
1472 3090 1539 3131 καὶ
1570 3088 1705 3129 ἄλλων
1736 3086 1816 3122 τῶν

131 3176 320 3231 Republ.
354 3174 455 3215 Lac.
489 3171 517 3212 Ι.
539 3181 575 3208 c.
610 3163 816 3205 Aelian.
845 3161 874 3201 Ι.
896 3172 932 3200 c.
1013 3160 1171 3210 χωρῶν.
1194 3153 1387 3206 Denique
1409 3147 1515 3189 unz&
1532 3145 1697 3186 σύνεσιν
1713 3139 1816 3179 sub-

134 3237 232 3277 coli.
269 3233 301 3272 D
319 3231 445 3271 avis.
490 3228 516 3267 Ι.
547 3237 581 3265 c.
627 3221 753 3261 Plura
787 3216 931 3259 lauda—
1016 3213 1200 3266 iungitur
1228 3209 1325 3251 ὁόοι
1352 3231 1395 3238 --
1423 3207 1611 3251 οἰκοῦσι,
1644 3194 1818 3252 perinde

134 3296 233 3334 runt
262 3287 505 3331 wolfius
555 3284 600 3322 et
640 3275 837 3319 Aetius
882 3272 935 3314 ad
1019 3284 1071 3312 ac
1089 3271 1123 3311 si
1141 3267 1465 3322 praecessisset:
1502 3264 1582 3300 τῶν
1608 3250 1817 3296 ὁὲἸώνων

146 3349 185 3392 h.
218 3350 228 3390 1
1022 3326 1093 3367 καὶ
1123 3325 1260 3365 ἄλλων
1290 3322 1534 3371 πολλαχοῦς
1565 3316 1607 3356 in
1629 3319 1818 3366 quonon

195 3379 292 3458 τίῖς
337 3400 390 3441 δὲ
430 3391 630 3440 Ἰωνίας
677 3393 776 3440 -1
838 3386 938 3428 Hoc
1022 3382 1295 3426 haerendum.
