2158 3718
786 110 867 153 AD
901 111 1321 155 PHAEDONEM.
1861 112 1930 165 23

159 270 304 319 quam
331 255 532 305 multum
562 269 812 312 veremur,
851 270 912 304 ne
941 254 1044 311 ille,
1083 255 1177 304 hoc
1204 254 1318 304 dum
1346 255 1408 303 ita
1437 255 1575 311 fecit,
1614 256 1750 320 quasi
1777 256 1930 320 quod-

158 324 268 374 dam
306 326 559 375 discidium
600 327 729 374 inter
756 324 934 388 dialogi
961 326 1166 374 sormam
1195 331 1338 389 atque
1365 326 1618 374 materiam
1643 321 1928 376 introduxe-

157 396 246 451 rit,
283 396 411 459 quod
451 396 696 459 quomodo
731 412 841 445 cum
879 401 983 445 arte
1018 396 1181 460 operis
1225 404 1270 450 et
1299 396 1651 460 compositione
1677 396 1930 446 conciliari

157 472 327 530 queat,
356 466 486 515 haud
514 481 631 515 sane
657 465 997 530 intellegimus,

295 536 552 598 Pergimus
581 551 714 585 nunc
740 537 798 585 ad
826 538 1066 586 rationem
1094 536 1302 586 Caroli
1330 534 1759 601 Steinharti¹)‚
1790 538 1930 586 cuius

155 606 391 655 sententia
419 607 514 655 huc
541 606 644 656 fere
670 607 812 656 redit.
852 608 1071 657 Primum
1099 607 1296 672 quidem
1325 622 1431 657 sese
1458 607 1670 656 ostendit
1685 606 1928 656 Schleier-

154 676 384 725 machero
413 677 471 725 de
491 677 767 726 Phaedonis
794 684 841 726 et
859 678 1100 742 Symposii
1121 679 1336 727 arctiore
1363 678 1707 732 coniunctione
1729 679 1927 727 omnino

153 748 393 796 assentiri.
446 747 630 797 Deinde
670 748 870 797 dubium
906 750 1088 798 nemini
1114 748 1336 798 futurum
1365 763 1472 798 esse
1501 753 1668 804 censet
1694 748 1927 798 dramati-

155 832 262 865 cam
290 816 465 881 dialogi
491 824 681 883 partem
711 820 986 868 accuratius
1014 819 1364 875 consideranti,
1394 820 1512 882 quin
1539 819 1631 868 hac
1656 820 1759 884 ipsa
1787 824 1928 882 parte

152 887 327 951 operis,
349 889 538 951 species
583 890 820 953 quaedam
859 896 907 938 et
938 890 1099 952 imago
1135 888 1414 953 philosophi
1451 891 1510 938 sit
1546 889 1703 949 efficta
1741 890 1926 953 inipso

152 959 273 1007 vitae
308 958 526 1010 mortalis
565 961 773 1008 termino
811 959 1059 1008 constituti
1094 965 1238 1023 atque
1275 961 1340 1007 ita
1379 960 1598 1018 animati,
1636 966 1689 1009 ut
1722 964 1927 1025 propter

148 1028 472 1086 indefessum,
512 1031 590 1079 cui
628 1030 821 1078 deditus
863 1028 1035 1085 fuerit,
1086 1030 1350 1094 sapientiae
1394 1030 1608 1078 studium
1653 1031 1927 1084 certissime

148 1098 242 1147 sibi
268 1101 567 1162 persuaserit
599 1106 807 1149 mortem
840 1114 939 1148 non
965 1099 1111 1148 modo
1132 1114 1230 1148 non
1258 1100 1308 1148 in
1334 1099 1473 1148 malis
1501 1100 1773 1153 ducendam
1802 1114 1924 1157 esse,

147 1185 316 1218 verum
354 1170 516 1218 etiam·
539 1170 723 1218 aditum
760 1169 819 1219 ad
857 1171 1116 1219 maximam
1143 1170 1266 1220 vitae
1292 1170 1645 1234 perfectionem
1673 1186 1730 1219 ac
1756 1170 1924 1220 simili-

149 1240 366 1289 tudinem
404 1255 514 1288 cum
550 1241 641 1289 deo
677 1240 981 1304 patefacere,
1019 1256 1165 1305 quam
1204 1242 1588 1305 sapientissimus
1614 1242 1822 1306 quisque
1849 1257 1924 1290 ar-

147 1311 427 1359 dentissimo
462 1311 611 1360 animi
645 1310 889 1360 desiderio
927 1319 1157 1375 expetere
1185 1310 1352 1360 soleat.
1405 1311 1506 1360 Iam
1532 1327 1648 1360 vero
1676 1312 1822 1372 etiam
1851 1327 1921 1368 ea,

146 1396 271 1445 quae
300 1387 555 1445 praeterea
575 1381 635 1430 de
661 1380 1024 1431 immortalitate
1051 1383 1323 1431 animorum
1353 1382 1656 1437 disserantur
1682 1381 1921 1439 subtilius

143 1451 392 1515 pertinere
431 1453 674 1501 existimat
701 1467 782 1509 e0,
821 1457 873 1501 ut
901 1453 1082 1501 certius
1118 1450 1647 1516 intellegaturfirmam
1675 1451 1922 1513 stabilem-

145 1537 239 1585 que
266 1521 326 1571 de
353 1523 630 1571 animorum
657 1522 1022 1572 immortalitate
1047 1524 1417 1587 persuasionem
1446 1538 1650 1588 eamque
1677 1523 1737 1572 ad
1763 1524 1921 1573 scien-

147 1593 242 1642 tiae
278 1594 596 1643 constantiam
636 1599 918 1656 provectam
954 1595 1111 1642 omnis
1156 1594 1499 1659 philosophiae
1546 1593 1921 1653 fundamentum

143 1664 327 1726 pariter
355 1671 500 1728 atque
524 1663 721 1713 culmen
751 1671 798 1712 et
823 1663 1070 1727 fastigium
1107 1679 1213 1714 esse
1226 1662 1281 1728 2).
1333 1665 1575 1725 Quocirca
1612 1665 1672 1714 de
1708 1665 1923 1722 universi

144 1734 308 1797 operis
333 1748 521 1801 summa
549 1740 695 1798 atque
721 1736 971 1798 proposito
999 1735 1208 1800 denique
1235 1736 1299 1785 ita
1324 1737 1507 1792 statuit,
1534 1740 1588 1784 ut
1613 1737 1662 1783 in
1692 1750 1749 1787 eo
1777 1751 1921 1784 verus

144 1819 505 1868 germanusque
548 1805 871 1869 philosophus
915 1806 1232 1864 informetur,
1278 1806 1473 1856 iamiam
1519 1822 1544 1854 e
1592 1807 1680 1855 vita
1728 1804 1919 1855 mortali

143 1874 447 1924 discessurus
485 1881 533 1924 et
566 1876 623 1924 ad
663 1875 884 1925 ultimum
919 1876 1066 1925 finem
1106 1882 1251 1939 atque
1291 1878 1558 1935 ¹terminum
1597 1877 1827 1926 scientiae
1874 1882 1921 1924 et

144 1946 431 2009 cognitionis
468 1951 698 1996 aeternae
736 1947 951 1995 veritatis
995 1945 1334 2011 properans3).
1390 1946 1523 1995 Haec
1571 1948 1722 2010 igitur
1758 1947 1917 1996 Stein-

143 2016 314 2065 hartus
341 2017 400 2065 de
427 2015 606 2065 ultimis
632 2017 909 2066 Phaedonis
935 2017 1206 2066 rationibus
1234 2024 1282 2066 et
1308 2016 1539 2066 consiliis.
1593 2017 1728 2075 Quae
1764 2031 1917 2080 quan-

143 2092 239 2134 tam
265 2086 477 2136 habeant
503 2103 612 2135 cum
640 2089 698 2137 iis
727 2088 1081 2151 cognationem,
1106 2103 1229 2151 quae
1256 2103 1280 2136 a
1304 2086 1760 2137 Schleiermachero
1789 2086 1916 2136 aliis-

142 2172 237 2221 que
275 2158 453 2206 critiois
489 2156 548 2206 ab
586 2156 712 2206 illius
749 2159 989 2207 sententia
1025 2159 1259 2222 profectis
1285 2158 1523 2222 disputata
1553 2162 1688 2214 sunt,
1731 2158 1806 2207 vix
1833 2157 1917 2207 de-

142 2235 417 2276 monstrare
444 2229 628 2286 attinet,
654 2229 834 2292 quippe
862 2243 972 2277 cum
998 2228 1278 2292 philosophi
1303 2230 1351 2277 in
1378 2230 1485 2292 ipso
1512 2229 1684 2277 mortis
1711 2227 1916 2278 articulo

143 2298 391 2347 constituti
425 2299 687 2361 imaginem
723 2313 814 2362 pro
862 2304 999 2362 parte
1034 2298 1147 2347 libri
1192 2300 1424 2362 primaria
1469 2298 1640 2347 haberi
1687 2298 1916 2353 omnibus

142 2373 314 2430 sponte
350 2370 685 2432 appariturum
723 2370 799 2418 sit.
861 2369 955 2418 Sed
995 2369 1123 2433 quod
1167 2375 1356 2432 partem
1401 2368 1577 2432 dialogi
1616 2367 1915 2427 dialecticam

142 2437 408 2487 arbitratur
436 2455 541 2487 eam
570 2440 661 2488 vim
690 2439 897 2496 habere,
925 2445 977 2489 ut
1003 2441 1254 2505 persuasio
1282 2440 1342 2489 de
1369 2439 1515 2488 animi
1542 2440 1827 2488 aeternitate
1855 2439 1914 2487 ad

256 2651 298 2704 1)
329 2652 601 2704 Einleitung
622 2664 722 2691 zum
743 2651 963 2694 Phaedon
984 2651 1031 2690 in
1051 2651 1257 2692 Platon's
1280 2650 1475 2691 sammtl.
1498 2650 1685 2694 Werke.
1718 2650 1912 2691 Uebers.

140 2722 182 2750 v„
217 2708 439 2748 Hieron.
471 2707 688 2748 Miiller.
720 2708 797 2748 IV.
830 2723 872 2761 p.
905 2709 988 2749 386
1019 2720 1085 2760 sq.

254 2763 297 2817 2)
331 2764 383 2805 L.
418 2764 448 2806 l.
487 2778 596 2818 pag.
625 2766 727 2806 390:
769 2765 889 2816 „Als
923 2765 1291 2817 Grundyedanlcen
1329 2766 1416 2804 und
1452 2766 1516 2804 als
1550 2765 1640 2804 Ziel
1670 2765 1748 2804 der
1776 2765 1906 2816 philo-

141 2821 390 2873 sophis-chen
420 2821 744 2873 Ero'rterunyen
771 2821 951 2873 glauben
978 2825 1057 2861 wir
1077 2822 1300 2872 aufstellen
1320 2835 1371 2861 zu
1399 2825 1575 2867 milssen,
1609 2822 1708 2861 dass
1740 2822 1807 2864 die
1837 2835 1913 2862 zur

144 2877 428 2918 Erkenntnz'ss
458 2877 665 2918 erhobene
699 2878 1025 2931 {seberzeuyuny
1055 2891 1134 2918 von
1173 2880 1265 2919 dem
1303 2879 1459 2931 ewiyen
1489 2877 1636 2918 Leben
1666 2878 1744 2917 der
1775 2877 1910 2923 Seele’,

143 2935 221 2974 cler
265 2933 472 2986 Tragerin
508 2935 587 2973 der
624 2933 729 2974 Idee
768 2936 843 2975 des
880 2935 1047 2975 Lebens
1083 2936 1171 2975 und
1206 2936 1284 2974 der
1325 2934 1621 2986 unaufho'rlich
1662 2933 1912 2974 wirlcsamen

150 2991 435 3030 Vermittlerz‘n
472 2990 675 3029 zwischen
713 2991 791 3030 der
829 2991 946 3030 Welt
983 2993 1062 3030 der
1098 2991 1234 3031 Ideen
1271 2992 1357 3030 und
1394 2990 1764 3043 Ersckeinunyen‚
1803 2991 1912 3030 aller·

143 3047 411 3098 Philosophie
446 3045 826 3099 Grundbedinyuny
855 3049 942 3087 und
969 3047 1163 3088 ho‘chstes
1192 3046 1427 3100 Eryebm‘ss
1456 3048 1565 3086 sei.“

257 3101 299 3154 3)
332 3103 384 3142 L.
409 3102 439 3142 l.
462 3114 566 3154 pag.
590 3102 692 3141 426:
728 3103 849 3153 „Der
879 3104 1033 3156 Dialoy
1063 3105 1117 3144 ist
1147 3103 1347 3144 bestimmt
1378 3104 1473 3143 den
1502 3103 1711 3142 wahren
1732 3102 1909 3143 Philo·

143 3171 198 3199 so
207 3159 341 3210 plzen
371 3160 661 3204 darzustellen‚
692 3160 769 3199 wie
800 3172 849 3200 er
878 3159 944 3200 bez·
971 3161 1125 3200 seinem
1146 3160 1386 3201 Absclziede
1415 3171 1504 3200 vom
1523 3159 1669 3199 Leben
1698 3172 1764 3199 am
1783 3159 1909 3199 1ιὸοή-

143 3221 236 3255 sten
269 3215 382 3255 Ziele
411 3216 554 3255 seiner
574 3214 858 3256 Erkenntniss
887 3215 1041 3258 steht.“
1082 3217 1197 3269 Pag.
1221 3218 1326 3257 409:
1357 3217 1468 3263 „Die
1500 3216 1754 3267 doppelte
1776 3215 1907 3266 Auf-

143 3272 270 3324 9abe
309 3283 485 3311 anseres
524 3271 743 3323 DiaMye-s,
785 3273 867 3311 die
907 3273 1252 3325 Philo-sophie
1291 3274 1340 3312 in
1386 3273 1533 3312 ihrer
1578 3271 1908 3322 Vollenduny

145 3329 513 3368 darzustellen
550 3328 637 3367 und
673 3327 756 3366 die
798 3328 1255 3369 Unsterbliclzlcez’t
1294 3331 1386 3369 des
1428 3329 1636 3369 Geistes
1675 3330 1753 3367 als
1793 3327 1906 3367 ihre

148 3384 627 3436 Grundbedinyuny
657 3384 759 3422 und
787 3384 868 3423 ihr
889 3384 1141 3426 ho'chstes
1162 3385 1455 3437 Eryebniss
1486 3384 1905 3431 nachzuweisen,

145 3440 226 3480 lo'st
256 3438 458 3482 Socrates
487 3440 600 3480 nicht
628 3440 788 3480 minder
818 3440 1031 3481 handelnd
1057 3443 1143 3482 und
1171 3443 1341 3483 leidend
1369 3444 1432 3482 als
1461 3462 1516 3469 —
1544 3436 1753 3481 redend.“
