2222 3762
1623 118 1789 170 XLV

101 257 172 313 ad
199 259 338 315 taius
389 257 772 312 defensionem.
854 257 1101 309 Docetur
1154 257 1293 309 enim
1350 258 1405 309 in
1445 277 1508 311 eo
1550 260 1793 312 oratione

99 327 475 396 disertissima,
515 335 688 382 artem
723 327 937 381 civilem
976 335 1142 397 atque
1179 327 1534 399 rhetoricam,
1577 329 1794 399 qualem

99 399 369 470 imprimis
401 398 644 471 Gorgiae
692 397 985 469 disciplina
1017 397 1525 467 commendavisset,
1565 419 1791 472 prorsus

100 471 336 531 alienam
368 489 501 525 esse
551 490 585 523 a
628 470 858 523 veritate
911 478 1077 541 atque
1126 469 1430 524 honestate·
1467 473 1793 542 omninoque

98 551 310 614 turpem
359 561 423 597 ac
459 540 853 613 perniciosam,
893 561 957 596 ac
991 549 1282 613 propterea
1319 562 1351 594 a
1389 542 1504 596 viro
1545 544 1793 614 sapiente

100 613 460 684 spernendam
507 613 690 682 potius
743 631 905 682 quam
953 612 1270 668 sectandam
1320 622 1374 667 et
1410 613 1792 679 exercendam3

101 703 211 754 qua
240 685 457 742 ratione
497 684 661 739 Plato
699 683 871 738 videri
916 683 1080 739 debet
1115 685 1278 739 etiam
1314 703 1415 739 sua
1452 686 1624 757 ipsius
1662 705 1793 739 con-

107 756 230 821 silia
268 754 609 824 defendisse,
650 756 744 824 qui
781 755 1011 811 Socrate
1047 756 1334 810 interemto
1374 757 1522 827 apud
1557 757 1797 811 animum

98 827 460 885 constituerat
495 846 528 881 a
561 827 847 897 republica
893 827 1165 882 abstinere
1204 836 1368 897 atque
1403 829 1659 899 privatim
1701 827 1796 881 de-

98 899 464 970 gereflvitam,
504 917 613 968 quo
649 898 872 953 liberius
926 898 1123 953 studiis
1158 899 1536 971 philosophiae
1576 919 1795 971 operam

96 969 407 1042 impendere
431 969 637 1026 liceret.
678 968 1048 1036 Quamobrem
1075 977 1271 1039 sponte
1294 971 1618 1042 intelligitur
1646 971 1793 1024 hunc

95 1041 293 1098 librum
341 1049 452 1097 tam
500 1051 623 1095 cum
670 1040 944 1108 Menone,
996 1059 1104 1094 non
1156 1041 1326 1094 multo
1377 1049 1501 1093 ante
1552 1041 1794 1095 Socratis

95 1111 607 1169 condemnationem
641 1111 866 1182 seriptO,
907 1130 1070 1180 quam
1093 1130 1220 1165 cum
1241 1112 1524 1184 Apologia
1549 1112 1794 1167 Socratis

95 1190 153 1239 et
184 1181 428 1251 Critone
479 1182 787 1238 arctissima
835 1183 1104 1238 contineri
1152 1183 1537 1238 coniunctione
1587 1203 1651 1238 ac
1699 1202 1794 1238 ne-

92 1252 440 1314 cessitudine.

234 1327 425 1396 Atque·
469 1326 605 1380 haec
655 1324 881 1394 quidem
916 1325 998 1379 ¹de
1047 1326 1221 1398 primo
1269 1344 1469 1450 genere
1504 1326 1792 1380 >librorum

92 1396 531 1466 Platonicorum,
582 1416 720 1466 quos
770 1397 1027 1466 quoniam
1075 1398 1235 1452 Plato
1306 1397 1482 1451 itteris
1531 1398 1792 1466 exaravit,

95 1487 204 1538 quo
241 1476 486 1540 tempore
522 1469 620 1523 uni
653 1469 887 1523 maxime
921 1467 1245 1540 disciplinae
1282 1467 1599 1523 Socraticae
1639 1468 1793 1523 dedi-

93 1548 187 1595 tus
232 1548 387 1608 erat,
436 1540 629 1597 merito
680 1540 860 1594 dicere
912 1540 1101 1595 licebit
1151 1541 1483 1596 Socraticos.
1569 1540 1796 1595 Habent

96 1619 279 1667 autem
313 1611 394 1666 illi
430 1612 537 1665 sibi
575 1631 685 1665 non
723 1630 903 1681 pauca.
935 1619 1193 1682 tanquam
1241 1612 1396 1683 priva
1447 1620 1615 1682 atque
1666 1632 1794 1684 pro-

91 1684 233 1753 pria,
246 1683 444 1753 quibus
469 1683 641 1737 veluti
669 1683 842 1754 signis
871 1683 1195 1751 quibusdam
1221 1683 1333 1738 suis
1353 1703 1385 1736 a
1405 1683 1598 1737 ceteris
1622 1684 1793 1754 scrip-

89 1754 162 1808 tis
201 1754 502 1809 Platonicis
540 1753 950 1826 dignoscantur.
1024 1754 1171 1809 Nam
1205 1755 1434 1809 formam
1472 1774 1660 1808 eorum
1695 1754 1791 1809 ubi
1823 1806 1825 1808 .

88 1826 322 1897 primum
356 1834 689 1897 spectamus,
718 1845 889 1898 prope
916 1845 1104 1880 omnes
1133 1846 1264 1897 prae
1290 1846 1348 1880 se
1385 1827 1568 1880 ferunt
1604 1826 1795 1879 miram

94 1897 369 1969 quandam
405 1917 574 1968 quum
609 1898 1022 1968 compositionis
1055 1906 1172 1952 tum
1211 1897 1494 1952 doctrinae
1533 1897 1793 1969 simplici-

91 1977 262 2029 tatem
299 1977 464 2039 atque
501 1969 949 2040 perspicuitatem
985 1968 1422 2041 Xenophonteae
1467 1969 1611 2022 haud
1649 1969 1793 2023 absi-

91 2040 668 2110 milem5quanquam
714 2048 777 2094 ut
825 2041 1034 2111 quique
1077 2049 1206 2094 sunt
1253 2041 1562 2110 posteriore
1613 2048 1792 2094 aetate

93 2111 310 2182 scripti,
346 2112 424 2166 ita
462 2112 626 2165 etiam
665 2110 735 2165 ad
772 2112 1033 2165 maiorem
1069 2112 1200 2166 artis
1238 2112 1626 2182 perfectionem
1664 2132 1794 2182 pro-

93 2183 235 2252 pius2
285 2181 587 2248 accedunt,
636 2201 774 2251 quae
813 2183 931 2235 laus
967 2183 1322 2253 perfectionis
1378 2184 1611 2236 maxime
1650 2183 1791 2236 Pro-

92 2262 322 2325 tagorae·
362 2261 529 2323 atque
569 2250 809 2324 Gorgiae
846 2252 1137 2307 tribuenda
1175 2261 1278 2306 est.
1351 2254 1646 2307 Praeterea
1681 2254 1793 2307 for-

91 2343 209 2380 mae
248 2323 434 2381 habita
469 2324 679 2379 ratione
707 2325 868 2378 etiam
894 2344 960 2379 eo
991 2332 1120 2379 sunt
1144 2325 1449 2396 conspicui,
1479 2324 1626 2396 quod
1665 2333 1795 2379 sunt

89 2395 203 2451 fere
241 2402 586 2464 πειραστικοί
623 2403 682 2449 et
715 2401 1059 2450 παιδευτικωί
1125 2396 1286 2465 (Dio
1302 2416 1356 2467 g.
1410 2394 1474 2449 C.
1513 2396 1618 2450 ΙΙΙ.
1658 2397 1790 2466 49.).

90 2466 237 2524 Nam
275 2486 448 2537 quum
491 2467 550 2521 in
585 2467 653 2521 iis
690 2467 842 2522 varia
875 2469 1181 2522 tractentur
1217 2475 1570 2538 argumenta,
1608 2475 1792 2521 tamen

89 2538 225 2597 nihil
261 2537 482 2593 videtur
519 2538 727 2593 certius,
760 2538 972 2608 exquiri
1009 2546 1065 2591 et
1102 2537 1170 2592 ad
1214 2539 1664 2610 perspicuitatem
1700 2558 1792 2593 us·-

91 2628 197 2680 que
248 2609 524 2680 explicari..
610 2610 915 2664 Versantur
967 2610 1111 2666 enim
1166 2611 1348 2664 omnia
1394 2611 1452 2664 in
1504 2618 1798 2680 utramque>

89 2689 328 2752 partem:
359 2691 362 2694 ’
404 2700 533 2736 nam
578 2689 775 2753 argute
813 2690 1084 2736 vexantur
1131 2681 1560 2751 colloquentium
1613 2683 1791 2754 opini-

92 2771 229 2809 ones
264 2759 320 2806 et
355 2759 614 2823 tanquam
652 2771 826 2806 vanae
865 2760 922 2806 et
956 2753 1149 2809 inanes
1187 2754 1568 2825 exagitantur3>
1602 2753 1791 2826 explo-

90 2822 296 2880 duntur
330 2823 801 2879 notionea‘rerum
836 2823 906 2878 ab
928 2824 995 2881 iis
1028 2831 1355 2896 conceptae3
1389 2825 1792 2879 labefactantur

90 2902 146 2951 et
179 2894 541 2950 revelluntur
595 2893 971 2966 definitiones,
1035 2915 1173 2965 quas
1223 2903 1570 2968 proponunt„
1625 2904 1790 2965 atque

89 2985 268 3038 saepe.
296 2965 499 3021 iterum
543 2966 848 3039 iterumque
894 2967 952 3025 in
1001 2967 1456 3039 disceptationem
1493 2974 1787 3033 vocantur3

91 3038 221 3108 quin
257 3037 420 3091 etiam
458 3037 574 3107 ipsi
607 3038 1015 3108 colloquentes,
1051 3039 1317 3109 imprimis
1352 3038 1601 3093 homines
1647 3058 1790 3092 vana

90 3108 390 3180 sapientiae
444 3108 699 3180 opinione
750 3109 932 3164 inflati
984 3118 1153 3179 atque
1201 3110 1408 3164 acutuli
1458 3118 1513 3163 et
1564 3109 1789 3182 gloriosi

90 3179 389 3250 sophistae,
427 3188 492 3235 ut
526 3180 799 3235 temerarii
835 3180 1137 3253 sapientiae
1175 3199 1239 3235 ac
1278 3182 1545 3235 virtutum
1576 3182 1787 3264 profes-

88 3269 286 3320 sores,
311 3250 659 3306 acerbissime
707 3270 870 3324 saepe
921 3251 1288 3309 traducuntur
1329 3260 1386 3306 et
1421 3271 1622 3307 erroris
1657 3271 1786 3306 con-

86 3321 222 3377 victi
275 3320 346 3375 ad
391 3322 566 3394 turpis
617 3322 961 3392 ignorantiae
1016 3324 1413 3380 confessionem
1473 3322 1783 3394 adiguntur.
