2158 3718
810 138 890 180 AD
924 139 1345 182 PHAEDONEM.
1513 119 1515 122 ⁴
1890 144 1966 196 69²

184 282 375 331 Socrati
391 283 665 331 animorum
679 281 1095 331 immortalitatem
1114 283 1352 332 asserenti
1373 297 1472 332 non
1491 282 1647 333 levem
1660 291 1821 334 movet
1840 302 1965 335 con--

183 350 539 417 troversiam1).
592 353 819 402 Simmias
845 358 1031 409 autem,
1060 351 1310 417 popularis
1337 353 1439 402 eius
1467 360 1514 402 et
1539 356 1742 412 amicus,
1771 358 1862 405 etsi
1886 356 1958 405 illi

146 485 156 493 ι
183 422 406 471 nonnihil
441 423 569 471 cedit
604 423 771 471 iudicii
807 424 1032 472 acumine
1062 430 1110 473 et
1134 423 1362 472 firmitate
1375 421 1408 489 2)
1425 463 1436 480 ,
1463 430 1627 474 tamen
1655 432 1702 474 et
1726 428 1831 490 ipse
1859 427 1957 475 dis-

184 499 380 556 putator
415 500 488 543 est
520 507 759 558 perquam
798 493 1011 550 subtiliS‚
1051 495 1190 542 cuius
1227 493 1555 544 dubitationes
1582 495 1642 544 de
1668 497 1956 546 immortali-

183 571 282 613 tate
297 561 330 627 3)
367 565 486 613 item
526 579 552 612 a
581 563 783 613 Socrate
817 563 992 627 dignae
1018 565 1322 618 iudicantur,
1352 579 1476 627 quae
1505 568 1782 614 accuratius
1809 566 1965 616 refel-

181 633 361 682 lantur.
391 632 533 690 Quod
562 639 726 683 autem
752 634 913 691 amb0,
943 635 1163 698 quamvis
1189 637 1286 683 sint
1312 636 1510 685 iuvenes
1523 634 1579 700 4),
1607 651 1705 685 non
1734 636 1958 686 dubitant

183 709 354 752 contra
377 704 628 754 Socratem
650 704 915 768 disputare,
944 707 983 754 si
1004 705 1120 770 quid
1139 706 1257 770 ipsis
1278 705 1480 754 dubium
1510 712 1558 756 et
1583 712 1963 756 controversum

181 775 371 823 videtur
397 790 633 839 suamque
659 777 949 825 sententiam
974 774 1129 824 libere
1162 776 1412 840 proferre,
1451 777 1498 825 id
1536 792 1636 825 non
1672 777 1819 826 modo
1844 778 1957 827 ideo

180 845 390 901 faciunt,
441 847 556 910 quia
601 845 716 909 quid
758 846 818 895 de
853 861 908 895 re
948 847 1232 908 gravissima
1269 846 1580 896 sentiendum
1625 850 1709 905 sit,
1754 856 1956 911 propter

182 915 369 965 sciendi
404 916 719 980 cupiditatem
757 932 782 964 a
821 918 1051 978 magistro
1080 927 1226 980 quam
1251 918 1619 967 accuratissime
1647 918 1847 968 edoceri
1872 934 1965 968 cu·-

181 988 346 1049 pium,
373 986 459 1035 sed
487 987 629 1035 etiam
658 1001 714 1035 eo
743 987 905 1034 facere
932 1001 1029 1034 non
1057 987 1468 1042 verecundantur,
1498 989 1726 1051 quoniam
1747 989 1960 1038 Boeoto--

179 1071 290 1105 rum
318 1056 675 1120 simplicitatem
692 1054 727 1120 5)
757 1063 902 1118 atque
929 1058 1079 1104 animi
1105 1057 1368 1105 candorem
1398 1073 1510 1106 cum
1537 1057 1735 1106 amabili
1761 1073 1953 1107 morum

182 1128 408 1175 comitate
436 1128 753 1175 coniunctum
779 1141 899 1189 prae
925 1141 976 1175 se
1004 1127 1181 1175 serunt.

320 1196 740 1261 Apollodorus
768 1196 858 1245 fuit
883 1196 1030 1245 homo
1058 1198 1228 1261 optimi
1256 1199 1428 1250 animi,
1461 1198 1544 1246 sed
1573 1199 1689 1247 item
1727 1199 1958 1247 tristioris

180 1268 496 1333 eiusdemque
534 1266 781 1316 calidioris
823 1268 1029 1330 ingenii,
1077 1269 1159 1331 qui
1198 1267 1340 1316 facile
1384 1270 1435 1316 in
1471 1275 1728 1332 utramque
1763 1276 1954 1333 partem

178 1344 460 1388 moveretur
499 1337 847 1387 vehementius,
901 1338 1041 1387 Unde
1079 1340 1222 1387 etiam
1261 1353 1534 1401 cognomen
1572 1340 1675 1387 τοῦ
1712 1340 1955 1404 μανικοῦ

180 1409 286 1470 (der
331 1408 654 1465 Schwarmer‚
701 1408 789 1457 der
835 1408 1131 1472 Enthusiast)
1176 1410 1366 1472 accepit
1379 1406 1432 1472 6).
1495 1408 1602 1458 Tali
1645 1425 1761 1458 vero
1807 1425 1954 1459 sensu

180 1481 325 1528 etiam
363 1480 615 1528 Socratem
652 1478 904 1542 amplexus
931 1485 1023 1534 est,
1062 1481 1200 1527 cuius
1227 1487 1331 1528 erat
1355 1478 1501 1542 longe
1528 1478 1886 1529 amantissimus
1898 1478 1953 1542 ⁷).

179 1549 420 1608 Quocirca
447 1550 590 1598 etiam
619 1551 847 1598 morienti
872 1551 937 1598 ita
965 1550 1123 1606 affuit,
1153 1556 1205 1598 ut
1231 1565 1330 1598 non
1357 1550 1516 1599 solum
1544 1550 1770 1599 lacrimas
1797 1551 1952 1599 effun-

179 1621 319 1670 deret
345 1619 544 1676 multaS,
581 1619 666 1669 sed
703 1622 847 1668 etiam
875 1619 1192 1670 vehementer
1230 1619 1434 1670 eiularet
1459 1626 1506 1670 et
1531 1620 1885 1670 vociferaretur
1898 1618 1960 1684 8),

177 1690 418 1756 Lepidum
446 1698 533 1746 est,
565 1690 695 1754 quod
721 1696 889 1739 narrat
913 1687 1216 1755 Aelianus9),
1246 1691 1461 1740 attulisse
1489 1707 1599 1740 eum
1625 1692 1676 1739 in
1704 1705 1958 1740 carcerem-2

179 1763 391 1810 tunicam
419 1767 465 1808 et
491 1760 717 1825 pallium,
747 1761 926 1826 quibus
953 1767 1154 1811 ornatus
1181 1761 1409 1811 Socrates
1435 1767 1728 1811 moreretur.

318 1832 387 1881 De
415 1831 667 1880 Critone
695 1831 753 1881 ad
783 1834 1125 1893 cognominem
1154 1831 1398 1895 dialogum
1429 1833 1612 1881 dictum
1642 1838 1729 1881 est.

871 2084 1100 2125 CAPUT
1139 2085 1267 2124 vm.

744 2183 823 2231 DE
862 2182 943 2231 RE
983 2182 1370 2232 LITTERARIA.

552 2308 594 2373 a)
634 2310 712 2359 De
750 2309 1195 2373 manuscriptis
1234 2307 1567 2357 codicibus.

318 2408 552 2458 Codicum
589 2407 649 2457 ad
684 2409 818 2458 hunc
850 2406 1031 2456 librum
1066 2406 1429 2471 exploratorum
1468 2407 1563 2455 duo
1600 2413 1714 2455 sunt
1749 2422 1954 2471 genera,

176 2479 270 2530 Alii
307 2481 435 2529 enim
475 2478 733 2541 diligenter
771 2479 963 2528 excussi
989 2483 1102 2527 sunt
1128 2476 1395 2541 seduloque
1419 2479 1470 2525 in
1497 2477 1702 2541 singulis
1727 2478 1949 2543 partibus

178 2551 468 2615 comparati3
505 2549 585 2598 alii
611 2548 685 2598 vel
710 2550 919 2613 inspecti
946 2548 1286 2612 neglegentius
1314 2547 1387 2597 vel
1412 2549 1570 2597 rarius
1597 2548 1654 2596 ad
1683 2563 1826 2597 usum
1854 2550 1948 2597 cri·

176 2622 327 2670 ticum
364 2622 592 2670 revocati.
664 2620 832 2683 Itaque
868 2618 1066 2668 illorum
1099 2619 1408 2684 potissimum
1445 2618 1665 2668 ducenda
1702 2619 1825 2667 ratio
1860 2619 1951 2668 fuit

178 2706 338 2756 neque
376 2691 448 2740 bis
484 2706 716 2754 magnum
742 2695 1044 2739 momentum
1070 2689 1381 2738 tribuendum
1398 2729 1409 2746 ‚
1451 2691 1544 2738 nisi
1569 2688 1726 2738 sicubi
1752 2689 1949 2738 dubiam

178 2761 387 2826 aliquam
413 2761 672 2810 lectionem
700 2761 930 2824 suffragio
958 2775 1046 2809 suo
1075 2761 1439 2809 confirmarent.

292 2957 333 3009 1)
365 2958 536 2998 Phaed.
568 2972 610 3011 p.
643 2959 696 2998 63
717 2959 768 3005 Α,
803 2959 854 2998 77
878 2958 926 3007 A,
961 2958 1015 2997 84
1039 2955 1072 2995 C
1095 2979 1149 2984 —
1171 2958 1236 2997 89.

292 3016 334 3060 2)
365 3013 538 3054 Phaed.
568 3027 611 3065 p.
645 3015 697 3053 76
720 3015 757 3053 Ι)
791 3014 897 3054 coll.
927 3027 969 3066 p.
1003 3015 1055 3054 73
1078 3013 1127 3054 A.

293 3069 336 3118 3)
368 3069 536 3110 Phaed.
568 3083 609 3122 p.
643 3070 697 3110 95
717 3070 755 3110 A
787 3083 851 3122 sq.

289 3127 335 3177 4)
368 3126 540 3168 Phaed.
572 3140 614 3178 p.
646 3127 699 3167 89
721 3126 758 3165 A
787 3130 1010 3166 vocantur
1042 3124 1298 3167 νεανίσκοι.

291 3183 334 3236 5)
366 3183 530 3223 Annot.
564 3182 622 3221 ad
651 3181 823 3222 Phaed.
855 3195 897 3234 p.
929 3183 981 3222 62
1004 3183 1055 3223 A.

292 3240 336 3289 6)
367 3239 575 3279 Diximus
605 3237 661 3277 de
692 3238 779 3278 hoc
810 3251 860 3278 co
897 3238 1073 3278 nomine
1108 3237 1165 3277 ad
1199 3237 1348 3291 Symp.
1386 3240 1465 3278 173
1490 3238 1541 3277 D.

293 3295 341 3346 7)
376 3293 527 3349 [Xan]
566 3294 695 3347 Apol.
734 3295 803 3337 28.
843 3288 1163 3347 (πιθυμητὴς
1203 3290 1402 3347 ἰσχυρῶς
1434 3287 1621 3344 αὐτοῦ),
1666 3294 1778 3334 Xen.
1809 3292 1946 3332 Mem.

178 3352 264 3403 ΙΙΙ,
299 3354 366 3403 11,
401 3353 467 3392 17.

292 3407 336 3459 8)
368 3408 538 3447 Phaed.
572 3421 614 3460 p.
649 3408 726 3447 117
749 3407 804 3446 D.

292 3463 336 3517 9)
369 3465 421 3505 V.
452 3464 508 3507 H.
542 3464 577 3512 Ι,
612 3463 679 3503 16.
