2158 3718
304 145 720 203 APOLOGIA
772 141 1172 200 SOCRATIS.
1222 145 1285 197 P.
1324 146 1412 196 41.
1452 141 1533 197 St.
1704 144 1799 194 171

107 295 206 352 οὐκ
250 292 323 351 ἂν
364 295 529 363 ἀηδὲς
594 294 694 361 εἴη.
762 296 853 348 καὶ
912 293 978 360 δὴ
1040 289 1104 348 τὸ
1159 295 1444 363 μέγιστον,
1509 286 1641 354 τοὺς
1699 294 1805 342 ἐκεῖ

105 380 428 448 ἐξετάζοντα
480 382 569 434 καὶ
615 379 920 451 ἐρευνῶντα
964 373 1138 447 ὥςπερ
1193 372 1328 439 τοὺς
1381 376 1640 429 ἐνταῦθα
1687 370 1806 426 διά-

107 486 237 535 γειν,
284 468 364 528 τίς
409 462 597 518 αὐτῶν
640 460 817 536 σοφός
860 468 975 516 ἐστι
1017 464 1108 516 καὶ
1152 465 1234 524 τίς
1278 459 1452 515 οἴεται
1506 463 1635 528 μέν,
1691 460 1806 511 ἔστι

108 547 150 604 δ’
202 545 286 603 οὔ.
337 551 424 602 ἐπὶ
467 546 618 618 πόσῳ
675 545 717 602 δ’
770 542 844 600 ἄν
887 568 996 610 τις,
1041 536 1081 598 ὦ
1127 541 1324 615 ἄνδρες
1379 546 1658 606 δικασταί,
1713 543 1806 595 δέ-

106 634 263 700 ξαιτο
320 631 571 698 ἐξετάσαι
627 628 728 687 τὸν
786 633 874 685 ἐπὶ
925 633 1134 699 Τροίαν
1193 626 1484 698 ἀγαγόντα
1527 623 1631 693 τὴν
1673 628 1808 679 πολ·

108 714 213 784 λὴν
255 715 539 788 στρατιάν,
578 712 612 782 ἢ
654 714 926 779 Ὀδυσσέα,
971 710 1006 780 ὴ
1052 715 1331 789 Σίσυφον,
1379 736 1413 778 η
1460 707 1663 772 ἄλλους
1708 730 1811 779 μι-

109 805 264 872 ρίους
306 796 379 854 άν
424 822 505 865 τις
550 799 696 855 ε’ίποι
742 803 831 853 καὶ
875 795 1087 867 ἄνδρας
1118 820 1209 852 και
1246 808 1542 866 γυναῖκας;
1591 793 1674 857 οἷς
1706 800 1811 849 ἐκεῖ

110 874 470 954 διαλέγεσθαι
511 888 603 939 καὶ
647 885 888 950 ξυνεῖναι
931 886 1023 937 καὶ
1071 883 1333 948 ἐξετάζειν
1388 879 1682 951 ἀμήχανον
1738 875 1810 931 ἂν

111 970 193 1037 εἴη
237 969 591 1039 εὐδαιμονίας
646 967 886 1031 πάντως.
946 965 1012 1021 οὐ
1069 965 1251 1032 δήπου
1295 963 1500 1020 τούτου
1550 986 1609 1032 γε
1654 967 1809 1016 ἕνεκα

112 1061 166 1110 οὶ
222 1052 806 1122 ὲκεῖῄάποκτείνουσι·
879 1049 949 1104 τά
1007 1071 1064 1105 τε
1122 1047 1230 1121 γὰρ
1286 1046 1430 1103 ἄλλα
1489 1045 1811 1117 εὐδαιμονέ-

111 1259 205 1288 snm
246 1245 551 1287 venustissime
590 1244 733 1284 addita
777 1243 976 1283 videatur
1016 1241 1250 1294 particula,
1301 1239 1573 1282 subindicans
1613 1239 1815 1292 singulari

113 1317 214 1346 casu
245 1304 353 1353 fieri,
383 1309 429 1343 ut
458 1303 554 1356 quis
588 1314 686 1343 vere
721 1301 893 1353 sapiens
928 1300 1176 1341 inveniatur.
1238 1298 1412 1351 Quippe
1444 1301 1505 1339 τίς
1531 1295 1583 1338 ἂν
1607 1298 1816 1338 Herman-

111 1375 192 1404 nus
223 1362 532 1414 interpretatur
560 1361 649 1412 qui
684 1359 734 1400 fo
750 1364 855 1406 rte
889 1372 990 1399 wer
1024 1363 1168 1398 etwa.
1199 1355 1407 1397 Fortasse
1439 1362 1582 1398 tamen
1613 1351 1675 1410 30¹
1710 1354 1816 1395 scri-

112 1418 313 1461 bendum.

223 1477 273 1517 C.
322 1471 598 1529 ἀμήχανον
635 1470 694 1515 ἂν
734 1474 842 1526 εἴη]
905 1473 979 1513 Sic
1008 1470 1135 1511 Bodi.
1168 1470 1250 1511 Coi
1255 1472 1302 1511 si.
1335 1471 1441 1512 Ven.
1475 1470 1523 1514 Ξ.
1554 1484 1593 1511 a.
1628 1470 1669 1510 b.
1699 1469 1816 1519 vat„

111 1548 188 1576 sex
219 1535 453 1585 Vindobb„
491 1533 604 1576 Flor.
636 1547 673 1573 a.
700 1531 739 1573 b.
770 1545 811 1584 g.
844 1532 947 1572 Zitt
994 1530 1094 1570 Par.
1132 1528 1517 1582 BCDEHSTg.
1553 1528 1661 1567 vnio
1635 1540 1689 1580 go
1724 1533 1817 1567 erat

112 1588 345 1664 ἀμηχάνου.
397 1592 503 1632 Dein
535 1589 800 1631 Turicenses
832 1602 926 1631 eum
959 1588 1149 1640 quinque
1189 1586 1318 1628 codd.
1353 1600 1454 1629 mss.
1489 1589 1812 1639 interpungunt:

111 1646 402 1700 ευδαιμονιᾞας
435 1646 604 1689 πάντως
643 1644 697 1689 οὐ
731 1644 874 1700 δήπου
915 1647 995 1686 κτλ.
1028 1645 1093 1686 cui
1127 1645 1284 1685 rationi
1315 1646 1554 1686 reluctatur
1585 1643 1815 1684 collocatio

114 1709 362 1750 vocularum
397 1721 451 1747 ου
483 1704 626 1759 δήπου
650 1730 705 1736 -
741 1719 800 1759 γε.

115 1852 228 1892 bium
260 1850 300 1894 1.
321 1850 360 1890 d.
394 1849 605 1890 scribatur
625 1848 692 1888 καὶ
723 1843 918 1902 ἅντιπαρ.

114 1910 180 1949 ve!
227 1909 312 1949 aiio
353 1907 482 1947 modo
525 1908 775 1956 corrigatur.
839 1906 919 1947 Ve-

116 1979 206 2007 rum
275 1965 383 2005 vidit
451 1965 531 2004 iam
600 1964 920 2007 Fischerus.

117 2024 210 2066 Nisi
241 2023 352 2064 forte
384 2035 481 2062 cum
516 2021 853 2062 A.Matthiae
884 2022 922 2074 ξ.

114 2082 214 2127 636.
254 2086 409 2134 putare
447 2079 567 2120 malis
599 2079 811 2131 apodosin
851 2093 926 2131 per

117 2138 413 2192 negligentiam
463 2137 674 2188 quandam
726 2139 923 2177 iteratam

119 2210 230 2240 esse.
293 2194 398 2236 Nam
436 2200 635 2262 poterant
663 2208 765 2234 sane
785 2195 925 2234 omitti

118 2254 274 2295 verba:
305 2248 366 2292 ως
386 2248 468 2304 ἐγώ
496 2264 623 2300 οιμαι,
653 2248 733 2292 οὐκ
764 2266 817 2291 αν
849 2248 924 2304 ἀη-

120 2311 190 2354 δὲς
222 2311 300 2363 εἴη.

165 2369 250 2410 καὶ
272 2363 332 2420 δὴ
352 2366 408 2406 τὸ
430 2363 921 2420 μέγιστον,τού5·--]

119 2429 190 2469 De
227 2427 314 2466 hoc
355 2423 552 2475 loquendi
595 2434 673 2463 usu
712 2437 751 2467 v.
795 2424 923 2464 Mat-

121 2485 276 2527 thiae
310 2482 389 2521 Gr.
423 2481 460 2532 ξ.
484 2480 583 2524 432.

180 2540 270 2582 τὸν
309 2537 392 2580 ἐπὶ
437 2537 644 2591 Τροίαν
692 2533 923 2591 ἀγαγόν-

124 2601 211 2652 τα]
244 2599 381 2640 intell.
415 2598 810 2649 Agamemnon,

181 2659 229 2700 C.
298 2651 322 2708 ἢ
354 2653 554 2695 ἄλλους
591 2657 819 2707 μυριους
864 2667 928 2693 αν

126 2725 202 2755 τις
245 2711 421 2766 εἴποι]
483 2711 659 2753 Frustra
698 2711 927 2764 Stepha-

125 2785 223 2814 nus
265 2771 393 2811 scribi
434 2770 554 2810 iubet
597 2769 621 2823 ἢ
667 2766 822 2810 ἄλλους
851 2783 927 2821 μυ-

127 2833 273 2884 ρίους,
314 2825 394 2868 οὓς
424 2823 477 2867 ἄν
511 2838 571 2867 τις·
600 2828 737 2875 εἴποι,
778 2829 929 2868 imme·

125 2887 361 2930 mormius
410 2886 796 2936 breviloquentiae,
845 2898 929 2938 qua

127 2947 270 2999 plures
309 2943 546 2984 sententiae
589 2943 627 2982 in
669 2951 928 2984 unum‘ora-

129 3004 260 3043 tionis
309 2999 551 3042 membrum
601 3000 927 3042 concluduntur.

132 3061 336 3111 Exempla
384 3057 502 3097 huius
551 3057 719 3108 generis
759 3057 931 3109 collegit

130 3116 412 3160 Heusdius
443 3113 627 3167 specim
661 3115 751 3155 crit.
817 3115 929 3158 .13

131 3175 268 3228 Gorg
303 3188 342 3227 p.
373 3172 473 3216 403.
503 3171 562 3212 D.
604 3168 692 3210 ἐπεὶ
731 3174 839 3227 ποίῳ
873 3170 932 3212 δι-

134 3236 239 3287 καίῳ
279 3227 494 3298 χρωμενοε
541 3227 703 3282 Ξέρξης
753 3229 822 3270 ἐπὶ
861 3227 936 3283 τὴν

130 3275 304 3332 Ἑλλάδα
335 3284 633 3357 ἐστράτευςσεν
677 3284 701 3339 ἢ
735 3284 759 3328 ὁ
801 3285 935 3341 πατὴρ

134 3343 272 3392 αυτοῦ
300 3345 367 3391 ἐπὶ
399 3342 501 3386 τους
533 3340 736 3395 Σκύθαςς
775 3344 806 3398 ἦ·
837 3345 938 3388 ἄλλα

1005 1847 1155 1899 μυρία
1166 1844 1219 1887 ἄν
1251 1857 1312 1887 τις
1342 1846 1430 1898 ἔχοι
1461 1844 1636 1885 τοιαῦτα
1667 1842 1814 1895 λέγειν.

1009 1904 1169 1946 phaed.
1202 1919 1243 1958 p.
1274 1903 1344 1948 94.
1382 1905 1428 1944 Β.
1461 1902 1566 1956 λέγω
1592 1899 1637 1941 δὲ
1659 1897 1705 1941 τὸ
1731 1914 1815 1939 τοι·

1009 1960 1121 2011 ωδε
1154 1958 1214 2003 ὥς
1243 1962 1284 2002 εί
1310 1961 1527 2012 καύματος
1551 1956 1728 2000 e’vo'vtos
1749 1958 1817 1997 και

1010 2019 1167 2071 δίψους
1197 2020 1263 2060 ἐπὶ
1297 2035 1456 2061 τουνατ
1445 2022 1553 2059 τίον
1575 2018 1722 2070 ἕλκειν,
1749 2014 1817 2055 ἐπὶ

1012 2076 1057 2118 τὸ
1090 2076 1146 2131 μὴ
1187 2081 1343 2119 πινειν·
1390 2078 1457 2118 καὶ
1504 2077 1650 2128 πείνης
1690 2072 1815 2114 ενού-

1014 2148 1092 2189 σηε·
1126 2134 1193 2175 ἐπὶ
1226 2133 1271 2176 τό
1304 2150 1359 2205 mg
1394 2134 1581 2175 ἐσθίειν·
1619 2132 1685 2172 καὶ
1719 2128 1819 2171 ἄλλα

1013 2195 1142 2246 μυρία
1192 2207 1279 2232 που
1335 2207 1501 2244 ορωμεν
1551 2186 1818 2239 ἐναντιουμέ-

1013 2266 1092 2304 νην
1123 2248 1198 2303 τὴι
1216 2247 1356 2303 ψυχὴν
1378 2256 1466 2291 τοῖς
1486 2247 1588 2290 κατὰ
1610 2245 1655 2288 τὸ
1687 2248 1819 2296 σῶμα.

1013 2309 1204 2361 Sophist.
1246 2324 1286 2362 p.
1325 2309 1423 2352 226.
1462 2309 1514 2350 Β.
1556 2307 1677 2357 14630*
1681 2304 1819 2348 ..ΧΙΙ

1012 2381 1053 2420 Ρ.
1084 2366 1182 2437 944.
1210 2369 1259 2407 Α,
1280 2365 1564 2408 Demosth.
1592 2363 1694 2406 Mid.
1721 2375 1758 2403 c.
1778 2363 1817 2406 7

1070 2421 1346 2481 ἅμηχανον
1397 2420 1459 2464 ἂν
1507 2424 1592 2475 ειή
1642 2415 1817 2461 εὐδαι-

1010 2478 1231 2535 μονιάἑ]
1283 2481 1488 2523 Similiter
1514 2480 1748 2520 Theaetet.
1775 2491 1817 2531 p

1011 2540 1108 2585 175.
1156 2542 1203 2582 Α.
1242 2554 1380 2579 arona
1411 2534 1527 2594 αυτῷ
1565 2537 1819 2587 καταφαίνε-

1014 2613 1078 2640 ται
1095 2609 1169 2651 της
1195 2599 1481 2652 μικρολογιᾞαε
1514 2596 1632 2649 quod
1660 2595 1819 2635 Hein-

1014 2657 1227 2698 dort'ius
1259 2662 1481 2709 comparat
1511 2667 1605 2695 cum
1643 2658 1816 2695 nostro:

1015 2721 1183 2756 etwas
1272 2712 1628 2767 ngeheures
1716 2722 1816 2751 von

1014 2771 1346 2813 Dummheit.
1396 2771 1529 2822 Legg.
1559 2772 1614 2811 X.
1645 2781 1687 2821 p.
1715 2767 1815 2812 904.

1016 2827 1167 2883 ἄπειρα
1202 2829 1276 2882 τῆς
1305 2826 1630 2880 μετατιθεμένης
1659 2823 1816 2879 κοσμή-

1019 2898 1139 2929 σεως.
1170 2887 1235 2931 Cf.
1258 2885 1508 2928 Erfurdt.
1543 2885 1596 2926 ad
1616 2883 1818 2938 Sophoci.

1021 2945 1218 2999 Antigon.
1271 2958 1310 2986 ν.
1361 2942 1488 2987 1194.
1539 2943 1725 2984 Astius
1766 2941 1818 2983 ad

1021 3002 1225 3051 Pontiam
1268 3017 1304 3056 p.
1352 3002 1449 3045 327.
1490 3002 1528 3041 in
1573 2999 1634 3040 his
1666 3000 1817 3052 geniti-

1019 3073 1115 3101 vum
1150 3063 1272 3114 putat
1294 3060 1490 3101 absolute
1507 3058 1690 3112 positum
1724 3071 1820 3098 esse

1021 3117 1073 3159 ad
1116 3118 1383 3158 indicandam
1417 3118 1651 3166 rationem,
1692 3128 1818 3168 quam

1021 3188 1173 3216 nomen
1228 3174 1538 3215 substantivum
1596 3174 1820 3224 significet.

1022 3234 1169 3285 ltaque
1200 3232 1311 3274 hunc
1343 3234 1477 3273 locum
1520 3233 1580 3272 sic
1609 3229 1821 3284 interpre-

1022 3294 1158 3331 tatur:
1187 3290 1506 3332 immensum
1540 3287 1641 3330 hoc
1672 3293 1820 3331 esset

1023 3349 1279 3399 respectu
1312 3346 1625 3389 felicitatis,
