2158 3718
640 160 939 217 CRITO.
984 163 1046 217 P.
1088 164 1171 216 51.
1199 159 1293 241 St.
1718 163 1820 214 237

246 306 388 385 Cap.
433 305 602 365 XIII.
689 309 822 365 ΣΩ.
881 307 1099 364 Σκόπει
1142 314 1360 371 τοίνυν,
1421 298 1460 361 ὦ
1507 303 1825 373 Σώκρατες,

120 403 290 467 φαῖεν·
330 390 404 448 ἂν
450 393 580 458 ἰ’σως
625 397 676 447 οἱ
721 392 914 463 νόμοι,
973 398 1018 447 εὶ
1061 390 1212 461 ἡμεῖς
1255 394 1434 446 ταῦτα
1481 389 1682 457 ἀληθῆ
1727 393 1822 443 λέ-

118 497 304 547 γομεν,
352 474 447 532 ὅτι
487 476 553 532 οὐ
600 481 785 532 δίκαια
829 475 976 547 ἡμᾶς
1018 482 1296 549 ἐπιχειρεῖς
1341 478 1481 548 δρᾶν
1513 473 1548 529 ἃ
1576 477 1678 529 νῦν
1707 480 1823 528 ἐπι·

113 572 325 632 χειρεῖς.
368 559 521 632 ἡμεῖς
564 559 671 631 2029
718 581 775 616 σε
818 561 1196 631 γεννήσαντες,
1246 564 1644 660 ἐκθρέψαντες,
1693 578 1822 612 παι-

120 643 428 710 δεύσαντες,
471 645 806 716 μεταδόντες
849 666 1119 701 απαντων
1164 638 1242 700 ὧν
1287 643 1399 700 οἷοί
1441 643 1490 697 τ’
1543 635 1678 715 ἦμεν
1721 664 1819 695 κα-

117 731 238 783 λῶν
268 731 357 785 σοὶ
399 733 490 784 καὶ
534 739 654 794 τοῖς
697 727 889 794 ἄλλοις
933 732 1068 783 πᾶσι
1114 732 1392 793 πολίταις,
1451 726 1597 799 ὅμως
1641 748 1818 796 προα·

116 810 417 884 γορεύομεν
482 817 559 884 τῷ
628 816 881 881 ἐξουσίαν
941 821 1292 880 πεποιηκέναι
1348 812 1673 880 Ἀθηναίων
1743 812 1820 879 τῷ

116 899 462 969 βουλομενῳ,
539 898 762 954 ἐπειδαν
818 900 1144 973 δοκιμασθῇ
1205 901 1295 960 καὶ
1354 897 1440 973 ἴδῃ
1494 919 1563 951 τα
1618 903 1678 951 ἐν
1752 895 1818 971 τῇ

117 979 275 1037 πόλει
330 980 637 1082 πράγματα
695 1006 786 1038 και
838 979 984 1051 ἡμᾶς
1038 980 1173 1045 τοὺς
1226 980 1459 1052 νόμους,
1514 972 1556 1050 ᾧ
1615 977 1689 1034 ἂν
1742 976 1818 1048 μὴ

118 1063 428 1136 ἀρέσκωμεν
474 1065 653 1134 ἡμεῖς,
711 1067 904 1133 ἐξεῖναι
954 1064 1206 1134 λαβόντα
1250 1064 1319 1119 τα
1367 1064 1543 1120 αὐτοῦ
1588 1063 1817 1119 απιὲναι

117 1147 250 1205 ὅποι
295 1146 367 1204 ἂν
406 1150 698 1221 βούληται.
755 1153 848 1204 καὶ
907 1148 1085 1214 οὐδεὶς
1141 1147 1295 1221 ἡμῶν
1342 1151 1450 1205 τῶν
1493 1146 1678 1220 νόμων
1722 1154 1813 1219 ἑμ-

205 1313 341 1367 ¹Cap.
380 1312 499 1356 Xlll.
567 1310 595 1354 δι’
643 1318 738 1354 νῦν
775 1313 1111 1369 ἐπιχειρεῖς]
1148 1317 1224 1355 νῦν
1261 1314 1362 1355 olim
1401 1315 1643 1367 neglectum
1689 1310 1816 1356 codd.

119 1372 246 1426 longe
278 1371 448 1425 plurimi
480 1384 637 1426 magna
671 1372 960 1414 consensione
991 1378 1187 1415 tuentur:
1220 1370 1348 1413 habet
1375 1372 1504 1412 etiam
1540 1372 1640 1414 Bas.
1671 1373 1710 1415 2⁴

235 1430 286 1470 D.
345 1427 436 1469 σοὶ
477 1430 566 1469 καὶ
605 1435 726 1479 τοῖς
769 1429 908 1484 silk]
953 1428 1082 1473 Editt.
1126 1431 1201 1469 ool
1222 1446 1267 1470 τε
1294 1446 1327 1472 κ.
1361 1445 1400 1473 τ.
1433 1427 1524 1472 ἄλλ.
1586 1430 1743 1470 Abieci
1773 1442 1820 1468 ‘n

120 1499 220 1528 cum
251 1486 379 1528 Bodi.
410 1487 511 1531 Vat.
550 1486 655 1530 Ven.
677 1488 717 1529 b.
749 1487 865 1529 Tub.
901 1486 1022 1528 Vind.
1053 1488 1093 1530 1.
1123 1487 1165 1531 3.
1196 1487 1237 1532 4.
1270 1488 1310 1531 6.
1341 1487 1381 1532 7.
1411 1486 1818 1530 Ftor.d.h.}1uet.

119 1545 221 1586 Par.
254 1545 351 1589 DS.

234 1599 455 1643 ἐπειδὰν
505 1601 864 1659 δοκιμασθῇ]
911 1602 969 1646 V.
1010 1600 1252 1659 δοκιμάσῃ,
1301 1600 1416 1655 quod
1455 1603 1576 1643 soius
1623 1602 1729 1643 Ven.
1771 1602 1817 1644 Ξ.

117 1657 277 1702 habere
313 1659 496 1702 videtur.

235 1715 373 1757 onoc
413 1715 473 1756 ἂν
509 1717 582 1773 th]
628 1716 677 1760 V.
709 1732 809 1774 οπῃ.
873 1718 1031 1759 Verum
1063 1730 1158 1760 cum
1189 1717 1316 1761 Bodi.
1344 1718 1447 1761 Vat.
1477 1713 1590 1755 Tub·
1623 1714 1820 1768 plerique

118 1786 272 1822 omnes
301 1779 531 1819 testantur.

232 1830 421 1878 οὐδεὶς
453 1831 595 1886 ἡμῶν
625 1835 728 1872 τῶν
757 1829 965 1888 νόμων]
1004 1836 1086 1873 τῶν
1115 1828 1260 1886 νόμων
1291 1831 1475 1885 exlege
1506 1842 1583 1870 sua
1614 1827 1680 1870 hic
1709 1841 1817 1882 quo·

118 1900 203 1943 que
233 1891 488 1946 proscripsit
519 1888 795 1944 Hirscbig.

117 2040 219 2071 nus
253 2031 365 2074 coni.
394 2027 464 2071 τό.
498 2031 626 2074 Male.
657 2030 784 2083 Nam,
807 2031 924 2084 quod

118 2091 240 2129 recte
298 2088 549 2130 observavit
608 2089 834 2130 Fischer
850 2103 924 2140 us,

119 2145 297 2186 verbum
329 2144 685 2199 προαγορεύομεν
723 2145 925 2188 cohaeret

120 2213 216 2243 cum
249 2202 456 2244 infinitivo
487 2203 660 2251 ἐξεῖναι,
703 2207 747 2245 et
784 2205 925 2245 verbis

118 2262 179 2314 τῷ
215 2259 413 2304 ἐξουσίαν
458 2263 736 2314 πεποιηκέναι
778 2260 923 2302 decia-

118 2321 262 2366 ratur,
293 2328 379 2370 quo
412 2316 546 2359 modo
579 2320 698 2372 leges
729 2318 851 2372 quasi
882 2319 924 2360 in

118 2379 395 2416 antecessum
419 2374 651 2416 ostendant
671 2376 804 2418 licere
833 2375 924 2417 cui·

116 2432 183 2474 vis
215 2431 295 2474 civi
327 2432 370 2473 in
411 2433 537 2474 aliam
569 2437 729 2474 terram
763 2433 921 2485 migra-

117 2501 188 2530 ret
226 2488 430 2531 videlicet
470 2503 549 2538 eo,
603 2490 719 2543 quod
767 2491 922 2543 cuique

119 2546 242 2586 buius
274 2547 334 2588 rei
367 2552 564 2600 potestas
597 2560 805 2590 concessa
839 2553 919 2589 est.

118 2602 250 2644 Patet
279 2616 383 2646 vero
415 2617 468 2647 ex
498 2603 574 2645 bac
596 2605 920 2659 interpretatio-

117 2672 196 2708 ne,
236 2673 312 2702 cur
350 2661 588 2716 perfectum
623 2665 815 2716 positum
850 2663 920 2715 sit,

120 2722 164 2758 et
208 2730 284 2758 cur
332 2719 499 2761 dicatur
546 2718 921 2775 προαγορεύομεν,

119 2774 234 2828 quod
291 2775 465 2818 fuerunt
511 2779 581 2829 qui
633 2778 920 2830 edicimus,

118 2832 172 2874 iu
183 2833 211 2873 b
224 2842 248 2872 e
260 2845 301 2874 m
311 2846 336 2874 u
349 2845 396 2886 s,
427 2835 830 2887 interpretarentur.

177 2891 399 2931 ἐπειδὰν
457 2893 777 2949 δοκιμασθῃ
836 2891 923 2932 καὶ

118 2945 230 3000 ἴδῃ]
281 2948 356 2988 Sic
396 2948 492 2989 libri
533 2950 725 2991 Platonis
767 2963 918 2996 manu-

119 3003 269 3057 scripti
331 3011 502 3058 praeter
566 3019 691 3048 unnin
755 3022 920 3049 omnes.

119 3059 209 3101 Nec
241 3061 392 3112 video,
424 3075 499 3103 cur
531 3061 634 3104 haec
665 3067 794 3106 lectio
826 3079 921 3107 mu-

120 3118 246 3159 tanda
269 3120 322 3159 sit
356 3121 395 3160 in
420 3119 649 3175 δοκιμάσῃ,
681 3122 794 3174 quod
828 3125 919 3176 pla-

120 3175 207 3216 cuit
272 3176 513 3219 editoribus
562 3177 652 3221 sere
703 3181 919 3221 omnibus.

121 3233 289 3274 Sensus
337 3236 445 3277 enim
498 3234 564 3275 bic
614 3241 706 3279 est
771 3244 922 3290 post-

122 3303 278 3342 quam
313 3293 405 3333 sui
438 3293 577 3333 iuris
619 3292 807 3334 factus
837 3300 923 3336 est

124 3351 181 3389 et
210 3361 297 3391 res
338 3351 595 3403 publicas
635 3353 921 3404 cognovit,

122 3403 162 3446 h.
194 3419 231 3446 e.
264 3420 313 3449 ea
346 3413 506 3459 aetate,
536 3420 619 3460 qua
649 3408 703 3450 de
721 3410 922 3452 rebusad

1010 2032 1329 2085 rempublicam
1363 2028 1672 2084 pertinentibus
1702 2029 1813 2070 iudi-

1011 2102 1110 2131 care
1144 2090 1330 2130 maxime
1351 2093 1519 2142 potest:
1552 2087 1665 2140 quod
1684 2101 1813 2128 nemo

1010 2160 1094 2187 non
1127 2148 1258 2187 sentit
1288 2159 1445 2199 magna
1488 2146 1570 2187 dici
1601 2146 1685 2186 hoc
1717 2148 1814 2186 ioco

1009 2216 1105 2244 cum
1138 2205 1367 2256 gravitate.
1402 2203 1589 2244 Prorsus
1611 2202 1691 2244 huc
1715 2215 1813 2256 per-

1009 2262 1120 2302 tinet
1158 2262 1418 2304 Aeschin.
1460 2260 1558 2301 adv.
1593 2260 1810 2303 Timar-cb.

1009 2332 1051 2371 p.
1082 2318 1150 2362 26.
1192 2318 1263 2361 ed.
1302 2318 1504 2360 Bremi:
1546 2317 1723 2359 ἐπειδᾶν
1765 2318 1812 2358 δὲ

1007 2378 1199 2430 ἐγγραφῇ
1238 2391 1306 2422 τις
1345 2375 1403 2421 εἰς
1446 2374 1496 2416 τὸ
1540 2373 1811 2427 ληξιαρχικὸν

1007 2439 1334 2488 γραμματεῖον,
1383 2431 1453 2472 καὶ
1501 2432 1606 2480 τούς
1647 2431 1811 2486 νόμους

1006 2491 1100 2543 εἰδῇ
1140 2489 1246 2537 τοὺς
1285 2495 1363 2542 τῆς
1394 2489 1579 2543 πόλεως,
1625 2490 1696 2530 καὶ
1727 2489 1809 2541 ἤδη

1007 2545 1191 2601 δύνηται
1239 2548 1560 2602 διαλογίζεσθαι
1607 2545 1659 2590 τὰ
1702 2546 1807 2587 καλὰ

1007 2606 1079 2645 καὶ
1111 2605 1163 2647 τὰ
1197 2605 1276 2660 μή,
1308 2605 1388 2645 οὐκ
1422 2606 1487 2646 ἔτι
1512 2605 1638 2656 ἑτέρω
1670 2605 1810 2645 διαλέ-

1006 2679 1130 2718 γεται
1169 2662 1212 2713 (o‘
1252 2662 1540 2716 νομοθέτης).
1600 2663 1810 2715 Cogitan-

1007 2721 1106 2762 dum
1141 2727 1210 2762 est
1239 2726 1383 2762 autem
1404 2720 1459 2762 de
1490 2721 1720 2775 δοκιμασίᾳ
1750 2721 1810 2765 εἰς

1005 2778 1180 2832 ἄνδρας.
1243 2779 1410 2820 Etenim
1434 2779 1507 2831 qui
1528 2779 1618 2820 iura
1651 2778 1809 2819 civium

1006 2835 1327 2878 Atheniensium
1377 2837 1501 2889 piena
1548 2842 1593 2878 et
1642 2837 1810 2889 integra

1008 2893 1165 2935 babere
1208 2900 1335 2945 atque
1381 2894 1575 2948 publicos
1623 2893 1809 2935 honores

1006 2951 1183 3004 adipisci
1217 2953 1400 3003 vellent,
1444 2950 1592 2992 borum
1638 2951 1807 2992 nomina

1006 3009 1300 3050 reserebantur
1316 3009 1354 3049 in
1367 3007 1648 3062 ληξιαρχικόν.
1680 3007 1809 3057 Quod

1006 3066 1249 3118 priusquam
1283 3067 1420 3116 tieret,
1456 3066 1671 3107 debebant
1701 3066 1809 3107 ado-

1007 3124 1220 3165 lescentes
1273 3137 1454 3165 examen
1502 3125 1669 3175 subire,
1721 3137 1807 3176 quo

1007 3181 1341 3234 explorabatur,
1382 3195 1468 3234 quo
1509 3182 1690 3233 quisque
1726 3195 1804 3231 ge-

1007 3250 1108 3279 nere
1143 3245 1265 3280 natus
1299 3245 1441 3290 esset,
1482 3244 1623 3279 utrum
1669 3239 1804 3291 legiti-

1008 3307 1076 3336 me
1120 3297 1359 3349 adoptatus
1399 3309 1556 3347 necne,
1608 3302 1651 3336 et
1694 3308 1805 3347 quae

1007 3353 1088 3394 alia
1133 3353 1370 3396 huiusmodi
1430 3354 1568 3395 suere.
1620 3368 1657 3393 v.
1710 3354 1803 3392 De-

1008 3411 1272 3453 mosthen.
1328 3412 1368 3453 in
1418 3411 1613 3454 Midiam.
1652 3424 1688 3451 c.
1731 3409 1802 3452 43.
