2158 3718
381 165 452 215 5⁰

987 156 1413 210 PLATONIS

393 310 666 384 οὐρανίαν
705 302 1154 376 ἐπονομάζομεν·
1201 300 1236 370 ἡ
1283 304 1339 358 δὲ
1389 304 1627 373 νεωτέρα
1661 295 1791 362 Διὸς
1830 299 1923 353 καὶ
1949 295 2089 354 Διώ-

305 409 349 459 Ε
398 418 522 465 νης,
568 393 638 463 ἣν
680 391 746 459 δὴ
793 388 1086 460 πάνδημον
1129 390 1427 457 καλοῦμεν·
1494 384 1806 453 ἀναγκαῖον
1870 378 1933 449 δὴ
1993 383 2087 437 καὶ

381 483 600 554 ’Ἑρωτα
644 474 744 532 τὸν
784 478 886 547 μὲν
927 476 993 549 τῇ
1041 476 1200 542 ἑτέρᾳ
1243 468 1505 543 συνεργὸν
1550 468 1846 536 πάνδημον
1890 465 2087 539 ὀρθῶς

401 566 731 626 καλεῖσθαι,
785 556 888 614 τὸν
946 561 1002 612 δὲ
1058 554 1346 625 οὐράνιον.
1400 561 1642 610 ἐπαινεῖν
1697 553 1799 624 μὲν
1864 542 1965 607 οὖν
2009 554 2091 606 δεῖ

403 647 623 711 πάντας
667 640 859 708 θεούς.
905 638 942 697 ἃ
989 639 1040 696 δ’
1097 631 1200 695 οὖν
1259 635 1514 712 ἑκάτερος
1568 637 1745 708 εἴληχε
1793 642 2088 708 πειρατέον

405 741 609 790 εἰπεῖν.
659 730 814 784 πᾶσα
872 722 980 798 γὰρ
1039 723 1238 795 πρᾶξις
1279 716 1373 778 ὧδ’
1439 725 1576 794 ἔχει·
1639 717 1786 788 αὐτὴ
1831 717 1918 797 ἐφ’
1964 723 2092 786 ἑαν-

264 830 364 879 181
404 820 503 885 τῆς
543 817 894 887 πραττομένη
958 805 1083 866 οὔτε
1127 805 1267 876 καλὴ
1314 802 1438 863 οὔτε
1481 804 1697 877 αἰσχρά.
1745 800 1867 861 οἷον
1913 801 1942 860 ὃ
1989 806 2094 860 νῦν

402 900 558 972 ἡμεῖς
590 899 873 969 ποιοῦμεν,
915 889 950 962 ἢ
993 897 1170 950 πίνειν
1211 889 1246 961 ἢ
1292 888 1446 964 ᾄδειν
1491 887 1524 958 ἢ
1573 891 1946 958 διαλέγεσθαι,
1995 885 2095 945 οὐκ

406 993 520 1041 ἔστι
565 981 782 1039 τούτων
826 975 966 1035 αὐτὸ
1023 974 1168 1034 καθ’
1218 974 1359 1032 αὑτὸ
1405 970 1578 1030 καλὸν
1623 970 1819 1037 οὐδέν,
1861 969 1984 1026 ἀλλ’
2037 977 2096 1027 ἐν

407 1072 473 1147 τῇ
515 1065 733 1140 πράξει,
793 1061 865 1129 ὡς
919 1058 992 1119 ἂν
1037 1064 1306 1140 πραχθῇ,
1366 1061 1596 1115 τοιοῦτο
1654 1054 1863 1129 ἀπέβη·
1919 1057 2099 1119 καλῶς

408 1157 510 1227 μὲν
553 1147 660 1227 γάρ
705 1145 1090 1224 πραττόμενον
1133 1149 1226 1202 καὶ
1268 1144 1463 1219 ὀρθῶς
1503 1136 1677 1199 καλὸν
1717 1145 1976 1212 γίγνεται,
2018 1136 2095 1213 μὴ

525 1373 579 1415 Ε.
639 1372 891 1414 ἐπαινεῖν
930 1371 1027 1425 μὲν
1068 1361 1375 1417 οὖνβεῖ-
1405 1363 1706 1418 πειρατέον
1744 1361 1948 1416 εἰπεῖν]
2009 1360 2098 1403 Ba-

411 1433 520 1475 stius
560 1431 670 1472 coni.
715 1431 901 1469 ἐπαινεῖν
940 1429 1015 1483 μὲν
1057 1420 1137 1467 οὖν
1183 1424 1232 1466 ου’
1279 1424 1343 1465 δεῖ
1382 1421 1545 1469 πάντας
1588 1418 1750 1480 θεούς·
1790 1417 1819 1459 δι’
1849 1417 1892 1460 δ’
1927 1411 2006 1461 οὖν
2039 1420 2096 1459 ἐκ.

412 1489 601 1532 Oreliius
633 1487 688 1529 ad
722 1489 853 1530 Isocr.
882 1499 922 1540 p.
955 1482 1053 1528 326.
1074 1485 1103 1526 l.
1129 1497 1165 1525 c.
1198 1482 1330 1524 verba
1358 1483 1547 1522 ἐπαινεῖν
1573 1480 1650 1532 μὲν
1680 1481 1762 1518 οῦν
1791 1477 1859 1521 δεῖ
1884 1491 1928 1520 π.
1963 1473 2101 1522 θεοὺς

413 1561 467 1591 ex
495 1548 758 1601 glossemate
787 1550 882 1585 orta
911 1546 1046 1596 putat.

528 1605 580 1646 P.
614 1603 707 1647 181.
768 1599 844 1655 ἐφ’
881 1600 1080 1651 ἑαυτῆς
1111 1593 1479 1652 πραττομένη]
1511 1592 1792 1646 Ρῆτῐίοἰρὶιιπι
1823 1593 2097 1646 πραττομένη

414 1676 500 1704 om.
534 1663 721 1704 Procms
755 1660 925 1700 Comm.
955 1655 1010 1697 ad
1043 1656 1173 1697 Aicib.
1211 1655 1242 1697 I.
1273 1655 1324 1696 Ρ.
1358 1654 1376 1694 l
1415 1667 1456 1706 p.
1481 1651 1580 1696 215.
1611 1650 1782 1702 Creuz.‚
1813 1661 1892 1690 nec
1922 1661 2100 1703 expres-

412 1726 562 1761 serunt
604 1715 866 1761 GeniusN.
906 1717 958 1758 A.
1001 1713 1139 1756 XVII·
1179 1711 1250 1756 20.
1294 1717 1338 1754 et
1377 1710 1566 1752 Ficinus.
1630 1706 1871 1750 Delendum
1930 1705 2102 1748 censuit

413 1777 584 1828 Astius3
617 1776 776 1817 iniuria.

530 1831 669 1874 αὐτὸ
701 1829 825 1873 καθ’
862 1827 998 1871 αὐτὸ
1033 1825 1202 1869 καλὸν
1234 1825 1408 1876 οὔδέν]
1441 1821 1553 1866 καθ’
1588 1820 1698 1865 αὖτό
1735 1834 1822 1864 om.
1853 1819 2102 1862 Bodl.Vat.

414 1890 469 1935 A.
500 1891 607 1934 Ven.
640 1891 687 1932 Ξ.
723 1888 848 1931 Vind.
879 1887 921 1932 2.
951 1887 1050 1930 Par.
1091 1886 1191 1928 ΒΚ.
1224 1886 1332 1938 Aug.
1365 1896 1413 1924 w.
1447 1883 1545 1924 Vat.
1578 1881 1619 1924 d.
1653 1895 1692 1935 p.
1727 1893 1760 1921 r.
1793 1883 1838 1920 et
1866 1890 1930 1932 pr.
1958 1877 2106 1920 Ambr.

416 1950 523 1993 Ven.
551 1954 583 1991 t.
642 1947 772 1991 Nolui
813 1957 1091 2000 expungere,
1131 1956 1263 1997 quum
1301 1940 1355 1984 ad
1395 1940 1747 1995 perspicuitatem
1778 1935 1990 1978 orationis
2021 1934 2100 1976 ali-

415 2103 511 2144 pos.
539 2088 654 2131 VIII.
687 2087 756 2132 19.
816 2087 1022 2130 Ceterum
1053 2085 1124 2127 vix
1153 2088 1222 2126 est

415 2147 530 2201 quod
563 2159 758 2189 moneam
799 2150 936 2187 totum
979 2144 1060 2186 hoc
1090 2154 1220 2196 argu-

414 2211 608 2248 mentum
640 2218 666 2246 a
697 2203 914 2245 Pausania
942 2203 1002 2244 ita
1032 2199 1220 2251 tractari,

416 2269 466 2307 ut
496 2263 664 2306 fabuIas
697 2261 752 2303 de
784 2266 944 2302 Amore
979 2264 1023 2301 et
1052 2259 1221 2300 Venere

416 2334 498 2376 pro
538 2319 716 2362 consilio
759 2331 838 2359 suo
885 2317 1116 2360 mutaverit
1158 2316 1221 2358 ei·-

417 2391 502 2433 que
532 2376 938 2420 accommodaverit.

473 2462 558 2507 καὶ
590 2461 813 2517 '‘Epio-ta]
883 2461 982 2502 Duo
1031 2460 1218 2502 Amores

415 2521 530 2577 quod
554 2521 882 2573 distinguuntur,
914 2531 996 2560 non
1018 2517 1219 2559 abhorret

417 2579 499 2622 hoc
529 2579 582 2620 ab
614 2577 816 2631 opinione
841 2577 1015 2628 vulgari.
1043 2588 1083 2619 v.
1117 2574 1217 2616 Lu-

419 2637 552 2678 cian.
588 2637 732 2676 Amor.
761 2632 795 2685 §.
818 2631 887 2676 37.
916 2633 1059 2674 Plut.
1093 2632 1214 2674 Erot.

417 2693 514 2736 Vol.
546 2691 621 2733 lX.
649 2703 690 2744 p.
724 2688 792 2732 62.
827 2689 894 2731 ed.
942 2689 1092 2732 Reisk.
1159 2687 1218 2729 Et

419 2749 626 2790 Socrates
644 2759 814 2799 quoque
831 2745 947 2798 apud
968 2745 1010 2786 X
1024 2757 1123 2786 eno
1137 2743 1215 2797 ph.

419 2806 555 2848 Conv.
603 2803 716 2845 vul.
761 2802 825 2847 10.
878 2814 968 2843 rem
1018 2814 1101 2843 non
1137 2802 1216 2842 im-

414 2863 586 2919 probat.

476 2946 527 2989 E.
588 2946 832 2988 ἐπαινεῖν
867 2948 960 2999 μὲν
990 2936 1091 2984 οὖν
1128 2941 1215 2983 ὁεῖ

417 3003 625 3050 πάντας
655 3024 707 3034 -·
739 3004 944 3054 εὶπεῐν]
1001 3001 1211 3044 Nolumus

416 3075 589 3105 narrare
631 3062 770 3103 varias
809 3061 1022 3103 hominnm
1057 3059 1211 3100 docto-

417 3133 511 3163 rum
563 3118 618 3161 de
666 3117 729 3159 iiis
779 3119 922 3160 verbis
972 3117 1208 3171 opiniones,

417 3191 471 3221 ex
500 3177 652 3231 quibus
684 3188 738 3218 ne
771 3188 855 3217 una
882 3175 1053 3229 quidem
1086 3173 1209 3214 nobis

414 3236 636 3289 probatur.
697 3233 840 3275 Satius
885 3234 967 3274 erit
998 3231 1078 3273 loci
1111 3236 1209 3270 sen—

412 3293 591 3335 tentiam
633 3291 900 3339 declarasse,
954 3303 1063 3342 quae
1104 3287 1208 3328 haec

409 3355 499 3392 est:
543 3342 804 3391 Laudare
845 3359 1032 3395 omnes
1075 3344 1207 3386 'deos

408 3410 711 3462 oportet3
755 3408 1055 3448 verumta
1080 3414 1206 3444 men

1305 2093 1440 2137 quae
1483 2086 1727 2134 uterque
1771 2077 1927 2120 Amor
1971 2088 2101 2130 pro-

1304 2140 1423 2196 pria
1454 2138 1683 2190 habeat,
1724 2135 1776 2178 id
1808 2134 2103 2189 expiitzan-

1305 2198 1333 2239 d
1356 2210 1384 2239 u
1404 2210 1445 2239 m
1497 2210 1559 2240 es
1582 2202 1614 2237 t.
1676 2191 1994 2236 Discernendus
2034 2195 2102 2232 est

1305 2256 1417 2298 enim
1450 2257 1584 2296 Amor
1626 2251 1812 2306 vulgaris
1856 2250 1910 2291 ab
1942 2253 2103 2290 Amore

1305 2313 1510 2363 coelesti,
1553 2315 1602 2352 ut
1640 2323 1695 2352 ne
1734 2307 1910 2350 alterius
1949 2305 2099 2349 laudes
2137 2336 2139 2343 ,

1304 2375 1470 2412 temere.
1500 2370 1539 2410 in
1567 2369 1748 2410 aiterum
1771 2363 2102 2407 transferantur.

1303 2428 1548 2470 Particuias
1607 2423 1649 2467 δ’
1700 2417 1780 2465 οὖν
1830 2423 1888 2464 ita
1941 2421 2103 2474 positas

1302 2485 1468 2526 videbis
1498 2483 1603 2525 infra
1635 2497 1678 2537 p.
1715 2479 1810 2525 193.
1843 2480 1893 2521 C.
1921 2477 2104 2520 Tiieaet.

1302 2556 1344 2596 p.
1379 2542 1472 2587 197.
1508 2541 1556 2583 Β.
1590 2542 1644 2581 ai.
1679 2553 1721 2582 v.
1762 2538 2097 2587 Hartung.

1301 2600 1422 2641 Part.
1451 2599 1504 2640 11.
1539 2612 1580 2651 p.
1616 2595 1682 2639 13.

1359 2654 1492 2706 αὐτὴ
1527 2651 1604 2708 ἐφ’
1637 2652 1830 2703 ἑαυτῆς
1860 2663 2100 2705 πραττο-

1298 2715 1457 2765 μένη]
1507 2709 1790 2763 Participium
1822 2708 2097 2762 πραττομένη

1301 2768 1340 2811 h.
1372 2781 1409 2809 e.
1439 2767 1558 2809 dum
1589 2768 1658 2808 vel
1685 2770 1972 2819 quatenus
2011 2764 2095 2814 fit,

1301 2839 1336 2866 s.
1376 2839 1403 2879 p
1427 2838 1451 2866 e
1469 2837 1489 2865 r
1511 2837 1580 2877 ag
1601 2823 1612 2864 i
1632 2828 1650 2865 t
1670 2837 1696 2864 u
1718 2836 1760 2874 r,
1807 2821 1876 2864 hic
1907 2822 2096 2877 ponitur,

1299 2895 1387 2937 quo
1427 2882 1562 2935 magis
1602 2886 1796 2933 emergat
1835 2880 1899 2920 vis
1939 2878 2097 2921 adver-

1297 2940 1466 2981 biorum
1525 2939 1567 2980 in
1625 2938 1855 2993 proximis:
1927 2935 1982 2984 ὡς
2040 2934 2097 2976 ἂν

1296 2999 1480 3051 πραχθῇ
1510 2995 1645 3042 καλῶς
1683 2999 1759 3050 μὲν
1785 2993 1868 3050 γὰρ
1899 2989 2097 3049 πραττό-

1293 3070 1423 3110 μενον
1463 3053 1536 3094 καὶ
1580 3051 1744 3108 ἆρθῶς.
1807 3052 1910 3093 Hoc
1949 3056 2094 3093 autem

1294 3114 1386 3154 vuit
1430 3111 1600 3155 diceret
1653 3122 1736 3152 non
1777 3109 1912 3164 ipsam
1951 3109 2094 3150 actio-

1294 3183 1391 3211 nem
1426 3172 1469 3211 et
1501 3181 1580 3222 per
1621 3180 1669 3209 se
1711 3171 1949 3221 spectatam
1991 3178 2090 3207 esse

1294 3229 1358 3269 vei
1402 3226 1621 3268 honestam
1665 3226 1731 3265 vei
1768 3229 1965 3278 turpem,
2013 3221 2090 3264 sed

1295 3283 1467 3327 modum
1502 3289 1545 3324 et
1576 3282 1810 3333 rationem,
1853 3293 1936 3334 qua
1967 3278 2091 3331 quid-

1291 3355 1374 3395 que
1406 3342 1504 3392 fiat,
1548 3340 1587 3380 ei
1626 3338 1864 3380 honestatis
1902 3338 1967 3379 vei
1999 3341 2091 3378 tur-

1292 3398 1494 3455 pitudinis
1536 3401 1683 3440 notam
1722 3396 1901 3449 afferre,
1942 3393 2086 3448 itaque
