2158 3718
494 189 1242 263 SYMPos1UM.p.172
1277 195 1354 248 st.
1733 200 1768 250 ει

84 338 207 415 ἅμα
248 344 316 421 τῇ
358 339 571 410 κλήσει,
599 333 676 397 τ,Ω
714 340 1060 415 ·Φαληρεύς,
1100 344 1235 418 ἔφη,
1295 312 1464 406 οὗτος
1501 338 1770 398 Ἀπολλό-

84 429 289 502 δωρος,
361 424 429 501 οὐ
505 432 835 502 περιμένειςς
916 423 1089 499 [(ὀίγώ
1162 421 1386 490 ἐπιστὰς
1438 429 1768 501 περιέμεινα.

83 613 212 663 Bodl.
242 617 374 660 Coisl.
405 616 504 659 Vat.
539 614 596 660 A.
627 616 730 659 Par.
762 616 934 660 DEFK.
965 618 1102 660 Ambr
1146 619 1258 672 Ang
1295 631 1337 660 ιι.
1370 631 1420 660 w.
1453 617 1549 660 Vat.
1581 629 1623 660 ιι.
1651 629 1695 671 p.
1727 630 1764 659 r.

84 691 118 718 s.
159 677 268 720 Ven.
308 680 340 716 t.
381 674 497 716 Flor.
532 687 571 716 a.
611 673 650 715 b.
685 689 721 717 c.
754 675 782 717 i.
820 675 943 718 Vind.
981 676 1017 719 1.
1050 676 1092 718 7.
1149 675 1287 730 igitur
1315 675 1497 718 restitui.
1559 676 1766 732 Φαληρεῦ

84 735 184 777 Par.
217 732 310 776 EF.
339 732 438 774 Vat.
470 745 531 783 s.,
557 731 636 773 sed
666 744 704 774 v.
738 745 838 774 ann·

198 788 257 831 οὐ
311 789 649 845 περιμένεις]
713 789 789 831 Sic
834 787 963 832 codd.
1010 793 1183 843 praeter
1217 802 1346 831 unum
1386 789 1524 831 solum
1563 787 1683 832 Flor.
1722 801 1764 830 ιι.

19 845 22 847 ’
83 861 258 899 omneS,
290 847 351 887 uti
387 846 572 888 videtur.
600 845 807 900 Stephan.
840 845 890 887 οὗ
924 851 1172 902 περιμενεῖς.
1234 846 1365 890 Quod
1402 851 1549 888 nostra
1580 852 1766 888 annota-

83 906 202 947 tione
234 906 424 958 inspecta
455 917 606 956 nemo,
638 905 806 958 opinor,
837 903 1002 958 putabit
1031 905 1331 946 necessarium.
1393 903 1588 947 Reduxit
1617 909 1764 947 tamen

81 963 356 1005 Hermannus
386 963 452 1003 vel
482 961 628 1005 invitis
658 961 902 1003 codicibus.-

83 1102 279 1144 dicuntur
330 1113 428 1143 esse
480 1100 721 1155 depromti,
778 1099 880 1153 quid

84 1159 239 1202 exinde
270 1157 325 1200 de
353 1157 575 1210 utriusque
605 1158 698 1199 libri
728 1169 883 1198 neces-

83 1216 269 1258 situdine
291 1220 334 1256 et
359 1215 657 1257 coniunctione
677 1215 883 1268 colligere

83 1275 232 1326 liceat,
273 1273 315 1314 in
356 1271 620 1322 praefatione
653 1271 708 1313 ad
739 1271 883 1314 Phae·-

84 1331 206 1373 drum
247 1330 586 1383 significavimus.
658 1329 727 1370 Ob
776 1341 882 1370 ocu-

84 1390 150 1431 los
181 1388 309 1430 etiam
338 1385 483 1429 habuit
514 1386 702 1440 scriptor
733 1385 884 1428 Chari-

83 1447 197 1488 demi
239 1444 450 1486 Lucianei
491 1443 549 1486 T.
589 1444 662 1487 111.
704 1457 745 1498 p.
780 1442 878 1488 618.

83 1502 150 1545 ed.
183 1502 330 1545 Reitz.

139 1584 305 1628 ἆνιών
363 1585 724 1643 Φαληρόθεν]
814 1589 882 1630 De

82 1644 288 1695 Phalero,
323 1643 438 1696 quod
470 1644 548 1685 suit
577 1647 727 1687 navale
747 1645 880 1687 Athe-

81 1702 316 1750 niensium,
343 1701 407 1743 .ab
453 1701 547 1755 ipsa
576 1703 683 1745 urbe
712 1703 882 1745 circiter

81 1758 228 1812 viginti
258 1757 398 1799 stadia
417 1757 602 1812 distans,
631 1772 670 1800 v.
703 1759 882 1801 Meur-

80 1816 199 1857 sius
233 1814 288 1856 de
317 1814 474 1869 Popul.
507 1819 597 1866 Att.
640 1830 681 1871 p.
709 1816 795 1862 805
835 1821 882 1859 et

80 1873 125 1915 in-
151 1873 307 1915 Piraeo
337 1884 374 1914 c.
411 1872 477 1916 10.
510 1875 608 1916 coll.
648 1874 878 1916 Pausan.

82 1930 195 1974 Vlu.
237 1930 303 1974 10.
383 1930 531 1984 ltaque
585 1931 879 1985 Apollodorus

78 1999 209 2041 quum
238 1987 295 2029 ibi
326 1985 562 2041 habitaret,
604 1988 768 2030 dicitur
813 1990 881 2029 οἵ·

78 2048 217 2085 κοθεν
262 2043 538 2087 adscendisse
579 2045 636 2095 εἰς
662 2044 796 2098 ἄστυ,
835 2045 876 2088 1ι.

81 2115 118 2144 e.
152 2100 360 2144 Athenas.

137 2189 236 2227 τῶν
282 2178 379 2226 οὖν
425 2187 717 2243 γνωρίμων
764 2188 877 2243 τις]

80 2244 351 2285 Glauconem
371 2249 502 2285 vocat
523 2255 626 2286 mox
642 2257 681 2298 p.
706 2243 802 2289 172.
823 2245 876 2287 Ε.

128 2352 188 2400 ἶΩ
218 2355 532 2413 Φαληρεύς,
562 2357 675 2411 ἔφη,
708 2350 881 2406 οὗτος

74 2413 525 2469 Ἀπολλόδωρος]
592 2415 744 2457 Heus
802 2421 879 2468 tu,

80 2473 260 2527 quies
289 2472 602 2515 Phalereus
647 2474 884 2526 Apollo-

82 2530 270 2572 dorus.
335 2529 631 2572 Nominativus
678 2529 788 2572 enim
839 2530 882 2571 in

81 2586 383 2642 compellando
433 2591 694 2641 usurpatur,
747 2587 882 2629 sicubi

81 2646 265 2687 alterum
305 2657 390 2686 non
428 2644 692 2696 subiective‚
736 2649 786 2686 ut
822 2645 882 2686 ita

82 2701 238 2754 dicam,
268 2702 345 2743 sed
367 2701 576 2744 obiective
602 2702 748 2756 potius
778 2715 882 2756 spe-

81 2763 241 2801 ctatum
279 2759 560 2827 alloquimur,
616 2758 670 2801 de
709 2771 797 2813 qua
834 2771 882 2802 re

81 2830 122 2858 v.
171 2815 226 2857 ad
284 2816 418 2871 Hipp.
463 2817 562 2858 mai.
607 2829 650 2870 p.
696 2815 774 2861 281
822 2815 878 2858 in.

84 2873 159 2914 Sic
186 2872 307 2915 infra
327 2887 367 2927 p.
399 2872 498 2916 213.
542 2873 602 2915 Β.
642 2870 882 2931 Σωκρατης

83 2932 219 2975 οὗτος
248 2930 430 2982 ἐλλοχῶν
451 2953 504 2962 «-
529 2931 730 2972 ἐνταῦθα
758 2932 880 2972 κατέ-

84 3001 217 3028 κεισο.
259 2986 382 3027 Prot.
423 2999 464 3040 p
500 2985 596 3030 193.
628 2987 690 3029 D.
729 2985 882 3029 ‘Inno-

84 3042 259 3099 κράτης,
290 3043 409 3095 ἔφην,
439 3039 586 3095 ουτος,
618 3041 679 3095 μή
709 3059 753 3084 τι
783 3041 884 3084 νεώ-

84 3115 209 3156 τερον
247 3098 545 3154 ἆπαγγέλλειςς
615 3098 726 3142 Nihil
776 3112 881 3142 vero

84 3157 339 3200 insolentiae
396 3155 547 3207 habet,
613 3155 730 3228 quod
783 3169 880 3198 cum

87 3214 295 3258 eiusmodi
347 3213 610 3255 nominativo
656 3230 687 3253 ω
725 3225 884 3255 conso-

88 3273 250 3323 ciatur,
330 3272 462 3313 veluti
479 3269 638 3344 apud
696 3269 884 3330 Eurip.

89 3330 237 3384 Suppl.
261 3341 302 3371 v,
323 3327 431 3372 277.
463 3346 494 3368 ω
523 3328 664 3382 φίλος,
699 3332 731 3368 ὠ
762 3327 884 3369 δοκι-

90 3385 290 3438 μώτατος
342 3383 528 3426 Ελλάδι.
599 3384 880 3446 Aristoph.

88 3442 393 3488 Nubb.1169:
429 3460 460 3484 ω
495 3443 640 3499 φίλος,
675 3447 706 3483 ὠ
740 3443 879 3498 φίλος.

967 1099 1220 1142 Cuiusmodi
1263 1101 1461 1155 exempla
1501 1101 1623 1155 plura
1659 1113 1766 1155 sup-

966 1157 1218 1212 peditabnnt
1266 1158 1515 1200 Koenius
1555 1158 1609 1199 ad
1649 1159 1766 1200 Gre-

966 1227 1057 1268 gor.
1093 1213 1282 1256 Corinth
1317 1228 1358 1268 p.
1392 1215 1485 1258 117.
1517 1214 1763 1257 Boeckh.

967 1272 1022 1313 ad
1078 1271 1201 1313 Pind.
1251 1271 1372 1314 Nott.
1419 1272 1531 1313 critt.
1578 1284 1618 1327 p.
1662 1271 1765 1315 441.

968 1329 1121 1382 Longe
1146 1328 1569 1387 frequentissimum
1618 1334 1766 1372 autem

969 1392 1082 1434 estc&
1110 1389 1259 1437 οὗτος,
1291 1391 1340 1427 ut
1361 1386 1474 1440 apud
1505 1386 1768 1441 Sophocl.

965 1445 1083 1487 Alae.
1104 1443 1185 1488 89.
1215 1448 1247 1484 ὦ
1281 1447 1412 1491 οὗτος
1442 1444 1571 1493 Αἴας.
1634 1443 1766 1488 Quod

963 1501 1096 1560 igitur
1138 1501 1388 1555 simpliciter
1432 1501 1515 1543 dici
1554 1502 1695 1555 potuit
1731 1506 1764 1542 ὠ

965 1573 1014 1598 ου
994 1563 1100 1605 aizos·
1152 1556 1496 1627 Ἀπολλόδωρος,
1557 1559 1601 1600 id
1651 1571 1764 1600 nunc

966 1617 1210 1657 enuntiatur
1240 1615 1324 1658 sic.
1360 1633 1392 1657 ω
1426 1614 1651 1670 Φαληρεὺς
1680 1632 1764 1656 ου-

964 1687 1039 1721 τος
1061 1670 1413 1727 Ἀπολλόδωρος.
1472 1673 1542 1716 Ex
1567 1686 1653 1727 quo
1684 1687 1763 1728 ap-

963 1735 1087 1784 paret
1126 1730 1268 1772 iocum
1307 1731 1350 1771 in
1381 1741 1467 1771 ιιιιο
1498 1730 1585 1772 isto
1617 1731 1763 1784 Φαλη-

964 1785 1065 1842 931),-
1093 1800 1192 1829 esse
1223 1786 1530 1840 quaerendum.
1581 1787 1763 1830 Fallitur

964 1845 1075 1886 enim
1111 1844 1453 1887 Hommelius
1485 1844 1672 1896 mirifice,
1690 1844 1763 1898 qui

965 1907 1010 1943 et
1048 1898 1359 1958 ἆηολλόὸωρος
1388 1901 1583 1956 scripsit,
1636 1914 1764 1956 prae-

963 1960 1049 2000 fixo
1079 1959 1281 2011 articulo,
1322 1963 1366 2000 et
1397 1972 1449 2001 eo
1480 1959 1654 2001 nomine
1682 1957 1764 2001 ho-

963 2016 1088 2058 minis
1141 2016 1536 2071 opportunitatem,
1587 2021 1636 2058 ut
1683 2016 1761 2070 ait,

964 2073 1181 2127 designari
1212 2074 1373 2115 statuit.
1443 2073 1653 2117 Nimirum
1682 2085 1763 2116 nec

964 2131 1173 2172 articulus
1212 2130 1277 2172 bic
1304 2129 1507 2172 ferendus
1550 2135 1639 2183 est,
1681 2143 1763 2173 nec

963 2186 1163 2242 profecto
1214 2182 1487 2241 intelligitur,
1537 2187 1762 2242 quomodo

964 2257 1043 2299 per
1081 2257 1240 2286 nomen
1293 2245 1547 2299 Apollodori
1603 2245 1764 2299 signifi-

964 2302 1049 2343 cari
1081 2306 1214 2355 queat
1242 2300 1307 2355 is,
1346 2302 1418 2354 qui
1448 2301 1570 2344 alteri
1600 2313 1766 2356 oppor-

963 2364 1065 2400 tune
1095 2359 1246 2399 obvius
1275 2358 1414 2400 sactus
1445 2357 1551 2400 ests
1586 2358 1676 2400 Sed
1707 2359 1760 2400 il-

965 2414 1037 2458 lud
1085 2417 1225 2470 ipsum
1263 2413 1492 2471 Φαληρεὺς
1535 2414 1637 2469 quid
1680 2414 1764 2457 ioci

964 2474 1170 2526 lususque
1226 2484 1305 2527 per
1369 2473 1763 2527 pronuntiationem

965 2529 1138 2572 efficere
1167 2530 1375 2584 potuerit,
1405 2529 1530 2573 valde
1552 2532 1763 2572 incertnm

964 2591 1044 2629 est.
1104 2587 1235 2629 Mitto
1266 2586 1482 2640 Sydenb
1498 2587 1603 2629 ami
1627 2587 1763 2629 ratio-

964 2657 1063 2686 nem
1091 2649 1243 2698 utpote
1272 2644 1396 2687 nimis
1420 2645 1548 2698 longe
1575 2643 1764 2686 arcessi·
1798 2675 1803 2681 .

963 2706 1075 2752 tam,
1125 2702 1306 2743 aliorum
1340 2701 1619 2757 expositurus
1662 2713 1764 2744 sen-

963 2760 1136 2801 tentiaa.
1228 2758 1466 2802 Wolfius
1525 2758 1659 2813 igitur
1719 2758 1764 2800 in

965 2829 1096 2869 sono,
1137 2826 1234 2870 quo‘
1265 2817 1339 2859 ille
1379 2828 1533 2859 vocem
1571 2827 1764 2871 pronun-

965 2873 1154 2926 tiaverit,
1170 2873 1463 2917 'festivitatem
1481 2874 1666 2928 aliquam
1696 2874 1764 2915 in·-

965 2944 1063 2972 esse
1096 2931 1269 2983 statuit3
1310 2931 1389 2973 sed
1420 2932 1559 2986 qualis
1589 2930 1765 2974 tandem

967 3001 1019 3028 ea
1072 2987 1279 3030 festivitas
1316 2988 1401 3040 sit,
1446 2988 1490 3030 id
1529 2998 1633 3030 vero
1678 2999 1764 3029 non

969 3044 1294 3087 demonstravit.
1345 3044 1557 3087 Schiitz
1576 3045 1661 3086 ius
1699 3045 1764 3084 lu-

967 3113 1065 3143 sum
1096 3102 1305 3145 contineri
1346 3107 1496 3145 censet
1539 3103 1581 3143 in
1623 3100 1766 3142 imita-

968 3157 1085 3199 tione
1141 3157 1350 3202 formulae
1406 3160 1451 3201 in
1504 3157 1673 3200 iudiciis
1719 3159 1765 3196 et

967 3214 1258 3258 concionibus
1269 3214 1465 3266 usitatae,
1496 3228 1580 3268 qua
1605 3211 1766 3254 nomini

966 3273 1140 3326 proprio
1191 3274 1291 3328 pagi
1340 3275 1431 3315 sive
1493 3274 1571 3311 τοῦ
1618 3268 1764 3323 δήμου

967 3329 1128 3371 mentio
1173 3330 1466 3372 adiiciebatur.
1545 3326 1603 3368 Et
1661 3337 1765 3367 sane

967 3386 1114 3429 similis
1145 3392 1212 3429 est
1241 3389 1366 3429 lusus
1403 3387 1539 3437 Gorg.
1584 3397 1625 3438 p.
1664 3382 1762 3427 495.

967 3443 1022 3485 D.
1043 3443 1154 3488 conf.
1179 3444 1290 3487 Thu
1305 3443 1415 3496 cyd.
1451 3442 1541 3494 Vll,
1579 3440 1651 3485 10.
1682 3455 1763 3481 na-

1333 3518 1428 3563 ιι*
