2158 3718
492 107 1006 162 SYMPOSHJM.
1038 125 1086 176 p.
1128 105 1235 156 22⁰
1271 107 1345 159 St.
1675 108 1775 159 191

13 266 19 269 “
99 275 196 319 νος
238 252 588 327 καρτερήσεις
606 284 710 354 ⁹3-—
751 255 920 309 δεινοὶ
975 248 1085 325 γὰρ
1143 247 1359 306 αὐτόθι
1395 253 1653 350 χειμῶνες
1693 283 1778 293 ——-

99 338 400 411 θαυμάσια
443 333 718 409 εἰργαζετο
761 335 834 392 τά
879 359 935 394 τε
979 332 1140 400 ἄλλα,
1187 337 1281 391 καί
1309 356 1445 389 ποτε
1477 331 1640 399 ὄντος
1667 335 1775 389 πά-
1824 351 1864 398 ss

100 443 203 493 yov
248 429 375 492 οἴου
416 418 761 487 δεινοτάτου,
796 425 888 476 καὶ
929 418 1159 477 πάντων
1200 415 1235 486 ἢ
1283 417 1384 474 οὐκ
1413 416 1666 485 ἐξιόντων
1691 423 1777 474 ἕν-

100 509 308 577 δοθεν,
342 487 434 577 ᾗ,
487 505 543 560 εἴ
595 527 678 570 τις
734 506 891 572 ἐξίοι,
941 504 1323 579 ἠμφιεσμένων
1365 524 1423 558 τε
1467 500 1778 574 θαυμαστα

98 587 168 659 δὴ
215 588 326 646 ὅσα
360 592 459 645 καὶ
503 587 912 661 ὑποδεδεμένων
955 592 1050 644 καὶ
1090 584 1463 658 ἐνειλιγμένων
1502 583 1637 652 τοὺς
1679 586 1781 641 πό-

103 677 205 740 δας
247 680 321 739 εἰς
364 677 557 738 πίλους
611 676 704 729 καὶ
745 671 1077 745 ἀρνακίδας,
1131 663 1299 736 οὗτος
1345 669 1395 726 δ’
1457 677 1516 726 ὲν
1561 671 1784 735 τούτοις

98 758 235 836 ἐξῄει
277 762 413 830 ἔχων
457 756 682 830 ἱμάτιον
724 760 825 828 μὲν
872 760 1150 822 τοιοῦτον,
1197 754 1422 827 οἷόνπερ
1460 757 1552 810 καὶ
1589 754 1788 827 πρότε-

99 863 202 916 ρον
244 841 436 898 εἰώθει
477 853 701 917 φορεῖν,
742 839 1097 908 ἀνυπόδητος
1133 842 1189 895 δὲ
1239 836 1329 894 διὰ
1375 841 1476 894 τοῦ
1519 838 1788 912 κρυστάλ-

99 929 200 982 λου
243 924 387 1000 ῥᾷον
427 925 720 997 ἐπορεύετο
763 922 797 993 ἢ
846 931 900 981 οἱ
941 921 1101 980 ἄλλοι
1155 921 1562 994 ὑποδεδεμένοι.
1617 927 1671 979 οἱ
1726 925 1785 979 δὲ

101 1014 437 1086 στρατιῶται
467 1008 778 1082 ὑπέβλεπον
804 1007 982 1066 αὐτὸν
1013 1007 1085 1074 ὡς
1111 1010 1580 1084 καταφρονοῦντα
1609 1009 1783 1084 σφῶν.

231 1200 283 1245 Ρ.
302 1199 403 1248 220.
448 1219 471 1240 ο
508 1199 718 1241 πάντων
749 1198 1247 1255 θαυμαστότατον]
1282 1197 1417 1241 Pro‘
1400 1217 1423 1241 ο
1460 1215 1631 1241 παντων
1660 1199 1792 1244 Bodl.

109 1261 204 1303 Vat.
227 1255 281 1301 A.
315 1259 414 1303 Par.
435 1258 539 1300 DK.
570 1259 668 1301 Vat
691 1272 732 1312 p.
768 1256 964 1310 ὁπόταν,
999 1270 1147 1300 errore
1178 1257 1424 1302 manifesto.
1453 1257 1576 1300 Vind.
1599 1256 1638 1301 2.
1671 1260 1790 1297 θαυ-

103 1315 451 1429 μασιξιῖιαέἓῖιει
490 1369 819 1425 ἀνθρώπων]
849 1370 925 1412 Sic
959 1370 1082 1412 Bodl
1106 1371 1208 1412 Vat.
1219 1369 1273 1412 A.
1297 1370 1402 1412 Ven
1418 1369 1464 1411 Ξ.
1487 1370 1608 1412 Vind.
1624 1369 1664 1412 2.
1687 1370 1790 1415 Par.

106 1433 211 1477 DK.
242 1431 334 1472 vat.
359 1444 400 1484 p.
437 1430 548 1470 Vett.
583 1430 703 1471 editt.
737 1435 780 1470 et
811 1428 964 1470 Herm.
994 1427 1187 1481 ἑώρακεν.
1248 1427 1339 1468 Sed
1370 1433 1515 1468 narrat
1547 1427 1792 1470 Alcibiades

107 1503 219 1545 quae
248 1493 338 1530 tum
370 1486 484 1541 apud
517 1486 774 1528 Potidaeam
804 1486 844 1526 in
876 1486 1059 1527 Socrate
1090 1487 1184 1526 visa
1216 1484 1372 1526 fuerint
1401 1484 1678 1526 admirabilia.

104 1605 205 1649 vat
221 1560 285 1645 :²1⁹
298 1538 556 1644 ἒίιέἷὲνὲἔ
579 1535 982 1654 ἶαιὲηζὲρῗυέἕῖἷῆ
1010 1541 1499 1672 {isssseissssffinif'emt’
1526 1555 1625 1584 ‘²¹¹⁰'
1659 1542 1789 1586 ³⁰⁶¹

171 1671 173 1673 '
223 1660 276 1702 B.
335 1659 502 1704 ὄντος
530 1657 711 1712 πάγου
742 1656 887 1710 οἱόι]
925 1656 973 1697 V.
1005 1655 1133 1704 ὄντος
1161 1659 1246 1696 τοῦ·
1276 1654 1422 1708 πάγου
1453 1654 1561 1695 οἵου.
1617 1655 1790 1697 Articu-

107 1722 194 1763 lum
210 1731 296 1760 om.
322 1716 451 1758 Bodl.
475 1716 571 1757 Vat.
587 1714 639 1758 A.
666 1715 771 1757 Ven.
787 1714 832 1756 Ξ.
856 1714 977 1756 Vind
991 1714 1031 1758 2.
1057 1714 1157 1754 Par.
1173 1713 1273 1754 DK.
1298 1717 1405 1765 Ang.
1418 1725 1467 1752 w.
1496 1712 1587 1753 V.at
1600 1703 1641 1766 p.
1685 1713 1790 1754 Dein

108 1777 136 1831 ἢ
167 1781 268 1819 ante
288 1773 367 1815 οὐκ
390 1787 476 1816 οιιι.
499 1773 628 1815 ΟοίεΙ.
649 1773 754 1814 Par.
769 1771 871 1814 DE.
896 1770 1020 1814 vind.
1039 1772 1075 1815 1.
1091 1770 1132 1815 7.
1151 1770 1253 1812 ΕΚ,
1274 1770 1423 1813 Ambr.
1447 1772 1555 1824 Ang.
1569 1782 1611 1812 u.
1624 1782 1674 1812 w.
1694 1770 1791 1812 Vat.

109 1835 153 1877 d.
164 1847 206 1876 ιι.
219 1847 262 1889 p.
275 1846 309 1875 r.
323 1846 358 1874 ε.
374 1830 492 1873 Flor.
507 1831 595 1872 a.b.
610 1843 741 1874 c.1.n.

109 1974 205 2017 fere
242 1971 454 2014 constanti
501 1983 583 2011 usu
631 1969 763 2011 locuti
811 1982 910 2011 esse

111 2030 407 2085 reperiuntur3
429 2027 539 2070 conf.
564 2029 688 2080 Apol.
711 2041 752 2081 p.
764 2026 835 2070 36.
859 2030 909 2068 Α.

112 2089 265 2141 Crit.p
268 2085 368 2129 ..52
390 2086 439 2127 C.
460 2084 646 2138 Phaedr.
678 2098 718 2139 p.
737 2084 838 2128 257.
859 2086 910 2126 A.

113 2146 227 2188 Men.
250 2157 290 2198 p
313 2142 523 2188 94.C.a1.

171 2199 376 2242 τούτου
426 2205 517 2253 μὲν
555 2203 655 2239 ουν
693 2213 790 2252 μοι
831 2198 915 2239 δο-

111 2264 198 2301 κεῖ
230 2262 326 2309 ——1
386 2262 440 2300 et
495 2256 651 2298 huius
700 2255 915 2308 quidem

115 2318 197 2360 rei
237 2313 378 2369 (quod
408 2327 621 2367 nunquam
652 2315 915 2355 temulentus

114 2375 206 2417 fieri
243 2373 390 2427 solet)
436 2371 652 2421 statim,
701 2371 914 2425 opinor,

116 2434 498 2498 argumentum
541 2427 912 2470 habebitis:

115 2501 259 2542 neque
305 2488 415 2530 enim
472 2486 680 2527 Socrates
725 2485 779 2526 ab
836 2483 917 2526 hoo

117 2545 313 2588 convivio
346 2542 542 2586 discedet
573 2542 729 2616 abdue.

177 2602 355 2644 δεινοὶ
414 2600 516 2654 γὰρ
576 2597 794 2642 αὐτόθι
838 2603 914 2651 χ.]

117 2660 220 2703 Fuit
249 2660 363 2702 enim
395 2658 610 2700 Potidaea
644 2658 746 2698 urbs
776 2656 919 2698 Thra-

122 2719 238 2770 ciae,
269 2717 324 2759 ad
355 2729 475 2758 mare
511 2719 732 2768 Aegaeum
765 2714 862 2757 sita.

178 2775 230 2818 B.
261 2773 425 2821 ὄντος
453 2771 637 2827 πάγου
661 2771 786 2812 οἱόυ
817 2772 922 2812 δει-

63 2853 73 2866 =
121 2829 386 2885 νοτάτου]
418 2829 660 2883 Xenoph.
691 2830 807 2870 Ηιεῐ·
841 2829 920 2872 Gr.

122 2888 177 2930 ll.
207 2887 259 2938 3,
291 2887 370 2930 25:
411 2885 534 2956 ἡμεῖς
573 2887 617 2927 δὲ
647 2885 814 2940 γιόντες
846 2888 922 2939 μὲν

124 2949 220 2990 τοῖς
263 2943 371 2989 οἵοις
404 2941 504 2995 ἡμῖν
531 2957 577 2982 τε
607 2959 678 2983 κιιι
707 2941 810 2996 υμῖν
837 2959 920 2994 χα-

124 3000 226 3054 lem}
232 3016 255 3039 ν
273 3001 495 3042 πολιτείαν
513 3014 545 3040 ει
534 2998 924 3052 ναιδημοκραιίαν

126 3075 164 3102 κ,
186 3075 227 3099 τ,
253 3058 290 3098 λ.
349 3057 468 3098 Bene
499 3055 605 3097 hanc
636 3056 921 3098 constructio-

127 3128 224 3157 nem
282 3114 505 3156 iilustravit
560 3112 826 3154 Matthiae
881 3113 920 3164 §.

127 3172 227 3216 473.
269 3177 399 3213 annot
442 3174 480 3213 2.
514 3184 554 3223 p·
587 3168 687 3214 885.
752 3168 921 3211 Eodem

129 3230 260 3273 modo
310 3227 451 3280 ἡλίκος
502 3226 764 3269 construitur
810 3225 922 3280 apud

131 3285 405 3340 Aristoph.
438 3285 551 3326 Eccl.
586 3297 623 3325 v.
657 3283 765 3328 465:
794 3285 922 3325 ἐκεῖνο

131 3342 272 3387 δεινὸν
299 3347 438 3384 τοῖσιν
472 3340 654 3393 ἡλίκοισι
686 3344 777 3381 νῶν.

1028 1967 1103 2014 εἶς
1130 1967 1327 2013 πίλους
1356 1966 1446 2007 καὶ
1477 1963 1789 2022 ἄρνακίδας]

996 2026 1131 2067 Πῖλοι
1177 2029 1278 2066 sunt
1329 2025 1521 2078 pedum
1582 2023 1791 2066 involu-

997 2095 1112 2134 cra,
1150 2082 1388 2136 impilia=
1425 2081 1522 2123 alibi
1561 2085 1664 2122 sunt
1707 2094 1789 2123 ca-

998 2141 1130 2194 pitis
1161 2143 1505 2193 tegumenta:
1536 2137 1651 2191 quod
1672 2138 1797 2180 Poi-

999 2199 1090 2239 lux
1128 2197 1346 2238 annotavit
1379 2196 1471 2239 Vll.
1507 2195 1604 2239 172.
1665 2195 1797 2237 Piura

1001 2256 1037 2295 si
1075 2254 1145 2307 qui
1185 2254 1297 2295 scire
1334 2255 1531 2306 cupiant,
1572 2253 1598 2294 ii
1641 2252 1798 2294 adeant

1001 2311 1294 2352 Graevium
1347 2310 1403 2351 ad
1458 2308 1639 2352 Hesiod.
1677 2311 1794 2366 Ἐργ,

997 2368 1068 2409 καὶ
1092 2367 1194 2422 Ὴμ.
1225 2381 1264 2411 v.
1294 2367 1391 2412 542.
1427 2371 1471 2409 et
1500 2367 1710 2410 lacobS.
1742 2366 1798 2408 ad

1001 2426 1170 2468 Anthol.
1201 2425 1278 2466 Gr.
1309 2429 1357 2465 V.
1393 2425 1444 2468 ll.
1477 2423 1525 2465 P.
1553 2425 1604 2467 ΙΙ.
1636 2438 1676 2478 p.
1695 2423 1795 2468 428

1000 2507 1056 2515 —-
1085 2482 1382 2538 αρνακίδες
1419 2481 1703 2534 Hesyehio
1734 2481 1798 2523 in-

1000 2545 1192 2594 ter-prete
1223 2546 1324 2581 sunt
1341 2539 1476 2608 αρνῶν
1496 2539 1644 2581 κώδια.
1678 2539 1710 2580 S
1723 2539 1796 2580 ui-

1001 2598 1117 2639 das:
1148 2595 1340 2669 ἆρνακίς·
1372 2595 1422 2637 τὸ
1457 2601 1541 2637 τοῦ
1559 2593 1689 2651 ἀρνὸς
1715 2612 1799 2637 κω-

1005 2655 1120 2706 chor,
1150 2654 1200 2695 τὸ
1242 2652 1351 2708 μετὰ
1384 2658 1468 2695 τῶν
1495 2654 1617 2707 ἐρίων
1646 2653 1801 2708 δέρμα.

1006 2710 1169 2754 Deinde
1224 2712 1266 2752 in
1328 2711 1534 2766 principio
1593 2711 1799 2764 apodosia

1006 2774 1106 2838 post
1129 2771 1264 2814 οὗτος
1294 2768 1474 2810 infertur
1504 2768 1565 2820 δέ,
1595 2781 1727 2821 quoe
1704 2781 1802 2809 ‹rra—

1005 2827 1097 2868 vins
1154 2826 1393 2878 indicetur,
1457 2830 1616 2878 quanta
1675 2825 1801 2866 suerit

1006 2884 1200 2925 Socratis
1242 2883 1321 2924 hac
1362 2885 1404 2924 in
1446 2896 1494 2924 re
1526 2883 1727 2936 patientia
1759 2888 1802 2923 et

1006 2941 1259 2984 constantia.
1327 2941 1393 2982 De
1433 2939 1512 2981 hoc
1551 2952 1630 2980 usu
1669 2951 1801 2979 vocu-

1004 2999 1071 3040 lae
1111 3003 1212 3052 post
1251 2997 1583 3040 demonstrativa
1615 2996 1676 3036 sic
1708 2996 1799 3035 illa-

1005 3060 1076 3097 tae
1124 3068 1163 3094 v.
1215 3054 1495 3097 Schaefer.
1537 3053 1704 3094 Melett.
1757 3065 1796 3103 p.

1004 3110 1073 3158 30.
1107 3117 1150 3154 et
1183 3111 1276 3156 135.
1316 3114 1603 3155 Hermann.
1638 3109 1691 3149 ad
1727 3109 1799 3149 Vi·

1005 3182 1095 3223 ger.
1124 3183 1166 3224 p.
1195 3169 1296 3215 803

1061 3224 1367 3281 υπέβλεπον
1408 3221 1578 3264 αυτὸν
1619 3220 1682 3268 ὥς
1723 3221 1794 3276 τ.]

1006 3282 1154 3326 limis
1210 3284 1388 3327 oculis
1448 3293 1564 3322 eum
1623 3278 1797 3320 intue—

1006 3341 1226 3394 bantur,
1294 3351 1449 3393 qnum
1512 3349 1607 3380 eos
1671 3349 1801 3378 suae
