2158 3718
423 156 529 207 164
1037 156 1455 211 PLATOle

427 302 685 374 λητρίδος
726 298 917 378 φωνὴν
940 298 1186 358 ἀκούειν.
1236 300 1336 359 τὸν
1374 296 1478 360 οὖν
1518 302 1837 375 Ἀγάθωνα,
1883 309 2111 375 Παῖδες,

429 385 656 486 φάναι,
703 386 768 442 οὐ
830 389 1149 461 σκέψεσθες
1206 389 1300 441 καὶ
1357 386 1465 444 ἐὰν
1514 396 1613 461 μὲν
1655 410 1737 454 τις
1776 392 1888 445 τῶν
1928 396 2114 461 ἐπιτη-

427 473 585 525 δείων
629 461 690 546 ᾗ,
735 471 979 524 καλεῖτε·
1027 476 1074 524 εὶ
1116 472 1172 524 δὲ
1219 469 1331 541 μή,
1375 474 1578 542 λέγετε,
1624 471 1712 528 ὅτι
1757 473 1823 529 οὐ
1865 479 2111 547 πίνομεν,

426 550 570 609 ἄλλα
618 551 1047 623 οὶναπαυόμεθα
1093 550 1215 621 ἤδη.
1295 557 1410 627 Καὶ
1446 556 1511 611 οὐ
1557 555 1700 613 πολὺ
1732 555 1967 631 ὕστερον
1994 559 2117 615 Ἀλ-

428 635 684 708 κιβιάδου
731 636 831 704 τὴν
875 634 1071 712 φωνὴν
1114 636 1342 695 ἀκούειν
1383 645 1442 693 ὲν
1483 643 1548 717 τῆ
1594 642 1734 719 αὐλῇ·
1777 642 1998 718 σφόδρα
2021 667 2117 716 με-

427 718 685 785 θύοντος
714 723 807 776 καὶ
831 730 969 792 μέγα
1001 724 1273 794 βοῶντος,
1300 727 1628 794 ἐρωτῶντος,
1659 724 1803 782 ὅπου
1825 727 2118 798 Ἀγαθων,

428 807 522 860 καὶ
567 802 891 870 κελεύοντος
932 804 1089 877 ἄγειν
1132 807 1256 880 παρ’
1304 806 1630 878 Ἀγάθωνα.
1675 807 1829 880 ἄγειν
1871 831 1975 868 οιν
2014 812 2117 868 αὐ-

427 885 531 944 τὸν
577 887 732 963 παρὰ
780 892 930 964 σφᾶς
977 889 1083 958 τήν
1125 912 1182 946 τε
1227 889 1533 964 αὐλητρίδα
1577 892 1979 965 ὑπολαβοῦσαν
2020 901 2114 953 καὶ

427 969 629 1038 ἄλλους
670 971 830 1038 τινας
873 977 984 1030 τῶν
1028 974 1388 1042 ἀκολούθων,
1428 981 1521 1032 καὶ
1563 981 1850 1045 ἐπιστῆναι
1882 982 1971 1034 ἐπὶ
2014 979 2116 1047 τὰς

428 1056 622 1130 θύρας
662 1065 1114 1132 ἐστεφανωμένον
1147 1059 1324 1116 αὐτὸν
1368 1066 1555 1118 κιττοῦ
1603 1068 1659 1118 τε
1702 1083 1812 1118 τινι
1857 1062 2115 1140 στεφάνῳ

426 1145 581 1198 δασεῖ
623 1145 716 1197 καὶ
766 1142 890 1210 ἰ’ων,
946 1147 1040 1199 καὶ
1083 1150 1300 1209 ταινίας
1355 1150 1552 1216 έχοντα
1596 1149 1683 1202 ἐπὶ
1726 1150 1826 1214 τῆς
1867 1152 2113 1224 κεφαλῆς

424 1225 574 1283 πάνυ
618 1225 848 1292 πολλάς,
890 1231 984 1283 καὶ
1027 1235 1213 1294 εἰπεῖν,
1242 1225 1489 1300 ’Ἀνδρες,
1530 1235 1773 1305 χαίρετε·
1815 1234 2112 1302 μεθύοντα

422 1308 603 1384 ἄνδρα
652 1332 802 1366 πανυ
857 1311 1078 1388 σφόδρα
1123 1313 1348 1381 δέξεσθε
1405 1313 1727 1416 συμπότην,
1784 1311 1820 1382 ἢ
1867 1315 2116 1388 ἀπίωμεν

422 1394 810 1463 ἀναδήσαντες
864 1395 1040 1469 μόνον
1094 1395 1432 1467 Ἁγαθωνα,
1486 1399 1574 1476 ἐφ’
1643 1396 1780 1474 ὅπερ
1824 1396 2116 1472 ἤλθομενς

420 1477 522 1552 ἐγώ
567 1478 673 1554 γάρ
719 1501 822 1547 τοι,
867 1479 1063 1558 φάναι,
1101 1485 1247 1553 χθὲς
1289 1484 1390 1554 μὲν
1435 1482 1534 1556 οὐχ
1583 1483 1702 1550 οἶός
1747 1482 1796 1540 τ’
1849 1483 2115 1559 ἐγενόμην

533 1642 590 1684 D.
653 1644 791 1700 μέγα
824 1647 1085 1699 βοῶντος,
1119 1647 1451 1702 ἐρωτῶντος]
1484 1648 1532 1689 V.
1565 1650 1606 1701 β.
1636 1647 1723 1688 καὶ
1752 1649 1831 1704 ἕρ.
1877 1647 1966 1690 Sed
1997 1654 2117 1692 recte

417 1700 491 1742 καὶ
517 1700 645 1744 codd.
677 1715 830 1743 omnes
859 1708 1030 1757 praeter
1061 1705 1221 1747 Vens?
1185 1719 1231 1749 a.
1256 1705 1351 1747 Vat
1367 1719 1406 1747 n.
1433 1706 1552 1748 vind.
1562 1705 1602 1748 7.
1627 1695 1843 1748 omittunt.
1901 1705 2014 1748 Nam
2037 1721 2116 1761 per

417 1762 659 1816 ἐρωτῶντος
695 1759 798 1801 illud
834 1765 945 1815 μέγα
985 1764 1175 1815 βοῶντος
1212 1764 1465 1817 explicatur
1528 1763 1803 1806 Hommelius
1833 1768 1979 1806 tamen
2008 1767 2115 1819 ἐρω-

419 1821 580 1865 τῶντος
611 1816 841 1859 delendum
877 1824 1038 1861 censet.
1101 1821 1278 1862 Scilicet
1308 1820 1389 1862 hoc
1421 1826 1487 1862 est
1517 1822 1709 1863 criticam
1743 1821 1956 1864 factitare.

534 1874 587 1915 E.
647 1879 841 1915 κιττοῦ
873 1878 930 1917 τε
957 1893 1068 1917 τινι
1100 1878 1194 1933 στ.]
1227 1878 1326 1920 Hoc
1357 1893 1420 1933 τε,
1453 1881 1581 1932 Vulgo
1605 1880 1829 1931 omissum,
1861 1878 1988 1922 codd.
2020 1881 2116 1934 ple-

418 1932 543 1986 rique
575 1944 726 1973 omnes
757 1933 1096 1987 suppeditarunt.

536 1989 762 2035 δέξεσθε
794 1989 1107 2046 συμπότην]
1148 1993 1324 2038 δέξεσθε
1357 1993 1482 2035 Bodl.
1520 1992 1611 2034 Vat
1634 1989 1685 2034 A.
1723 1993 1826 2038 Ven.
1850 1992 1896 2036 Ξ.
1928 1994 2052 2036 vind.
2073 1995 2113 2040 2.

419 2048 531 2100 Ang.
545 2060 594 2089 w.
628 2051 674 2089 et
703 2060 837 2101 supra
867 2062 1036 2091 versum
1073 2051 1164 2092 Vat.
1191 2065 1224 2094 s
1292 2051 1429 2105 Vulgo
1462 2054 1568 2093 erat
1603 2049 1672 2094 δέξ
1674 2053 1803 2102 ασθε,
1835 2057 1994 2105 puncto
2015 2058 2114 2107 post

419 2103 622 2163 ἤλθομεν
654 2106 814 2158 posito.
878 2107 986 2151 Dein
1017 2105 1077 2162 ἔφ’
1111 2112 1226 2166 ιιὸπερ
1250 2110 1489 2153 ssod1.vat.
1503 2107 1556 2152 A.
1577 2108 1675 2151 Par.
1688 2108 1791 2150 DK.
1818 2111 1926 2163 Ang.
1937 2122 1987 2153 w.
2013 2110 2110 2156 vat.

419 2176 460 2218 p.
492 2160 703 2217 probante
731 2163 997 2207 Hermanno.

532 2218 802 2275 κεφαλήν,
842 2220 936 2263 ἐὰν
975 2223 1106 2265 εἴπω
1150 2221 1379 2278 ουτωσί,
1419 2219 1596 2276 &vad-J
1647 2220 1721 2263 Sic
1753 2221 1874 2264 editt.
1935 2223 1982 2266 ln
2013 2224 2115 2268 Par.

418 2366 763 2420 compotatio
818 2369 949 2419 post
994 2377 1221 2407 coenam
1309 2369 1402 2406 erat
1431 2363 1569 2418 capita
1602 2363 1818 2405 hominum
1841 2364 1908 2405 vel
1939 2364 2158 2418 publice

420 2435 444 2464 c
456 2436 482 2464 o
497 2435 521 2464 n
534 2424 574 2465 ti
588 2436 614 2464 n
625 2437 652 2464 u
664 2437 687 2465 a
703 2429 721 2465 t
731 2437 768 2465 a.
834 2423 983 2464 Varias
1023 2436 1045 2463 v
1049 2423 1224 2465 ocabuli
1307 2422 1418 2464 bene
1465 2422 1742 2473 meritorum,
1790 2421 1921 2477 veluti
1969 2423 2109 2463 victo-

418 2481 754 2534 significationes
823 2480 1030 2534 exposuit
1087 2480 1138 2521 W
1153 2494 1175 2521 e
1189 2482 1224 2522 l·
1307 2493 1401 2521 rum
1413 2511 1425 2532 ‚
1468 2481 1535 2521 vel
1581 2480 1816 2520 amicorum
1853 2470 1897 2520 et
1927 2478 2109 2521 familia-

2155 2446 2158 2529 l

419 2539 551 2581 cker
581 2538 633 2580 ad
654 2538 859 2580 Philostr.
893 2538 1057 2592 lmagg.
1079 2537 1223 2592 p.202
1306 2538 1414 2579 rium
1458 2537 1579 2578 laetis
1609 2537 1763 2578 diebus
1803 2549 1856 2577 ac
1887 2538 2106 2578 sollemni
2156 2538 2158 2579 ss

419 2608 484 2648 sq.
517 2595 586 2639 cd.
621 2596 786 2639 lacobs.
1308 2596 1470 2636 tatibus
1524 2595 1717 2645 coronis,
1766 2593 1903 2641 vittis,
1951 2594 2104 2634 taeniis

477 2653 530 2694 D.
594 2651 653 2694 οὐ
699 2652 1004 2708 σκέψεσθε]
1051 2651 1116 2692 Cf.
1148 2663 1225 2692 an·
1306 2651 1558 2693 redimiendi
1580 2658 1623 2692 et
1645 2650 1840 2701 ornandi,
1864 2662 1902 2689 v.
1927 2650 2103 2693 Ruhn-

419 2714 509 2750 not.
552 2709 606 2750 ad
645 2723 681 2751 c.
726 2710 758 2751 1.
786 2731 840 2740 —-
901 2709 1140 2758 καλεῖτε,
1181 2709 1217 2748 h.
1305 2709 1418 2748 ken.
1451 2708 1504 2748 ad
1537 2708 1646 2748 Tim.
1684 2707 1830 2747 Gloss.
1863 2706 2007 2760 p.246
2030 2722 2099 2761 sq.

423 2778 461 2807 e·
492 2765 756 2814 invitate,
798 2769 845 2805 ut
875 2778 998 2806 mox·
1038 2764 1220 2804 καὶτὸν
1302 2764 1554 2806 Paschal.
1613 2764 1667 2805 de
1717 2764 1887 2805 coronis
1934 2765 2005 2805 lv.
2059 2766 2103 2809 8.

414 2819 653 2876 Ἀγάθωνα
685 2795 824 2862 καλεῖν
853 2819 1000 2862 αυτόν.
1298 2820 1481 2875 interpp.
1515 2821 1569 2863 ad
1601 2822 1757 2863 Horat.
1779 2822 1910 2862 Odar.
1934 2822 2004 2864 lV.
2031 2822 2099 2876 11,

476 2876 1212 2950 αύλητρίδαύπολαβοῦσαν]
1298 2876 1338 2921 2.
1381 2881 1434 2921 al.
1464 2902 1518 2909 —
1590 2880 1654 2921 De
1694 2877 1925 2919 Alcibiadis
1981 2880 2101 2921 vino-

418 2936 608 2979 Verbum
658 2934 1004 2990 ὑπολαμβάνειν,
1063 2949 1213 2977 casu·
1298 2936 1427 2978 lentia
1450 2937 2101 2980 laudantAtluenaeulel.

418 3005 531 3036 rum
572 2998 925 3044 sustentare,
978 2993 1213 3035 illustravit
1297 3006 1337 3047 p·
1360 2994 1458 3037 534.
1478 3000 1521 3036 et
1553 2993 1841 3049 Spanhem.
1874 2994 1927 3035 ad
1952 2994 2099 3038 Iulian.

414 3052 644 3095 Dorvill.
673 3051 727 3093 ad
759 3050 974 3092 Chariton.
1010 3064 1051 3106 p.
1088 3050 1180 3095 172.
1295 3051 1416 3094 Orat.
1450 3052 1481 3094 l.
1517 3066 1557 3107 p.
1581 3051 1670 3096 124.

473 3138 775 3188 ἐπιστῆναι
797 3134 994 3183 ἐπὶτᾶς
1017 3135 1209 3192 θύρας]

414 3195 612 3249 Intellige
641 3195 758 3236 fores
789 3193 924 3248 ipsius
955 3194 1110 3236 domus
1124 3227 1135 3248 ,
1168 3197 1209 3236 in

412 3265 496 3306 qua
545 3253 747 3294 convivae
795 3256 916 3294 erant
929 3283 942 3304 ‚
991 3253 1079 3295 sive
1131 3251 1211 3306 τὴν

409 3310 625 3366 μέταυλον
655 3307 814 3366 θύραν.

1352 3163 1442 3205 ἐὰν
1471 3168 1601 3207 εἴπω
1635 3164 1868 3220 οὖτωσί,]
1902 3167 2095 3222 Reliqui-

1294 3236 1390 3265 mus
1439 3224 1633 3266 codicum
1684 3224 1965 3278 scripturam,
2009 3239 2093 3268 non

1293 3294 1382 3334 quo
1431 3294 1528 3323 eam
1578 3286 1828 3335 putaremus
1881 3284 2090 3335 integram

1157 3368 1159 3370 -
1292 3352 1345 3380 ac
1395 3339 1628 3392 sinceram,
1682 3344 1750 3381 est
1791 3340 1899 3381 enim
1941 3346 2091 3394 aperte

464 3395 518 3438 E.
575 3397 792 3443 ταινίας
837 3394 1063 3448 ἔχοντα]
1109 3395 1207 3438 Mos
1293 3396 1466 3448 vitiata,
1499 3395 1576 3437 sed
1609 3396 1727 3448 quod
1758 3395 1872 3448 vitii,
1909 3410 1996 3449 quo
2027 3399 2087 3440 la-
