2222 3762
397 148 465 199 74
1006 141 1487 198 PLATONIS

399 296 541 353 νέου,
569 292 662 344 καὶ
689 287 846 360 ὑμῶν
884 293 961 360 τῷ
986 290 1199 357 πλήθει
1239 287 1454 362 ἑταῖρός
1484 311 1540 345 τε
1571 294 1663 346 καὶ
1694 291 1951 365 ξυνέφυγε
1988 287 2090 356 τὴν

397 372 583 444 φυγὴν
612 372 826 440 ταύτην
852 378 943 429 καὶ
971 374 1096 445 μεθ’
1128 374 1283 443 ὑμῶν
1305 377 1574 440 κατῆλθε.
1603 378 1694 429 καὶ
1729 374 1839 428 ἰ’στε
1863 373 1948 441 δή,
1974 373 2092 440 οἶος

397 450 468 524 ἦν
484 461 810 531 Χαιρεφῶν,
829 457 901 523 ὡς
918 456 1162 530 σφοδρὸς
1191 457 1267 532 ἐφ’
1299 454 1328 513 ὅ
1357 479 1409 512 τι
1434 456 1705 528 ὁρμήσειε.
1750 465 1839 512 καὶ
1867 457 1934 525 δή
1958 480 2091 514 ποτε

398 546 489 595 καὶ
519 548 592 606 εὶς
612 541 860 617 Δελφοὺς
886 542 1074 597 ἐλθών
1089 543 1351 611 ἐτόλμησε
1366 545 1535 598 τοῦτο
1550 541 2095 612 μαντεύσασθαι,--
2181 556 2187 562 ’

399 631 506 690 καί,
532 624 668 697 ὅπερ
693 630 842 692 λέγω,
887 626 964 697 μὴ
999 629 1317 696 θορυβεῖτε,
1348 618 1387 678 ὦ
1420 623 1633 695 ἄνδρες.
1680 627 1845 696 ἤρετο
1872 626 1979 697 γὰρ
2008 625 2092 695 δή,

399 709 448 763 εἴ
469 732 550 774 τις
577 713 711 779 ἐμοῦ
742 711 824 776 εἴη
850 710 1188 783 σοφώτερος.
1217 711 1428 764 ἀνεῖλεν
1459 702 1561 765 οὖν
1593 708 1622 776 ἡ
1652 715 1857 765 Πυθία
1885 714 2094 782 μηδένα

399 793 719 867 σοφώτερον
743 793 899 848 εἶναι.
929 799 1019 849 καὶ
1045 793 1255 849 τούτων
1283 800 1404 864 πέρι
1429 793 1458 849 ὁ
1487 793 1728 868 ἀδελφὸς
1761 793 1892 864 ὑμῖν
1917 795 2094 850 αὐτοῦ

400 877 587 932 οὑτοσὶ
633 877 993 950 μαρτυρήσει,
1042 876 1222 944 ἐπειδὴ
1268 886 1471 942 ἐκεῖνος
1517 881 1874 945 τετελεύτηκε.

528 959 668 1039 Cap.
701 959 804 1018 VI.
845 965 1166 1036 Σκεψασθέ
1193 967 1249 1017 δὲ
1279 956 1356 1016 ὧν
1380 968 1535 1017 ἕνεκα
1551 967 1729 1018 ταῦτα
1769 966 1900 1030 λέγω
1921 981 1932 991 ·
1972 966 2097 1034 μὲλ-

324 1107 326 1109 ,
360 1091 362 1093 .
399 1050 472 1100 λω
493 1044 599 1116 γὰρ
625 1046 773 1117 ὑμᾶς
799 1047 1051 1114 διδάξειν,
1069 1045 1215 1102 ὅθεν
1238 1069 1336 1116 μοι
1365 1046 1396 1112 ἡ
1426 1046 1658 1116 διαβολὴ
1686 1053 1886 1115 γέγονε.
1918 1050 2096 1102 ταῦτα

399 1128 506 1200 γὰρ
542 1129 637 1198 ἐγώ
671 1130 919 1196 ἀκούσας
945 1130 1341 1201 ἐνεθυμούμην
1377 1130 1590 1193 οὑτωσί,
1633 1132 1704 1186 Τι’
1730 1153 1862 1185 ποτε
1901 1136 2033 1199 λέγει
2064 1129 2092 1185 ὁ

402 1216 562 1285 θεός,
584 1220 678 1270 καὶ
709 1221 762 1270 τί
786 1239 917 1271 ποτε
944 1222 1278 1285 αἰνίττεται,
1304 1214 1402 1282 ἐγώ
1423 1215 1529 1286 γὰρ
1559 1218 1624 1283 δὴ
1657 1213 1783 1271 οὔτε
1805 1225 1943 1286 μέγα
1972 1214 2098 1271 οὔτε

520 1357 570 1397 P.
600 1355 686 1398 21.
703 1352 771 1408 μὴ
803 1353 1132 1410 θορυβεῖτε]
1167 1353 1240 1394 Sic
1272 1354 1376 1397 vat.
1410 1354 1516 1393 Ven.
1551 1353 1589 1393 b.
1625 1353 1743 1393 Vind.
1775 1354 1816 1396 1.
1847 1353 1889 1397 5.
1915 1354 2030 1397 Fiet.
2059 1354 2099 1394 h.

399 1413 500 1457 Par.
535 1413 662 1456 (¹08.
694 1413 839 1465 Vulgo
872 1415 1050 1461 soloece
1079 1412 1324 1465 θορυβῆτε
1355 1410 1470 1464 quod
1510 1411 1627 1454 Bast.
1659 1410 1713 1452 ad
1746 1411 1880 1464 Greg.
1909 1410 2102 1454 Corinth.

399 1486 440 1525 p
471 1470 600 1515 1005.
633 1471 933 1524 corrigendum
965 1471 1082 1512 vidit.
1118 1471 1242 1513 Bodl
1265 1468 1568 1539 θορυβεῖσθε.

519 1530 628 1581 Cap.
689 1527 1114 1579 ν1.Σκε’ψασθε
1152 1526 1207 1567 δὲ
1248 1520 1318 1568 ὧν
1368 1527 1523 1566 ἕνεκα
1566 1526 1651 1579 -]
1714 1526 1764 1567 V.
1805 1524 1880 1580 δή,
1921 1527 2039 1580 quod
2078 1541 2103 1569 e

400 1588 503 1631 Vat.
539 1585 662 1627 vind.
702 1586 742 1630 1.
783 1585 825 1629 4.
870 1586 911 1630 6.
962 1586 1078 1627 Flor.
1121 1586 1162 1626 d.
1209 1600 1247 1639 g.
1289 1586 1328 1627 h.
1362 1586 1471 1626 Ven.
1506 1585 1544 1624 b.
1578 1584 1678 1625 Par.
1711 1584 1838 1625 DST.
1872 1591 2100 1627 mutatum.

459 1673 510 1716 P.
547 1673 618 1716 21.
667 1673 754 1712 καὶ
793 1668 938 1723 ὑμῶν
978 1673 1045 1726 τῷ
1077 1669 1202 1725 πλή-
1288 1684 1327 1714 ν.
1363 1674 1537 1715 Αξοτεῐ.
1585 1683 1624 1722 ρ.
1657 1670 1727 1714 94.
1770 1684 1810 1724 p.
1845 1671 1917 1714 96.
1958 1685 1998 1725 ρ.
2031 1673 2103 1716 99.

401 1731 496 1771 θἐι
526 1729 784 1784 ἑταῖρος]
851 1732 950 1772 Hoc
989 1731 1112 1771 dicit:
1154 1735 1206 1770 et
1290 1743 1330 1782 p.
1363 1727 1460 1771 100.
1502 1741 1542 1778 ρ.
1575 1727 1673 1771 108.
1717 1742 1753 1771 c.
1817 1729 2020 1770 Alcibiad.
2063 1744 2104 1783 p.

402 1790 573 1830 sicuti
607 1787 755 1835 mihi,
798 1788 871 1830 ita
913 1789 1085 1829 etiam
1121 1801 1204 1829 vo·
1290 1786 1389 1830 135.
1427 1799 1462 1829 c.
1503 1785 1666 1827 Philon.
1720 1801 1761 1841 p.
1817 1786 1913 1831 164.
1968 1792 2106 1831 contr.

405 1847 486 1888 bis
536 1846 743 1888 sodalis
802 1846 908 1887 fuit
961 1846 1209 1898 ideoque
1292 1842 1508 1886 Ponarch.
1541 1857 1580 1894 p.
1608 1842 1707 1887 195.
1743 1847 1827 1885 Pro
1860 1845 2107 1895 bonislAri-

402 1916 578 1958 nuper
620 1904 909 1946 vobiscum
956 1904 1095 1957 fugit
1134 1908 1209 1945 at·
1303 1899 1442 1953 stoph.
1467 1914 1510 1954 p.
1539 1902 1636 1944 210.
1673 1901 1739 1944 ed.
1778 1903 1936 1943 Bremi-

403 1975 505 2015 que
542 1961 737 2012 rediit3
779 1968 824 2002 ut
855 1975 939 2003 non
974 1961 1213 2012 videamus,

402 2033 489 2072 quo
528 2021 622 2061 iure
660 2019 859 2060 Cobet.
898 2021 1028 2062 Varr.
1075 2019 1214 2062 Lectt.

404 2091 447 2131 p.
479 2078 579 2122 299.
616 2077 745 2119 verba
776 2074 946 2131 ἑταῖρός
971 2091 1014 2118 τε
1034 2076 1215 2119 deflenda

402 2135 630 2178 censuerit.
664 2135 914 2188 Respicitur
939 2141 1085 2176 autem
1115 2134 1216 2186 fuga

405 2193 723 2235 Atheniensium
783 2198 982 2247 tempore
1043 2193 1219 2242 triginta

404 2257 708 2305 tyrannorum,
762 2251 816 2292 de
863 2265 950 2303 qua
997 2263 1034 2294 v,
1087 2250 1219 2303 Nep.

404 2309 662 2361 Thrasybui.
695 2309 728 2350 1.
783 2314 827 2350 et
856 2309 1054 2350 Instin.
1104 2309 1159 2348 V.
1189 2307 1217 2351 8

405 2381 471 2420 sq.
532 2370 669 2413 Quam
721 2379 851 2419 quum
903 2367 1051 2421 paucis
1102 2366 1220 2407 annis

407 2430 509 2466 ante
543 2424 742 2466 Socratis
787 2425 956 2466 obitum
1008 2424 1222 2464 accidisse

408 2489 678 2535 compertum
715 2481 968 2533 habeamus,
1000 2481 1126 2522 facile
1155 2487 1224 2521 est

409 2539 462 2580 ad
495 2539 841 2591 intelligendum,
881 2552 956 2580 cur
999 2538 1081 2579 hoc
1121 2539 1221 2579 loco

412 2597 580 2638 dicatur
619 2594 696 2650 τὴν
748 2593 896 2650 φυγὴν
945 2593 1116 2648 ταύτην.
1170 2619 1222 2624 —-

411 2656 558 2696 Verba
579 2653 777 2703 κατιέναι,
798 2661 841 2696 et
875 2653 1155 2708 κατέρχεσθαι
1169 2653 1223 2693 de

414 2714 480 2763 iis,
513 2713 585 2764 qui
617 2714 670 2753 ab
703 2713 852 2754 exsilio
885 2715 923 2755 in
954 2712 1133 2765 patriam
1155 2723 1221 2751 re-

414 2771 560 2822 deunt,
594 2771 750 2812 usitata
777 2770 993 2813 illustrant
1032 2771 1224 2820 interptt.

411 2828 467 2873 >ad
536 2827 804 2880 Aristophan.
853 2830 962 2870 Ran.
1012 2842 1047 2868 v.
1109 2826 1222 2869 1196

414 2884 543 2930 1274.
598 2892 640 2926 et
692 2885 911 2928 Porson.
972 2887 1026 2926 ad
1078 2884 1222 2936 Eurip.

413 2943 533 2986 Med.
566 2943 694 2986 1011.
717 2945 878 2985 Deinde
900 2937 970 2996 ἐφ’
1001 2940 1026 2984 ὅ
1059 2958 1102 2983 τι
1135 2938 1218 2995 ὁρ-

414 2998 606 3054 μήσειε
635 3003 807 3052 gravius
839 3002 1000 3043 dictum
1034 3006 1102 3043 est
1140 3012 1218 3053 pro

415 3059 457 3099 εἰ
475 3057 548 3098 ἐπί
562 3073 597 3099 τι
620 3054 830 3112 ὁρμήσειε,
858 3060 912 3102 de
944 3073 1030 3112 quo
1061 3070 1220 3112 genere

418 3117 615 3169 loquendi
644 3116 729 3157 dixi
765 3117 817 3158 ad
835 3115 1071 3168 Euthvphr.
1094 3129 1133 3168 p.
1153 3115 1222 3159 17·

417 3174 621 3215 Ceterum
642 3175 773 3216 etiam
801 3175 834 3215 Ι
818 3175 952 3229 ysius
969 3173 1119 3215 eadem
1155 3178 1222 3213 at-

415 3233 586 3284 tingens
613 3238 811 3283 tempora
835 3232 1052 3301 ροριιΙυῐη
1077 3231 1227 3271 demo-

417 3289 579 3332 cratiae
628 3290 873 3332 studiosum
931 3285 986 3330 -ιὸ
1026 3285 1231 3341 ὑμέτερον

420 3346 591 3400 πλῆθος
620 3349 974 3403 appellaresolet.
990 3360 1029 3388 v.
1044 3347 1164 3389 Orat.
1177 3345 1230 3389 ad

1360 1956 1626 2012 ἐτόλμησε
1667 1960 1836 2001 τοῦτο
1878 1958 2106 2011 μαντεύ-

1305 2029 1367 2058 σα
1383 2017 1544 2070 σθαι]
1586 2015 1876 2068 μαντεύεσθαι
1910 2018 1948 2060 h.
1978 2021 2005 2059 l.
2041 2024 2110 2060 est

1303 2076 1523 2117 oraculum
1563 2076 1641 2116 sibi
1683 2076 1751 2117 edi
1792 2077 1957 2126 iubere,
1999 2077 2036 2118 h.
2069 2090 2108 2118 e.

1305 2134 1617 2185 consulere,
1727 2133 2007 2188 interroga
2025 2147 2109 2184 re
2147 2140 2149 2142 ’

1305 2191 1614 2239 sciscitari,
1660 2195 1708 2232 ut
1755 2205 1823 2244 ap.
1864 2191 2111 2245 Xenoph.

1304 2249 1492 2290 Memor.
1536 2247 1576 2298 Ι,
1621 2249 1673 2299 1,
1711 2248 1763 2292 6:
1803 2250 1898 2319 περὶ
1941 2247 1986 2290 δὲ
2015 2263 2114 2290 των

1306 2302 1499 2360 α’δήλων,
1555 2304 1676 2347 ὅπως
1733 2322 1783 2347 αν
1822 2303 2112 2360 ἀποβήσοιτο,

1308 2364 1679 2416 μαντευσομένους
1701 2365 1896 2415 ἔπεμπεν,
1927 2365 1970 2406 εἰ
1990 2381 2113 2419 ποιη-

1310 2422 1395 2462 τέα.
1465 2423 1570 2464 Mox
1623 2424 1751 2464 verba
1804 2420 1936 2476 ὅπερ
1982 2423 2114 2477 λέγω

1309 2482 1350 2521 in
1402 2479 1644 2533 parenthesi
1706 2482 1953 2534 accipienda
1994 2487 2114 2525 sunt:

1309 2537 1573 2591 respondent
1599 2542 1744 2578 autem
1765 2536 1976 2580 formulae
1997 2540 2113 2580 Ger-

1311 2598 1525 2637 manicae:
1558 2595 1655 2635 wie
1675 2603 1882 2646 gesagt.
1906 2595 1962 2639 cf.
1986 2597 2115 2648 Sym-

1311 2651 1628 2764 a÷⁵.³...1⁷3·
1772 2654 1856 2753 13³
1881 2654 2115 2767 ..z-..1231

1309 2767 1409 2811 396.
1457 2768 1503 2812 Β.
1545 2767 1646 2812 426.
1696 2770 1744 2809 D.
1797 2770 2028 2823 Protagor.
2076 2785 2117 2824 p.

1309 2825 1411 2869 316.
1447 2825 1493 2869 E.
1526 2827 1582 2869 al.

1370 2881 1536 2937 ἤρετο
1576 2882 1671 2938 γὰρ
1720 2881 1803 2938 δή,
1835 2886 1888 2925 εἴ
1914 2897 1991 2925 τις
2031 2887 2115 2940 --]

1310 2944 1454 2988 Quum
1487 2942 1647 2984 Graeci
1690 2943 1870 2984 redeunt
1900 2942 1952 2983 ad
1985 2956 2117 2996 supe-

1302 3000 1436 3048 riora,
1472 3005 1575 3053 post
1619 2999 1887 3052 parenthesin
1921 3008 2118 3054 repetere

1311 3059 1453 3099 soient
1493 3060 1558 3098 vel
1601 3058 1715 3099 idem
1750 3058 1926 3099 verbum
1961 3060 2025 3100 vei
2060 3060 2119 3099 si-

1315 3115 1587 3184 mile,eiq13e
1619 3117 1801 3157 comites
1827 3115 1991 3157 addunt
2019 3129 2117 3170 par-

1313 3174 1465 3213 ticnlas
1497 3171 1591 3227 γάρ,
1625 3171 1691 3227 δή,
1724 3167 1818 3214 οὖν.
1856 3187 1896 3214 ν.
1931 3173 2115 3215 Matth.

1314 3233 1353 3283 ἓ.
1386 3230 1471 3275 615
1503 3239 1547 3273 et
1577 3233 1675 3276 616.
1713 3256 1766 3261 —
1825 3231 1887 3271 De
1920 3232 2113 3272 Chaere-

1315 3287 1488 3343 phontis
1549 3290 1736 3331 facinore
1787 3301 1825 3328 v.
1873 3288 2114 3341 Xenoph.

1320 3348 1502 3400 Apolog.
1546 3348 1614 3392 14.
1667 3352 1711 3390 et
1744 3345 1921 3389 Laert.
1964 3346 2012 3387 n.
2045 3345 2113 3390 37.
