2158 3718
708 186 789 223 AD
830 186 1191 226 SYMPOSIUM.
1627 191 1797 227 LXVII

14 374 26 377 ⁷.
99 330 260 381 quam
285 312 464 366 -levem
501 320 555 366 et
590 312 859 383 exiguam,
899 322 1073 367 tamen
1107 332 1208 369 nec
1232 313 1411 367 rerum
1435 315 1677 367 notiones
1702 334 1795 368 ex-

17 438 23 444 ,
100 383 267 452 quirit
303 383 568 448 subtilius,
605 402 705 436 nec
741 383 1014 438 absolutae
1038 384 1279 438 veritatis
1304 385 1665 457 cognitionem
1688 387 1797 440 ullo

100 452 261 507 modo
303 453 620 522 assequitur,
671 453 872 524 quippe
915 454 1139 508 haerens
1184 473 1355 524 usque
1400 475 1465 509 ac
1503 454 1797 508 subsistens

98 524 156 575 in
190 524 494 596 vulgarium
528 523 840 593 opinionum
885 533 938 577 et
981 544 1157 579 rerum
1193 525 1262 578 ad
1297 526 1440 579 vitae
1462 545 1634 579 -usum
1669 545 1793 596 per-

100 593 383 647 tinentium
405 594 493 655 vel
511 594 970 649 animadversione
988 596 1074 649 vel
1093 597 1549 662 commentatione.
1587 595 1795 662 Quem-

101 663 389 717 admodum
426 664 567 717 enim
589 665 646 717 in
668 664 917 718 Phaedro
951 666 1122 719 oratio
1146 666 1348 736 Lysiae
1385 676 1437 720 et
1457 667 1606 738 prior
1629 668 1799 720 oratio

101 731 392 797 Socratica,
441 752 579 803 quae
624 735 694 788 ad
728 735 871 790 illius
909 736 1310 790 similitudinem
1357 745 1660 807 comparata
1687 746 1796 802 est,

100 804 392 886 opponitur
426 805 580 858 alteri
618 806 845 859 orationi
877 804 1143 872 Socratis,
1174 825 1311 876 quae
1346 807 1571 878 perfecti·
1604 809 1799 862 amoris

98 894 210 928 vim
253 875 426 946 aperit
471 894 533 929 ac
573 876 828 941 declarat,
875 877 1116 946 adeoque
1164 887 1316 947 parte
1352 878 1475 932 libri
1511 878 1677 931 altera
1712 879 1797 931 in-

101 945 340 999 stituitur
394 946 718 1017 comparatio
771 948 909 1000 inter
962 947 1294 1001 dialecticam
1350 957 1401 1002 et
1454 948 1795 1013 rhetoricam,

98 1016 242 1069 unde
260 1024 519 1085 quantum
536 1017 629 1070 illa
650 1016 776 1070 huic
799 1018 1096 1081 antecellat,
1121 1013 1414 1089 appareat,
1451 1020 1528 1071 ita
1550 1019 1605 1072 in
1635 1017 1797 1089 Sym-

97 1087 250 1158 posio
275 1087 542 1140 orationes
559 1087 764 1169 priores
788 1088 1182 1156 quodammodo
1201 1089 1495 1142 contrariae
1516 1087 1640 1142 sunt
1675 1110 1795 1143 ora-

99 1156 334 1211 tionibus
369 1154 610 1210 Socratls
654 1166 707 1210 et
741 1156 1058 1222 Alcibiadis,
1078 1195 1082 1201 -
1106 1176 1333 1227 quarum
1380 1159 1548 1212 altera
1583 1159 1802 1213 exhibet

99 1228 292 1282 amoris
343 1228 571 1299 perfecti
622 1227 916 1298 perfectam
969 1227 1285 1299 imaginem,
1352 1230 1518 1283 altera
1571 1230 1798 1282 eandem

100 1305 330 1352 ostentat
373 1298 431 1350 in
468 1296 690 1351 Socrate
727 1306 998 1368 tamquam
1043 1299 1167 1352 vivo
1205 1318 1517 1370 expressam
1553 1319 1615 1354 ac
1651 1301 1801 1354 velut

98 1368 440 1422 relucentem.
518 1367 736 1439 Quippe
783 1366 908 1422 illae
955 1369 1223 1438 orationes
1268 1389 1451 1424 omnes
1497 1371 1553 1423 in
1603 1370 1799 1423 amoris

101 1447 321 1493 externa
359 1438 538 1511 specie
582 1439 826 1492 rimanda
870 1448 1168 1504 versantur,
1218 1441 1464 1512 neglecta
1508 1440 1800 1493 subtilitate

100 1510 401 1572 dialectica3
439 1509 609 1562 divini
643 1509 839 1563 amoris
874 1510 984 1564 vim
1014 1518 1381 1580 naturamque,
1417 1529 1579 1581 quam
1604 1509 1800 1565 Socra-

102 1581 171 1634 tis
188 1580 358 1634 oratio
382 1579 615 1644 exhibet,
651 1579 1065 1650 haudquaquam
1087 1590 1461 1664 assequuntur.
1497 1581 1650 1635 Idem
1673 1599 1801 1636 vero

101 1651 260 1704 etiam
302 1650 362 1703 in
395 1649 642 1704 Phaedro
676 1650 795 1704 fieri
830 1651 1185 1717 meminimus,
1233 1671 1291 1705 m
1335 1671 1445 1722 quo
1467 1651 1624 1706 ²Iibro
1659 1670 1801 1721 quae

100 1721 335 1791 priorem
373 1729 557 1774 tenent
590 1722 786 1785 locum,
822 1721 890 1775 iis
923 1730 1066 1775 certe
1090 1722 1219 1775 item
1243 1723 1560 1787 declaratur,
1599 1731 1802 1792 quanto

103 1786 325 1845 inferior
349 1792 418 1845 sit
453 1791 741 1862 sophistice
779 1800 834 1846 et
856 1792 1119 1846 rhetorice
1144 1801 1256 1846 arte
1282 1793 1562 1846 dialectica
1585 1794 1800 1845 nomine

104 1881 200 1916 suo
237 1861 419 1945 digna.
459 1862 800 1932 Quamquam
833 1863 891 1915 in
914 1862 1161 1915 Phaedro
1195 1863 1488 1917 rhetorices
1510 1863 1800 1932 reprehen-

103 1933 182 1986 sio
217 1951 390 1987 acnor
425 1942 506 1986 est
543 1941 595 1987 et
631 1934 864 2005 apertior
885 1933 1276 2002 maximamque
1299 1952 1470 2003 paene
1496 1934 1658 1986 totius
1685 1951 1800 1986 ser-

102 2003 275 2056 monis
309 2011 519 2074 partem
556 2002 659 2056 sibi
694 2004 958 2068 vindicat,
997 2003 1054 2056 in
1079 2001 1368 2074 Symposio
1405 2013 1591 2057 contra
1615 2003 1802 2058 tectior

103 2082 186 2127 est
231 2082 392 2143 atque
435 2074 622 2139 lenior,
670 2082 732 2127 ut
781 2073 1008 2127 subinde
1052 2074 1290 2127 urbanae
1335 2074 1682 2128 cavillationis
1722 2074 1800 2127 le-

103 2162 289 2215 porem
324 2145 417 2198 vix
453 2144 669 2198 sent-ias.
706 2143 973 2197 Nimirum
1011 2162 1202 2198 caussa
1236 2144 1396 2198 huius
1432 2145 1513 2198 rei
1547 2145 1723 2215 posita
1745 2144 1802 2196 in

107 2234 169 2269 eo
209 2223 307 2279 est,
347 2215 491 2285 quod
524 2215 581 2266 in
604 2213 852 2268 Phaedro
877 2215 1156 2268 dialectica
1218 2215 1382 2268 ariter
1405 2223 1564 2283 atque
1591 2214 1802 2268 divinae

106 2285 399 2356 sapientiae
446 2304 594 2338 amor
629 2293 902 2353 tamquam
937 2285 1183 2355 philosop
1223 2285 1307 2337 iae
1342 2285 1608 2355 principia
1642 2285 1699 2336 in
1733 2284 1798 2337 il-

104 2356 355 2410 lustriore
399 2357 519 2410 luce
567 2356 905 2419 collocantur,
951 2355 1028 2406 ita
1071 2355 1304 2422 quidem,
1351 2363 1415 2406 ut
1460 2354 1608 2407 alteri
1653 2372 1803 2406 amor

106 2427 196 2480 vul
239 2427 362 2491 aris,
415 2426 567 2480 alteri
602 2425 841 2498 vulgaris
876 2424 1145 2477 rhetorica
1181 2443 1248 2477 ex
1284 2424 1509 2478 adverso
1536 2432 1801 2494 ponatur,

106 2498 162 2549 in
245 2497 488 2567 ymposio
533 2504 713 2549 autem
757 2513 896 2548 unus
941 2495 1174 2548 maxime
1220 2513 1368 2548 amor
1411 2495 1708 2548 illustratur
1742 2511 1804 2546 ac

107 2563 416 2621 dialecticae
453 2575 507 2620 et
526 2566 866 2636 sophisticae
901 2566 1069 2618 veluti
1104 2565 1276 2618 obiter
1311 2573 1517 2618 tantum
1541 2565 1674 2618 ratio
1700 2564 1801 2616 du-

107 2638 260 2692 citur.
318 2635 431 2695 Sed
476 2638 545 2690 de
580 2636 830 2690 Phaedro
869 2654 966 2689 suo
1014 2645 1253 2704 tempore
1298 2636 1518 2689 uberius
1565 2634 1803 2706 explica-

106 2708 283 2762 bimus
317 2708 376 2760 in
409 2707 812 2780 Prolegomenis
849 2706 1002 2760 alteri
1035 2705 1159 2759 libri
1197 2706 1414 2759 editioni
1455 2707 1803 2776 praemitten-

108 2778 209 2842 dis,
247 2778 443 2847 quibus
480 2778 695 2832 demum
720 2777 987 2848 evulgatis
1018 2777 1367 2848 perspicuum
1398 2775 1508 2840 fiet,
1547 2782 1806 2845 quorsum

108 2849 241 2901 haec
287 2857 473 2902 nostra
519 2848 781 2915 sententia
825 2847 1111 2901 referenda
1158 2848 1241 2900 sit.
1315 2846 1580 2901 Videmur
1627 2854 1807 2899 autem

110 2920 196 2971 vel
219 2918 301 2970 his
329 2919 458 2971 satis
481 2919 822 2989 patefecisse,
847 2926 1049 2987 quanta
1070 2917 1212 2970 inter
1234 2916 1538 2970 Phaedrum
1563 2925 1616 2969 et
1641 2914 1804 2986 Sym-

111 2989 322 3059 posium
365 2989 662 3045 intercedat
705 2988 1007 3041 coniunctio
1046 2995 1100 3041 et
1134 2987 1494 3049 necessitudo,
1554 2988 1806 3040 Alterum

113 3059 253 3112 enim
288 3076 425 3128 opus
461 3057 626 3111 altero
662 3058 827 3111 veluti
862 3065 1260 3112 consummatur
1295 3066 1456 3128 atque
1492 3056 1801 3115 absolvitur,

113 3138 174 3181 ut
220 3128 374 3182 ambo
419 3146 592 3197 paene
636 3146 803 3180 unum
833 3146 1042 3199 corpus
1079 3127 1339 3182 conficere
1377 3125 1670 3181 existimari
1708 3123 1802 3174 de-

114 3201 290 3252 beant.
365 3195 728 3264 Quamobrem
773 3216 837 3250 ea
882 3217 981 3251 nec
1034 3199 1260 3251 multum
1303 3198 1518 3251 diverso
1566 3204 1805 3263 tempore

118 3269 318 3340 scripta
361 3287 479 3321 esse
525 3267 777 3320 credibile
823 3275 929 3331 est,
985 3268 1299 3338 praesertim
1341 3286 1507 3337 quum
1554 3262 1805 3334 Sympos.

0 3335 1 3404 l
114 3358 168 3408 p.
198 3341 317 3392 182.
343 3338 412 3391 A.
451 3346 631 3409 aperte
668 3338 737 3390 ad
773 3335 1078 3390 Phaedrum
1114 3338 1448 3408 respiciatur.

0 3405 3 3466 ἱ
70 3495 77 3504 1
1444 3413 1469 3472 †
