2158 3718
260 74 371 127 274
993 76 1311 120 PLATONIS

160 225 247 266 109
265 217 388 267 δεῖν
425 213 563 284 μήτε
601 212 763 284 ἀέρος
799 212 939 285 πρὸς
975 212 1038 267 τὸ
1076 211 1150 283 μὴ
1189 223 1384 268 πεσεῖν
1420 216 1556 285 μήτε
1594 213 1768 285 ἄλλης
1805 216 2055 289 ἀνάγκης
2132 238 2158 271 -ῑ

166 314 172 324 ·
260 298 531 367 μηδεμιᾶς
565 299 852 368 τοιαύτης,
903 295 1046 351 ἄλλα
1093 295 1295 367 ἱκανὴν
1332 295 1477 352 εἶναι
1515 297 1693 369 αὐτὴν
1732 304 1910 370 ἴσχειν
1946 301 2051 373 τὴν

261 380 559 452 ὁμοιότητα
596 387 699 437 τοῦ
739 380 991 452 οὐρανοῦ
1030 378 1208 434 αὐτοῦ
1247 381 1426 454 ἑαυτῷ
1462 384 1644 454 πάντῃ
1684 385 1778 437 καὶ
1814 389 1913 455 τῆς
1948 391 2051 456 γῆς

261 465 434 536 αὐτῆς
478 465 583 536 τὴν
633 467 992 536 ι’σορῤοπίαν·
1064 466 1372 537 ἰσόρῤοπον
1418 465 1528 538 γαρ
1575 472 1803 538 πρᾶγμα
1849 467 2049 538 ὁμοίου
2152 500 2158 540 5

259 548 411 613 τινὸς
450 552 514 604 ἐν
551 552 700 621 μέσῳ
738 552 907 603 τεθὲν
944 546 1048 618 οὐχ
1092 548 1201 614 ἕξει
1238 554 1454 620 μᾶλλον
1501 551 1628 605 οὐδ’
1667 546 1837 622 ἧττον
1875 551 2050 607 οὐὸα-
2151 567 2158 602 ε

259 635 397 703 μόσε
446 639 741 703 κλιθῆναι,
791 632 995 703 ὁμοίως
1041 632 1094 687 δ’
1136 636 1265 703 ἕχον
1303 632 1525 699 &octavae
1571 646 1744 706 μενεῖ.
1821 642 2049 707 πρῶτον

215 767 218 776 ,
259 720 389 787 μέν,
436 714 470 788 ἦ
510 717 564 770 δ’
605 717 693 786 ὃς,
743 722 910 771 τοῦτο
949 717 1268 788 πέπεισμαι.
1343 717 1681 787 Καὶκόρθεός
1725 740 1818 790 γε,
1867 723 1975 791 ἔφη
2018 720 2051 774 ὁ

370 889 416 931 Ρ.
441 890 536 933 109.
567 883 779 944 ἱκανὴν
821 885 998 945 εἶναι]
1043 891 1098 934 V.
1126 885 1299 946 ἱκανήν
1328 905 1396 946 γε.
1439 891 1668 933 Omisimus
1709 904 1762 945 γε
1791 905 1886 933 cum
1922 893 2049 934 Bodl.

255 948 353 987 Vat.
376 947 482 990 Tub.
513 948 622 988 Ven.
645 947 746 989 ΛΠ
769 948 894 988 Vind.
919 948 957 988 Φ
988 949 1080 989 Par.
1108 947 1296 989 CEHIL
1327 950 1474 990 Ambr.
1498 949 1610 1000 Aug.
1635 947 1742 991 F.lor
1767 961 1792 988 a
1815 949 2050 990 badim.

256 1004 305 1043 In
333 1003 454 1046 Bodl
483 1016 614 1057 supe1
642 1016 771 1045 versu
800 1005 1063 1070 adsciiptum
1099 1004 1265 1058 legitur.
1311 1005 1440 1047 Coisl.
1478 1004 1570 1045 Par.
1567 977 1629 1045 oG
1658 1017 1707 1046 τε
1736 1004 1905 1047 habeut.
1946 1005 2048 1046 Mox

258 1057 387 1102 Coisl.
408 1060 501 1100 Par.
527 1061 561 1101 G
583 1054 733 1102 αὐτοῦ
755 1059 840 1101 τοῦ
863 1053 1090 1115 οὐρανοῦ.

255 1129 404 1214 νίῐιᾱπ
413 1114 595 1217 ἓῶἕοῖν
609 1113 760 1214 Eug'ffl
773 1116 988 1216 Ετοὲτὲῐῗέῑ.
997 1114 1420 1217 pbqlsgrfbitvbadiguinssn
1427 1117 1843 1218 ,TgijxsecbOisllabXZt
1855 1117 2047 1216 ἔῗὲτοέ

255 1223 343 1282 μὲν
365 1224 442 1282 δή.
489 1230 664 1270 Addidit
683 1229 847 1272 τοίνυν
868 1231 1100 1273 Bekkerus.
1143 1231 1229 1271 Sed
1257 1238 1372 1271 recte
1401 1233 1620 1283 antiquum
1645 1238 1871 1271 servarunt
1891 1188 2044 1284 Superi

257 1286 455 1328 editores.
498 1287 640 1327 'Verba
661 1275 694 1340 ἦ
722 1279 771 1327 δ’
801 1279 853 1335 ὅς
876 1299 959 1329 om.
986 1287 1449 1329 Coisl.Vat.V·1nd.d⁵
1471 1289 1566 1331 Par.
1593 1289 1626 1330 G
1647 1287 1795 1329 Ambr.
1818 1287 1929 1330 Flor.
1952 1299 1978 1327 a
1999 1288 2042 1331 d.

255 1342 341 1382 Alii
381 1350 480 1396 post
519 1338 781 1398 πέπεισμαι
818 1343 1047 1409 collocant,
1091 1353 1137 1384 ut
1166 1345 1275 1385 Ven.
1299 1346 1340 1385 Λ
1376 1344 1471 1385 Par.
1496 1343 1687 1385 CEHIL
1729 1343 1837 1384 Flor.
1860 1343 2046 1418 bcirn

255 1398 402 1439 Paullo
424 1406 522 1439 aute
542 1400 670 1452 vulgo
693 1407 780 1440 erat
801 1392 992 1448 ακλινὲς
1013 1395 1147 1454 μένει
1168 1401 1313 1442 invitis
1335 1401 1565 1443 codicibus.

254 1551 325 1593 ap.
350 1538 610 1580 Aeschinem
640 1553 682 1593 p.
714 1542 794 1581 112
818 1541 884 1583 ed.
908 1539 1040 1583 Clerc.
1067 1548 1108 1579 et

253 1596 374 1637 Plato
395 1597 439 1636 in
460 1597 567 1640 Tim.
592 1594 746 1651 p.4oc
767 1597 828 1648 (et
848 1597 892 1636 in
912 1596 1106 1637 Phaedro

253 1666 295 1706 p.
317 1653 399 1694 247
421 1651 498 1704 A).
542 1654 605 1692 An
644 1666 744 1694 vero
782 1654 841 1694 ibi
871 1654 1105 1694 secundum

251 1708 368 1749 hune
396 1709 507 1750 circa
536 1718 727 1749 centrum
748 1722 874 1750 suum
898 1710 1105 1757 volvatur,

253 1778 307 1805 an
328 1777 506 1819 prorsus
527 1767 731 1818 quiescat,
753 1766 861 1806 inter
889 1766 1020 1809 Arist.
1044 1766 1105 1806 De

253 1823 371 1862 coelo
401 1822 453 1864 II.
481 1823 534 1863 13
564 1829 606 1862 et
632 1823 827 1863 Proclum
854 1822 898 1862 in
929 1823 1037 1864 Tim.
1061 1836 1102 1876 p.

251 1878 336 1919 280
377 1891 470 1930 sqq.
527 1891 797 1931 nequaquam
857 1880 1105 1921 couvenit.“

251 1934 583 1976 FORSTERUS.
606 1936 782 1976 Procius
806 1936 885 1976 hoc
907 1936 999 1977 loco
1022 1937 1105 1976 uti-

252 2000 320 2031 tur
349 1991 403 2031 ad
430 1991 682 2033 refutandos
713 2005 802 2042 eos,
848 1993 921 2044 qui
954 2006 1005 2033 ex
1035 1992 1101 2032 Ti-

254 2059 371 2088 maeo
403 2047 549 2102 colligi
579 2061 709 2102 posse
737 2050 944 2103 putabant
964 2049 1102 2089 Plato-

254 2117 348 2144 nem
370 2106 573 2146 statuisse
602 2115 756 2145 terram
777 2107 934 2145 circum
956 2106 1104 2145 mundi

251 2161 396 2214 polum
419 2162 547 2203 rotari
577 2174 713 2214 neque
735 2163 952 2203 immotam
976 2169 1100 2203 stare.

249 2217 311 2258 De
334 2229 416 2268 qua
436 2230 483 2258 re
504 2219 589 2262 vid.
614 2218 887 2262 Ruhnken.
919 2219 974 2259 ad
994 2219 1100 2261 Tim.

249 2275 355 2315 Lex.
398 2287 438 2328 p.
481 2276 671 2319 69—72.
725 2275 1100 2328 Wyttenbach.

248 2333 408 2374 Annot.
449 2332 512 2373 ad
543 2332 664 2372 Bakii
702 2332 902 2375 Posidon.
945 2346 987 2385 p.
1031 2334 1098 2375 61.

254 2387 477 2428 Boeckh.
520 2389 581 2428 De
617 2389 836 2431 Platonico
869 2397 1102 2442 systemate

252 2444 499 2484 coelestium
546 2445 766 2499 globorum
811 2458 854 2498 p.
885 2446 1028 2486 VII—
1041 2446 1101 2486 XI

253 2506 292 2539 et
314 2508 459 2540 nostra
481 2502 535 2541 ad
556 2502 658 2542 Tim.
681 2516 724 2572 p.
749 2505 804 2543 40
823 2503 870 2545 Β.

307 2557 351 2598 Ρ
380 2558 476 2599 109.
509 2551 653 2599 ἀλλὰ
695 2551 910 2622 ἱκανὴν
944 2553 1102 2600 εἶναι

249 2609 362 2677 —J
366 2612 407 2652 h.
434 2626 468 2652 e.
513 2606 635 2655 αλλὰ
678 2608 730 2655 ῦὸ
773 2608 857 2655 τὸν
889 2607 1101 2673 οὐρανὸν

250 2661 397 2710 αυτὸν
420 2660 574 2709 ἕαυτῶ
605 2663 762 2736 πάντῃ
783 2662 952 2733 ὅμοιον
975 2665 1101 2711 εἶναι

248 2720 332 2764 καὶ
373 2717 462 2789 τὴν
501 2715 592 2779 γῆν
642 2739 796 2779 αυτην
845 2719 1099 2779 ἰσόρᾇπον

250 2774 423 2822 ἱκανὸν
446 2775 587 2834 εἶναι,
612 2781 745 2822 intell.
769 2783 826 2822 ad
854 2795 962 2821 eam
988 2795 1096 2823 sus-

247 2836 530 2878 tinendam
591 2837 767 2878 Dativus
809 2831 961 2895 ἑαυτῷ
994 2852 1095 2891 pen—

248 2893 321 2937 det
344 2905 364 2931 e
386 2893 556 2933 nomine
578 2885 603 2934 ὁ
643 2907 817 2960 οιοτης.
861 2882 1031 2935 Theaet.
1054 2909 1096 2948 p.

251 2949 331 2990 176
351 2949 384 2989 Β
415 2943 546 3003 φυγὴ
571 2907 870 3015 ὃςὸμοίωσις
891 2950 993 3007 θεῷ
1015 2965 1098 2993 κα-

250 3018 308 3046 τα
341 2998 394 3046 τὸ
436 3000 661 3050 δυνατόν.
711 3008 839 3047 lea
879 3009 922 3048 id
962 3021 1097 3061 genus

250 3062 445 3103 dedimus
486 3063 541 3103 ad
568 3063 804 3134 Euthyplir.
834 3078 876 3117 p.
910 3066 960 3105 13
962 3038 1017 3106 OD
1060 3073 1099 3104 et

251 3119 304 3159 15
333 3119 382 3158 Α.
430 3119 534 3162 Voc.
578 3113 833 3173 ἰσόρᾇπον
874 3122 1095 3174 Hesych.

248 3176 550 3229 interpretatur
571 3190 610 3216 ν.
635 3173 876 3247 ἰσοβαρές,
901 3165 1022 3231 ἴσον,
1047 3171 1096 3219 ἐκ

248 3231 526 3297 μεταφορᾶς
548 3231 643 3275 τῶν
671 3227 735 3287 μὴ
760 3228 999 3298 ρεποντων
1022 3234 1096 3285 ζυ-

248 3286 358 3340 γῶν,
401 3286 485 3330 καὶ
515 3279 866 3344 ἰσόσταθμον
841 3304 870 3344 η
911 3282 1094 3344 όμοιον.

250 3343 529 3397 Cogitandum
563 3346 616 3387 de
657 3354 835 3388 terrae
864 3349 1094 3397 aequili-

246 3400 456 3444 britate.
500 3402 758 3445 Sententiam
782 3410 893 3445 recte.
917 3417 1092 3458 expres—

1194 1542 1251 1581 sit
1268 1540 1571 1595 Stephanus
1594 1540 1659 1582 his
1676 1540 1840 1582 verbis:
1863 1553 2042 1580 verum

1193 1598 1255 1638 ad
1283 1610 1392 1637 eam
1420 1598 1753 1638 retinendam
1789 1596 1926 1638 satis
1959 1609 2044 1636 es—

1193 1655 1657 1706 se‚quodcoelum
1679 1652 2043 1706 sibiquaqua-

1191 1724 1381 1751 versus
1432 1712 1612 1752 simile
1661 1712 1752 1761 sit,
1815 1716 1862 1750 et
1901 1711 2043 1762 quod

1191 1769 1309 1821 ipsa
1350 1769 1419 1807 sit
1468 1767 1802 1819 aequilibris.
1855 1766 1938 1809 Cic.
1981 1766 2044 1806 De

1167 1852 1171 1854 -
1194 1835 1280 1864 nat.
1303 1826 1419 1865 deor.
1443 1826 1494 1867 11.
1520 1826 1574 1866 39
1604 1838 1656 1865 ac
1684 1824 1898 1876 principio
1921 1828 2042 1863 terra

1184 1882 1388 1922 universa
1417 1886 1631 1926 cernatur,
1663 1883 1805 1921 locata
1833 1881 1877 1919 in
1905 1880 2043 1920 media

1189 1940 1332 1978 mundi
1357 1939 1479 1987 sede,
1524 1939 1663 1979 solida
1693 1942 1735 1978 et
1761 1936 1958 1989 globosa,
1999 1941 2042 1976 et

1189 1996 1372 2048 undique
1409 1996 1507 2047 ipsa
1543 1996 1585 2035 in
1621 2007 1716 2035 sese
1754 1993 1918 2034 nutibus
1954 1995 2042 2033 suis

1191 2051 1456 2104 conytobata.
1489 2051 1550 2091 De
1577 2058 1681 2092 orat.
1705 2051 1775 2090 ΙΙΙ.
1798 2050 1853 2090 45
1881 2051 2041 2091 incolu-

1189 2109 1348 2149 mitatis
1377 2121 1428 2148 αο
1457 2110 1606 2148 salutis
1627 2108 1801 2148 omnium
1821 2119 1953 2147 causa
1978 2107 2042 2147 vi-

1192 2166 1334 2205 demus
1370 2165 1478 2205 hunc
1514 2170 1668 2206 statum
1705 2176 1797 2205 esse
1826 2163 1946 2203 huius
1976 2167 2038 2203 to-

1192 2223 1272 2262 tius
1309 2223 1451 2263 mundi
1486 2227 1614 2275 atque
1655 2226 1856 2269 naturae,
1894 2225 2039 2260 rotun-

1191 2279 1284 2318 dam
1314 2284 1359 2322 ut
1389 2281 1560 2329 coelum,
1593 2283 1798 2332 terraque
1828 2282 1873 2316 ut
1901 2276 2039 2316 media

1188 2336 1257 2382 sit,
1289 2348 1421 2388 eaque
1450 2348 1529 2375 sua
1558 2336 1599 2376 vi
1617 2340 1800 2388 nutuque
1830 2338 2037 2373 teneatur.

1189 2390 1319 2431 Plura
1347 2390 1797 2455 wyttenbachius
1839 2389 1895 2429 ad
1934 2388 1976 2429 h.
2005 2388 2035 2431 l.

1190 2448 1270 2496 Qui
1305 2458 1446 2488 tamen
1487 2449 1601 2500 quod
1641 2448 1793 2488 statuit.
1818 2445 2038 2486 Platonem

1189 2517 1335 2544 secum
1366 2506 1460 2558 ipso
1492 2497 1745 2558 discrepare,
1775 2502 1936 2556 quippe
1965 2498 2037 2554 qui

1187 2561 1231 2600 in
1267 2562 1437 2601 Timaeo
1473 2575 1516 2614 p.
1539 2563 1595 2603 40
1617 2562 1648 2601 B
1683 2567 1838 2601 terram
1874 2570 1955 2599 non
1993 2558 2036 2598 in

1187 2617 1327 2658 medio
1350 2631 1444 2658 esse
1462 2630 1597 2668 neque
1614 2618 1831 2658 immotam
1846 2626 2037 2668 manere,

1188 2673 1266 2712 sed
1287 2674 1399 2712 circa
1420 2674 1568 2713 mundi
1595 2674 1738 2725 polum
1763 2671 1925 2712 versari
1947 2679 2036 2711 sta·
2069 2674 2072 2678 '

1188 2729 1330 2776 tuerit,
1354 2731 1396 2768 iu
1420 2741 1467 2769 eo
1485 2729 1675 2769 nonnihil
1692 2729 1863 2776 fallitur,
1883 2727 1937 2767 de
1953 2739 2037 2779 qua

1186 2798 1231 2824 re
1261 2798 1299 2825 v.
1331 2785 1561 2828 Boeckh.
1595 2786 1655 2825 De
1684 2793 1857 2838 system.
1895 2784 2033 2823 coele—

1188 2841 1314 2882 stium
1337 2843 1559 2895 globorum
1583 2843 1845 2895 p.Vllseqq.
1867 2847 1906 2879 et
1927 2852 2037 2892 quae

1188 2911 1264 2938 nos
1294 2899 1349 2938 ad
1378 2899 1540 2939 Timaei
1568 2899 1706 2939 locum
1738 2897 2034 2951 exposuimus.

1188 2953 1381 2994 Ceterum
1416 2955 1522 2995 haec
1560 2963 1660 2996 sunt
1688 2956 1826 3009 prima
1858 2953 2035 3006 vestigia

1188 3012 1342 3051 decreti
1364 3013 1654 3064 gravitatis
1679 3020 1827 3066 postea
1849 3022 1874 3050 a
1898 3009 2035 3049 Neu-

1187 3076 1309 3107 tono
1335 3069 1559 3120 explicitae
1588 3076 1715 3120 atque
1743 3066 1890 3121 placiti
1917 3066 1971 3106 de
1991 3067 2034 3106 vi

1186 3125 1486 3178 centripeta
1561 3125 1701 3165 iudice
1767 3122 2035 3165 Montucla

1186 3181 1291 3221 Hist.
1315 3182 1513 3222 mathem.
1538 3182 1585 3224 T.
1611 3183 1644 3223 1.
1665 3194 1707 3235 p.
1730 3182 1823 3222 112.

1243 3288 1449 3348 ὁμοίου
1510 3287 1683 3345 τινός]
1742 3294 1784 3337 h.
1829 3305 1864 3335 e.
1918 3291 2031 3332 eius

1186 3352 1322 3401 quod
1343 3351 1643 3404 sibiipsum
1668 3349 1840 3390 simile
1863 3356 2034 3399 est‚ut

1184 3407 1291 3449 Tim.
1315 3421 1357 3462 p.
1379 3409 1434 3449 42
1460 3408 1501 3450 C.
1538 3409 1590 3450 67
1612 3407 1658 3447 Β.
1682 3408 1734 3450 al.
