2158 3718
370 192 407 242 8
1007 187 1426 241 PLA'role

372 340 610 392 ἐπινίκια
667 337 843 392 ἔθυεν
897 331 1072 398 αὐτός
1126 353 1185 388 τε
1243 334 1351 388 καὶ
1393 339 1447 390 οἱ
1499 338 1779 406 χορευταί.
1863 335 2052 406 Πάνυ,

368 425 506 497 ἔφη,
562 416 676 494 ἄρα
720 417 931 490 πάλαι,
987 415 1063 482 ὡς
1101 420 1294 474 ἔοικεν.
1336 415 1480 473 ἀλλὰ
1529 423 1612 484 τίς
1651 438 1744 476 σοι
1783 422 2054 492 daupein,-

371 501 407 572 ἢ
451 501 626 568 αὐτὸς
666 500 1010 573 Σωκράτηςς
1099 497 1177 556 Οὐ
1233 498 1313 572 μὰ
1367 499 1470 558 τὸν
1511 507 1643 570 Δία,
1699 495 1771 572 ἦν
1812 503 1866 560 δ’
1930 505 2057 576 ἐγώ.

372 584 501 644 ἀλλ’
551 584 716 660 ὅςπερ
767 589 1020 643 Φοίνικι·
1056 582 1453 658 Ἀριστόδημος
1497 579 1565 655 ἦν
1605 608 1719 654 τις,
1774 591 2058 659 Κυδαθηι

373 667 587 748 ναιεύς,
655 669 907 744 σμικρός,
971 667 1329 737 ἀνυπόδητος
1393 667 1507 726 ἀεί·
1573 670 1940 744 παραγεγόνει
1995 672 2046 731 δ’

373 762 435 812 ’ἐν
469 757 537 832 τῇ
583 758 852 827 συνουσίᾳ
894 748 1242 827 Σωκράτους
1281 751 1516 826 ἐραστὴς
1556 751 1634 811 ὢν
1675 763 1737 812 ἐν
1778 766 1899 823 τοῖς
1941 757 2053 831 μα’-

372 843 537 894 λιστα
588 840 702 894 τῶν
746 839 903 906 τότε,
947 838 1022 904 ὡς
1062 840 1185 910 ἐμοὶ
1224 840 1392 895 δοκεῖ.
1438 837 1505 894 οὐ
1546 845 1736 911 μέντοι
1773 839 1920 897 ἀλλὰ
1962 845 2056 899 καὶ

366 919 650 998 Σωκράτη
695 946 756 994 γε
800 929 917 980 ἔνια
964 919 1071 993 ἤδη
1113 920 1409 996 ἀνηρόμην
1448 914 1527 978 ὧν
1565 928 1776 981 ἐκείνου
1820 921 2055 995 ἥκουσα,

1065 1035 1079 1066 Ι

479 1144 507 1199 ἢ
539 1143 710 1195 &abac
735 1144 933 1199 Zona]
973 1139 1000 1197 ἧ
1034 1144 1131 1188 Vat.
1160 1142 1214 1188 A.
1245 1145 1374 1187 male.

478 1216 533 1259 B.
601 1213 1068 1272 Κυδαθηναιεύς]
1131 1215 1182 1256 V.
1232 1213 1554 1270 Κυδαθητεύς,
1615 1215 1789 1259 vitiose.
1848 1209 2056 1262 Errooem

367 1275 534 1328 primus
573 1272 1023 1316 correxitFisclierus
1061 1273 1426 1315 consentientibus
1466 1271 1697 1323 codicibus
1722 1269 1812 1316 l’ere
1839 1274 2053 1318 omuibus.

365 1329 475 1375 Dein
515 1328 785 1377 α’νυηόδετος
825 1331 929 1373 Ven.
969 1332 1016 1374 Ξ.
1057 1329 1179 1372 vind.
1221 1329 1263 1374 2.
1331 1331 1420 1372 Pro
1458 1332 1571 1384 vulg.
1613 1329 1695 1371 αἰεὶ
1730 1331 1829 1375 vat.
1858 1333 1910 1375 A.
1951 1334 2056 1378 Veu.

368 1389 416 1432 Ξ.
453 1388 578 1433 vind.
608 1387 653 1432 2.
687 1383 792 1430 Zitt.
825 1386 910 1440 dec,
942 1387 1056 1443 quod
1076 1389 1233 1442 recepi.
1294 1387 1360 1430 De
1389 1387 1587 1430 codicum
1619 1387 1910 1444 discrepantia
1940 1386 2052 1433 conf.

369 1445 607 1489 Schneider
645 1446 700 1487 ad
738 1446 900 1500 Remp.
938 1446 964 1487 1.
999 1459 1042 1500 p.
1073 1445 1142 1490 96.
1180 1451 1226 1487 et
1254 1443 1353 1489 246.
1422 1447 1598 1487 Certum
1638 1444 1788 1488 sedem
1827 1447 1955 1500 habet
1992 1447 2060 1490 ἀεὶ

366 1503 474 1545 infra
508 1517 550 1558 p.
582 1502 683 1548 203.
713 1503 764 1548 C.
787 1504 836 1545 D.
861 1503 913 1544 Ε.
946 1505 1017 1556 al.,
1052 1501 1167 1544 conf.
1199 1502 1322 1544 Bast.
1354 1501 1408 1544 ad
1440 1504 1630 1556 Gregor.
1651 1501 1844 1546 Corinth.
1878 1519 1923 1561 p.
1956 1505 2055 1550 346.

364 1561 525 1616 Poppo
563 1561 768 1661 ΡῦοΙεςς.
809 1559 865 1602 ad
903 1559 1097 1615 Tlnucyd.
1138 1574 1181 1615 p.
1218 1559 1316 1605 415.
1361 1558 1643 1615 napsyeyo‘ru
1683 1560 1785 1603 Ven.
1827 1563 1874 1606 Ξ.
1907 1564 2054 1606 Ambr.

366 1619 474 1674 Aug.
506 1631 559 1661 w.
628 1622 686 1660 at.
720 1631 758 1659 ι·.

441 1720 449 1723 ›.
480 1687 542 1732 οὔ
582 1689 776 1747 μέντοι
813 1687 947 1730 ἀλλὰ
989 1687 1080 1730 καὶ
1117 1686 1400 1745 Σωκράτη]
1439 1687 1512 1729 καὶ
1542 1702 1629 1732 om·
1665 1686 1797 1733 Coisl.
1829 1689 1932 1736 Par.
1962 1691 2055 1735 EF.

366 1746 521 1803 Auget.
551 1749 592 1790 u.
626 1736 723 1790 vat.
755 1761 791 1790 s.
825 1746 932 1790 Ven.
964 1753 996 1788 t.
1031 1746 1152 1811 Flor.
1183 1760 1222 1789 a.
1257 1746 1296 1790 b.
1326 1760 1363 1791 c.
1394 1747 1422 1787 i.

366 1903 487 1943 mus,
530 1890 592 1934 ita
636 1887 914 1948 statuendum
950 1892 1170 1943 putamus,

367 1954 416 1991 ut
453 1953 533 1991 aut
571 1946 598 2001 ἢ
627 1953 729 1991 ante
763 1949 788 2000 ᾗ
824 1945 1037 1988 excidisse
1077 1947 1171 1989 exi-

366 2004 629 2049 stimandum
661 2006 740 2057 sit,
770 2008 845 2046 aut
873 2016 952 2059 pro
983 1997 1010 2057 ᾗ
1040 2016 1170 2059 repo-

365 2064 553 2106 nendum
584 2062 632 2117 ἢ,
668 2060 786 2117 quod
814 2061 873 2103 ita
904 2061 1079 2113 dicitur,
1125 2064 1173 2102 ut

367 2130 606 2177 pronomen
635 2114 662 2175 ᾗ
692 2118 1015 2173 intelligendum
1041 2119 1172 2160 relin-

369 2184 543 2233 quatur,
573 2184 623 2220 ut
651 2178 693 2220 iu
722 2177 880 2218 talibus
906 2177 967 2218 fit.
1003 2176 1170 2218 Pbileb.

370 2250 415 2291 p.
438 2236 512 2282 35.
535 2238 595 2278 Ae
627 2237 845 2289 ἐπιθυμεῖ
871 2239 955 2275 τῶν
974 2235 1172 2275 ἐναντίων

369 2294 400 2347 ἢ
447 2292 627 2346 πάσχει,
667 2291 702 2335 h·
760 2305 800 2334 e.
857 2290 883 2343 ἢ
922 2288 951 2332 ἃ
1000 2289 1172 2344 πάσχει.

369 2351 667 2405 Eutbypbron.
699 2363 741 2405 p.
778 2349 844 2393 12.
865 2352 925 2391 Aa
953 2348 1057 2404 λέγω
1088 2346 1172 2404 γὰρ

370 2408 423 2462 δὴ
482 2408 534 2450 τὸ
587 2409 789 2450 ἐναντίον
834 2405 860 2459 ιῖ
915 2403 938 2447 o‘
989 2404 1173 2460 ποιητὴς

367 2467 580 2520 ἐποίησεν.
609 2464 794 2508 Phaedr.
826 2477 868 2518 p.
888 2462 987 2508 275.
1011 2466 1072 2506 A:
1104 2462 1168 2504 δι’

366 2526 542 2566 ἐὔνοιαν
562 2522 818 2565 τούναντίον
837 2521 953 2569 εἶπες
976 2521 1003 2575 ἢ
1036 2519 1171 2562 δόνα-

366 2597 456 2624 vat.
496 2582 562 2623 De
591 2581 704 2634 Rep.
733 2579 767 2622 I.
801 2592 842 2633 p.
872 2578 972 2624 334.
1001 2579 1050 2621 E·
1113 2579 1172 2621 Et

367 2639 632 2692 scripserunt
661 2649 796 2691 nuper
812 2636 1002 2679 editores
1032 2635 1171 2678 Thu-

370 2695 484 2750 cyd.
515 2695 547 2736 Ι.
574 2694 652 2738 6οτ
684 2698 1000 2747 τεσσαρακοστῇ
1031 2690 1170 2747 ἡμέρᾳ

367 2750 551 2806 ὕστερον
581 2750 608 2803 ἢ
638 2750 859 2792 Ποτίδαια
889 2749 1061 2806 ἀντέστη,
1097 2749 1169 2790 ubi

369 2809 474 2851 item
530 2808 626 2850 libri
683 2806 878 2861 plerique
925 2808 966 2857 ᾗ.
1040 2805 1166 2860 Apud

367 2865 586 2922 Lysiam
618 2876 722 2906 vero
752 2864 777 2904 l.
800 2875 841 2905 c.
876 2861 1003 2904 codd.
1035 2863 1165 2905 etiam

371 2923 542 2977 plurimi
589 2920 615 2973 ἢ
653 2918 836 2974 ἀνήγετο
875 2918 1164 2973 suppeditant.

369 2979 436 3022 Ad
483 2992 610 3035 quam
659 2989 853 3019 normam
901 2978 986 3019 iam
1035 2978 1164 3020 etiam

368 3037 532 3091 reliqua
563 3038 659 3079 loca
676 3034 784 3077 facili
815 3035 989 3087 negotio
1017 3047 1165 3076 emen-

370 3094 518 3147 dabis,
577 3093 655 3135 nisi
702 3091 816 3134 forte
863 3092 1164 3145 praestabilius

369 3153 427 3194 sit
458 3151 483 3205 ἢ
514 3155 613 3194 ante
644 3143 669 3205 ᾗ
706 3149 999 3203 interponere,
1039 3162 1162 3202 quam

370 3210 598 3262 rationem,
629 3207 758 3251 etiam
778 3207 1029 3249 certissimis
1060 3220 1164 3249 con-

369 3268 578 3309 firmatam
598 3263 820 3318 exemplis,
850 3263 1003 3305 suadet
1032 3263 1164 3318 Tay-

371 3325 462 3366 lor.
507 3324 647 3367 Lectt.
682 3321 851 3376 Lysiac-
892 3321 997 3375 Cap.
1037 3322 1071 3363 Ι.
1121 3336 1160 3376 p.

369 3382 439 3424 66.
498 3381 587 3423 Sed
621 3380 702 3423 hoc
729 3379 902 3432 quidem
920 3384 967 3420 ut
997 3379 1036 3420 in
1070 3391 1162 3421 me·

370 3439 441 3481 dio
482 3437 800 3493 relinquendum
839 3435 914 3490 sit,
962 3436 1062 3479 illud
1095 3442 1161 3479 ta-

1255 1898 1354 1930 men
1391 1888 1434 1930 in
1473 1888 1624 1943 aprico
1656 1902 1756 1932 esse
1782 1889 2054 1944 arbitramur,

1254 1945 1408 1988 falsum
1435 1959 1534 1989 esse
1563 1952 1609 1988 et
1638 1947 1840 2001 loquendi
1870 1961 2058 1991 cousue-

1255 2002 1392 2045 tudini
1443 2004 1706 2047 contrarium
1762 2005 1878 2058 quod
1935 2004 1974 2047 h.
2024 2006 2052 2047 Ι.

1256 2060 1387 2103 Bodl.
1420 2066 1465 2103 et
1499 2062 1571 2115 qui
1603 2074 1700 2105 cum
1731 2075 1785 2105 eo
1816 2062 1976 2105 faciunt
2005 2063 2056 2105 li-

1255 2118 1318 2160 bri
1336 2119 1569 2161 memoriae
1587 2119 1873 2162 tradiderunt.
1904 2120 2051 2163 Quam

1255 2176 1312 2217 ob
1343 2188 1434 2218 rem
1453 2178 1632 2219 alteram
1665 2177 1912 2231 lectionem,
1942 2190 2055 2232 quae

1254 2234 1430 2288 linguae
1461 2235 1626 2287 legibus
1658 2236 1873 2287 convenit,
1904 2240 2055 2278 tenen·

1257 2289 1355 2333 dam
1415 2292 1694 2345 arbitramur,
1754 2305 1892 2347 usque
1949 2292 2054 2336 dum

1256 2348 1480 2391 Bodleiani
1507 2350 1638 2392 lectio
1664 2351 1884 2404 quomodo
1903 2362 2052 2393 emen·-

1256 2405 1396 2448 danda
1433 2407 1512 2458 sit,
1552 2407 1772 2450 evidenter
1808 2408 1938 2451 fuerit
1974 2406 2053 2451 de-

1255 2469 1559 2507 monstratum.
1621 2465 1824 2509 Vitiosum
1841 2467 1955 2508 enim
1987 2465 2053 2508 di·-

1256 2521 1441 2564 ctionem
1470 2522 1662 2564 Platonis
1693 2523 1874 2566 orationi
1903 2524 2055 2566 obtru-

1255 2576 1359 2622 dere
1389 2579 1611 2621 noluimus.

1311 2636 1397 2676 καὶ
1426 2636 1476 2676 οἱ
1504 2635 1791 2691 χορευταί]
1819 2635 1861 2679 h.
1894 2650 1929 2679 e.
1962 2638 2051 2690 qui

1255 2690 1471 2734 chorum
1503 2692 1835 2736 efficiebant.
1877 2692 2074 2738 Etenim'

1255 2747 1424 2801 Agatho
1475 2754 1669 2805 χορηγοῦ
1719 2763 1872 2794 munus
1917 2764 2048 2806 quum

1253 2805 1537 2859 suscepisset,
1578 2809 1666 2850 suis
1702 2809 1914 2852 sumtibus
1943 2809 2046 2852 cho·

1243 2874 1343 2904 rum
1387 2871 1738 2918 comparaverat,
1775 2867 2046 2920 instruxerat,

1251 2927 1504 3018 ornaverat,
1536 2936 1576 2963 v.
1611 2922 1761 2992 wel(
1798 2923 1853 2966 ad
1884 2921 2047 2967 Demo--

1249 2981 1291 3088 2⁸.
1305 2990 1388 3080 ¹3¹5:
1416 2979 2043 3094 {xmssssnksspsslsngffizssgss

1247 3090 1347 3136 247.
1381 3092 1652 3137 Thierscb.
1689 3094 1847 3139 Introd.
1878 3097 1918 3138 in
1941 3096 2044 3138 Pin-

1248 3148 1339 3192 dar.
1368 3164 1408 3205 p·
1441 3151 1522 3196 104
1539 3166 1631 3206 sqq.
1694 3153 1933 3208 Reportata
1964 3155 2045 3208 igi-

1249 3211 1320 3248 tur
1349 3209 1525 3252 victoria
1559 3212 1788 3252 saltatores
1826 3210 1880 3252 τὰ
1911 3212 2042 3252 ἐπινί-

1247 3267 1445 3361 ucoeteius
1474 3268 1852 3322 concelebrabunt,
1888 3274 1936 3310 ut
1964 3281 2042 3323 par

1249 3334 1320 3363 ern
1344 3352 1354 3362 .

1306 3377 1332 3430 ἢ
1361 3380 1530 3429 αὐτὸς
1565 3381 1758 3436 Σωκρ.]
1801 3383 1839 3425 h.
1872 3396 1908 3425 e.
1941 3381 2039 3424 sed

1246 3435 1372 3490 quid
1418 3438 1646 3494 quaero?
1692 3440 1827 3485 haud
1881 3439 2041 3483 dubie
