2158 3718
799 123 1059 168 ΡΗΑΕιιο
1091 138 1138 181 p.
1167 127 1236 169 89.
1797 121 1900 176 207

125 261 291 317 Ἀλλόι
325 264 421 322 καὶ
457 263 571 333 ἐμέ,
611 264 738 331 ἔφη,
776 260 875 316 τὸν
906 261 1126 316 Ἰόλεων
1161 262 1490 332 παρακάλει,
1526 262 1628 325 ἕως
1664 264 1744 317 ἔτι
1782 266 1902 330 φῶς

133 349 304 420 ἐστιν.
379 350 704 417 Παρακαλῶ
740 349 955 416 τοίνυν,
995 349 1157 417 ἔφην,
1197 345 1300 416 οὐχ
1337 345 1419 410 ὥς·
1440 345 1734 416 εΗρασιλῆς,
1773 343 1896 399 ἀλλ’

130 431 206 495 (ὃς
237 430 451 494 Ἰόλεως
485 429 584 484 τὸν
613 429 877 500 εΗρακλῆ.
957 430 1142 486 Οὐδὲν
1181 432 1398 500 διοίσει,
1437 434 1561 500 ἔφη.

270 521 386 586 Cap.
426 519 639 569 XXXIX.
711 514 874 568 Ἀλλά
920 519 1145 585 πρῶτον
1183 513 1586 586 εὐλαβηθῶμέν
1632 535 1684 568 τι
1719 514 1902 578 πάθος

130 600 203 671 μὴ
241 600 528 670 πάθωμεν.
612 598 687 652 To
725 609 912 664 ποῖον;
961 594 1034 669 ἦν
1072 598 1124 653 δ’
1167 600 1294 669 ἐγώ.
1369 598 1469 670 Μὴ
1506 600 1826 669 γενώμεθα,
1864 591 1903 667 ἦ

129 685 184 738 δ’
223 684 310 753 ὅς,
347 684 656 754 μισόλογοι,
696 682 884 754 ὥσπερ
920 685 979 738 οἱ
1008 685 1401 756 μισάνθρωποι
1436 685 1785 754 γιγνόμενοι·
1829 680 1956 746 ὠςῐ)

129 769 233 823 οὐκ
271 771 450 837 ἔστιν,
489 770 625 838 ἔφη,
666 767 697 821 ὅ
733 788 786 822 τι
823 767 893 822 ἄν
930 789 1014 833 τις
1049 774 1233 839 μεῖζον
1270 769 1476 824 τούτου
1513 766 1689 822 κακὸν
1726 767 1901 821 πάθοι

126 853 163 924 ἢ
210 854 415 922 λόγους
460 854 710 923 μισήσας.
786 857 1036 922 γίγνεται
1094 854 1156 908 δὲ
1205 856 1268 908 ἐκ
1314 857 1416 908 τοῦ
1464 854 1640 907 αὐτοῦ
1686 852 1900 922 τρόπου

127 941 421 1008 μισολυγία
467 959 526 992 τε
572 939 664 991 καὶ
701 941 1116 1007 μισανθρωπία.
1191 938 1228 1007 ἥ
1263 959 1322 991 τε
1358 937 1465 1007 γὰρ
1503 939 1932 1008 μισανθρωπία

130 1023 388 1077 ἐνδύεται
429 1025 491 1077 ἐκ
529 1027 631 1076 τοῦ
671 1023 894 1092 σφόδρα
929 1023 1042 1075 τινὶ
1079 1026 1374 1076 πιστεῦσαι
1412 1020 1551 1076 ἄνευ
1588 1022 1781 1091 τέχνης
1805 1021 1900 1074 καὶ

126 1105 447 1176 ἡγήσασθαι
491 1107 814 1160 παντάπασί
856 1126 915 1160 τε
961 1104 1146 1176 αληθῆ
1195 1103 1339 1161 εἶναι
1376 1108 1468 1159 καὶ
1505 1105 1636 1175 ὑγιῆ
1677 1125 1770 1158 και
1806 1121 1900 1157 πι-

129 1190 263 1246 στὸν
299 1190 399 1245 τὸν
437 1190 765 1261 ἄνθρωπον,
805 1191 992 1245 ἔπειτα
1031 1190 1224 1259 ὀλίγον
1262 1189 1502 1260 ὕστερον
1541 1188 1730 1260 εὑρεῖν
1767 1192 1902 1242 τοῦ-

126 1297 226 1330 τον
281 1277 532 1346 πονηρόν
588 1295 647 1329 τε
702 1277 795 1328 καὶ
842 1274 1098 1344 άπιστον,
1152 1278 1245 1328 καὶ
1300 1269 1468 1339 αὖθις
1521 1276 1731 1344 ἕ.τερον
1807 1273 1901 1327 καὶ

55 1399 57 1401 -
127 1359 263 1414 ὅταν
299 1364 464 1414 τοῦτο
502 1360 772 1424 πολλάκις
806 1360 962 1430 πάθῃ
1000 1380 1100 1429 τις,
1140 1361 1235 1413 καὶ
1259 1358 1371 1413 ὑπὸ
1398 1360 1616 1413 τούτων
1641 1359 1897 1429 μάλιστα,
1934 1368 1937 1371 ’

127 1443 229 1508 οὓς
274 1444 345 1498 ἄν
389 1443 658 1515 ἡγήσαιτο
698 1445 1075 1508 οἰκειοτάτους
1121 1465 1179 1498 τε
1217 1446 1311 1498 καὶ
1348 1443 1760 1514 ἑταιροτάτους,
1810 1454 1952 1508 τῖε-Ε

127 1533 345 1583 λευτῶν
383 1528 452 1599 δὴ
489 1528 645 1599 θαμὰ
681 1530 1049 1599 προςκροιὶων
1086 1539 1240 1599 μισεῖ
1270 1549 1330 1582 τε
1367 1529 1579 1591 πάντας
1616 1529 1708 1581 καὶ
1745 1526 1899 1598 ἡγεῖ-

127 1701 220 1729 cum
252 1688 371 1732 Bodl.
400 1689 524 1728 unice
553 1687 712 1728 faciens
749 1688 968 1729 articulum
1005 1700 1153 1729 rursus
1185 1688 1379 1729 exuusit.
1428 1687 1596 1729 Scilicet
1623 1686 1741 1727 Bodl.
1774 1686 1899 1726 habet

127 1737 184 1785 οὗ
214 1738 238 1785 ὁ
262 1739 361 1799 Ηρ.
401 1746 587 1785 Verbum
619 1741 805 1798 λέγεται
834 1745 876 1784 in
906 1745 1022 1787 editt.
1055 1746 1249 1785 omnibus
1282 1753 1377 1797 post
1407 1738 1644 1797 Ηρακλῆς
1672 1743 1898 1810 interposi-

126 1808 213 1841 tum
244 1814 338 1842 cum
366 1801 486 1844 Bodl.
509 1802 616 1843 Ven.
639 1802 741 1849 ΞΠ
760 1801 1069 1842 Vind.¹1'ante
1090 1794 1199 1843 οὐδ’
1224 1802 1441 1842 collocavi.
1474 1801 1564 1841 Nisi
1586 1800 1692 1840 forte
1714 1794 1900 1854 λέγεται

130 1865 169 1897 et
191 1850 294 1906 οἷός
315 1870 365 1899 τε
387 1853 511 1900 εἶναι
535 1871 586 1898 ex
608 1859 865 1911 glossemate
889 1865 1025 1898 ortum
1050 1864 1127 1909 est,
1151 1867 1196 1898 ut
1217 1858 1426 1910 Hirschig
1451 1858 1560 1899 coni.

232 1923 532 1982 Ηρακλῆς]
557 1922 581 1970 ὁ
596 1922 835 1982 Ηρακλῆς
858 1926 988 1969 Coisl.
1008 1929 1117 1971 Ven.
1142 1930 1182 1970 Λ
1203 1929 1294 1970 Par
1320 1927 1391 1967 IL

126 2054 169 2094 Fi
239 1993 430 2094 Οιέὃὲν
472 1996 712 2049 διοίσει,
757 1994 883 2052 ἔφη]
923 1999 1050 2038 Deest
1072 1993 1165 2051 ἔφη
1188 1999 1230 2037 in
1254 1997 1378 2038 Coisl.
1397 1997 1503 2039 Ven.
1529 1997 1569 2037 Λ
1590 1997 1682 2036 Par.
1709 1994 1897 2037 CEHIL

175 2067 234 2096 or.
257 2067 282 2094 a
351 2067 372 2094 c
392 2068 406 2094 1
427 2068 480 2096 m.

74 2168 80 2175 ,
240 2123 342 2178 Cap.
366 2124 570 2168 XXXIX.
603 2125 651 2167 D.
694 2119 1038 2166 παντάπασί
1074 2122 1150 2179 τε]
1193 2125 1287 2164 Pa1.
1313 2123 1347 2165 G
1366 2124 1473 2166 Ven.
1493 2123 1665 2165 HTub.
1690 2135 1785 2163 cum
1808 2121 1901 2162 Sto-

127 2181 233 2220 baeo
255 2194 302 2221 π.
325 2193 399 2247 τε,
424 2182 536 2230 quod
563 2181 722 2233 recepit
753 2181 873 2220 etiam
896 2181 1111 2222 Heindorf.
1153 2181 1293 2244 Vulgo
1313 2192 1365 2234 γε
1386 2181 1598 2220 sc1ibitur.
1642 2179 1802 2219 Deinde
1823 2191 1899 2218 ex—

130 2238 351 2289 spectabas
372 2230 503 2290 ὖγιᾶ,
527 2237 779 2289 εἰιιιιίᾱειιιο
757 2237 1017 2276 arammatici
1038 2250 1134 2277 vere
1155 2237 1434 2290 praecipiunt.
1459 2235 1543 2276 Sed
1566 2235 1676 2278 conf.
1700 2234 1899 2275 Matthiae

128 2291 199 2335 Gr
226 2292 267 2344 ξ,
294 2294 389 2336 113.
414 2294 453 2333 1.
478 2292 571 2336 coll.
596 2305 692 2332 ann.
719 2294 805 2332 mit.
831 2294 947 2346 adp
971 2294 1095 2335 86Α.

130 2433 278 2472 stravit
297 2432 442 2474 Ruhu
455 2434 480 2472 k
494 2446 514 2472 e
526 2433 613 2473 niu
626 2446 665 2483 s,
684 2433 803 2473 cuius
826 2434 972 2487 dispu-

126 2489 328 2530 tationem
357 2502 490 2542 nuper
525 2502 619 2530 cum
656 2490 829 2530 eruditis
858 2503 969 2530 com-

126 2546 357 2586 manicavit
385 2544 598 2586 Geelius
638 2546 681 2586 in
711 2546 970 2587 Bibliotheca

128 2600 227 2645 Crit.
259 2602 366 2646 Nov.
395 2602 490 2642 Vol.
515 2603 566 2642 ΙΙ.
598 2615 639 2655 p.
665 2603 717 2643 15
738 2615 830 2654 sqq.
857 2603 967 2646 conf.

125 2657 440 2699 Eustathius
479 2658 533 2699 ad
574 2659 688 2699 Iliad.
721 2659 757 2701 λ,
790 2660 885 2700 749.
926 2672 968 2712 p.

126 2715 222 2756 882.
253 2716 307 2756 35
336 2715 400 2756 ed.
430 2716 552 2758 Rom.
605 2715 824 2759 Pausan.
854 2717 966 2772 VIlI.

116 2782 168 2837 p.
202 2772 283 2811 629
316 2762 499 2813 Ἰόλαον
529 2785 615 2824 μεν
646 2764 706 2825 δὴ
740 2765 797 2812 τὰ
819 2758 969 2813 πολλὰ

116 2821 346 2879 Ηρακλεῐ
363 2821 653 2881 συγκάμνειν
675 2824 907 2881 λέγουσιν.

186 2905 284 2957 ἕως
335 2906 416 2951 ἔτι
464 2910 580 2963 φῶς
628 2905 771 2964 ἔστι]
847 2921 968 2952 ante

128 2977 276 3016 quam
297 2966 374 3006 sol
406 2968 612 3007 occidit.
654 2968 757 3008 Nam
781 2969 968 3009 damnati

126 3028 224 3075 post
246 3022 350 3061 solis
369 3033 564 3063 occasum
579 3036 787 3063 venenum
802 3023 969 3064 haurire

129 3078 334 3120 solebant.
355 3091 396 3118 v.
419 3091 460 3131 p.
486 3079 633 3121 116Β.

184 3162 287 3225 Cap.
309 3161 511 3205 XXXIX.
549 3156 621 3203 Τὸ
644 3163 913 3228 ποῖον;]Ιι
929 3178 964 3208 e.

126 3212 265 3260 ποῖόν
288 3211 384 3260 ἔστι
407 3218 546 3260 τοῦτο
568 3213 618 3259 τὸ
641 3214 818 3283 πάθος,
849 3233 873 3261 ο
896 3217 969 3261 λε’-

128 3287 251 3328 γειςς
283 3284 329 3316 ut
358 3288 455 3315 vere
485 3268 667 3328 explica't
696 3275 965 3320 Hermann.

127 3331 182 3371 ad
203 3332 348 3384 Viger.
371 3344 414 3384 p.
433 3334 528 3374 705.
550 3332 753 3385 Exempla
774 3333 967 3374 dictionis

127 3387 310 3482 {³¹¹³er
338 3388 508 3442 collegit
535 3390 589 3429 ad
609 3388 652 3428 h.
675 3388 700 3430 l.
727 3388 968 3440 Wytten—

164 3454 220 3483 ac
268 3457 361 3487 lus.

1112 2434 1159 2473 D.
1192 2426 1399 2474 τούτου
1427 2426 1613 2474 κακὸν
1640 2444 1692 2472 π.
1721 2420 1753 2484 ἢ
1784 2423 1895 2485 λόγ.

1056 2486 1187 2554 μισ.]
1232 2490 1291 2529 De
1319 2490 1459 2529 verbis
1488 2478 1519 2542 ἢ
1548 2481 1644 2541 λόγ.
1674 2499 1770 2541 μισ.
1802 2493 1900 2540 post

1056 2540 1226 2587 τούτου
1255 2546 1380 2586 illatis
1408 2559 1449 2586 V.
1471 2546 1524 2585 ad
1547 2545 1671 2596 Gorg.
1729 2545 1844 2585 ‚500
1867 2543 1898 2584 C

1056 2600 1112 2643 οὐ
1141 2602 1192 2643 τί
1216 2592 1277 2644 ὂῖν
1306 2601 1486 2643 μᾶλλον
1514 2595 1800 2642 σπουδασειέ
1825 2613 1896 2647 τις

1058 2681 1110 2688 -
1138 2650 1170 2712 ἢ
1200 2657 1364 2712 τοῦτο,
1401 2649 1568 2699 ὅντινα
1602 2650 1688 2711 χρὴ
1725 2649 1899 2710 τρόπον

1057 2714 1156 2769 ζῆν,
1198 2716 1270 2756 ubi
1309 2728 1350 2756 v.
1386 2722 1529 2758 annot
1572 2714 1731 2753 Eodem
1773 2712 1896 2752 modo

1056 2772 1139 2815 Cic.
1176 2772 1237 2812 De
1267 2784 1308 2811 n.
1341 2772 1381 2813 d.
1414 2772 1445 2813 Ι.
1483 2771 1535 2812 15
1575 2769 1661 2820 Quo
1693 2771 1795 2823 quid
1823 2768 1896 2808 ab·

1052 2830 1233 2875 surdius,
1267 2841 1387 2881 quam
1408 2832 1479 2867 aut
1498 2840 1570 2867 res
1598 2827 1799 2867 sordidas
1830 2830 1898 2865 at-

1055 2899 1132 2938 que
1164 2885 1373 2936 deformes
1404 2886 1574 2925 deorum
1603 2883 1760 2924 honore
1799 2881 1898 2932 affi-

1054 2943 1180 2981 cere?
1212 2941 1273 2981 De
1296 2941 1514 2994 participio
1543 2932 1748 2993 μισήσας
1775 2938 1828 2980 cf.
1850 2950 1893 2990 p.

1109 3031 1453 3095 παντάπασί
1487 3065 1545 3093 τε
1582 3047 1774 3103 ἀληθῆ
1814 3043 1897 3090 εἶ-

1056 3123 1151 3151 ναι
1173 3107 1272 3151 καὶ
1294 3103 1375 3163 ὖγ.
1381 3108 1394 3161 ]
1419 3109 1478 3149 Ne
1500 3116 1656 3148 temere
1679 3107 1895 3146 traiectam

1054 3175 1179 3231 putes
1200 3166 1396 3206 voculam
1413 3178 1478 3213 τε,
1498 3166 1624 3204 verba
1645 3155 1896 3204 παντάπα-

1055 3233 1129 3264 σιν
1146 3214 1308 3286 οἷληθῆ
1323 3235 1445 3262 unam
1466 3221 1675 3261 notionem
1694 3218 1894 3264 efficiunt,

1055 3287 1100 3318 ut
1121 3290 1171 3319 τε
1191 3279 1355 3330 utrique
1376 3278 1485 3331 parti
1505 3276 1676 3328 adiungi
1727 3274 1894 3315 otuerit

1055 3347 1094 3376 ν.
1130 3346 1226 3377 ann
1267 3336 1319 3375 ad
1355 3347 1397 3387 p.
1429 3335 1484 3374 86
1514 3333 1558 3375 C.
1600 3353 1654 3360 --
1713 3326 1894 3371 ’πειτα

1056 3391 1179 3430 etiam
1208 3390 1275 3430 hic
1304 3402 1379 3442 pro
1408 3381 1614 3430 κᾶπειτα
1644 3388 1818 3433 dic-turm
1852 3398 1891 3424 v.

1054 3447 1235 3499 Apolog.
1261 3459 1300 3499 p.
1323 3449 1376 3487 23
1399 3446 1443 3486 C.
