2158 3718
259 152 267 187 ‘
526 175 1049 231 SYMPOSIUM.
1086 192 1134 241 p.
1178 178 1279 227 193
1316 178 1390 227 st.
1716 180 1785 229 95

121 315 185 375 τὸ
220 322 384 388 ,γένος
423 317 682 392 εὔδαιμον
725 326 956 392 γένοιτο,
1001 327 1047 378 εὶ
1073 324 1443 393 ἐκτελέσωμεν
1482 321 1584 379 τὸν
1614 330 1785 397 ἔρωτα

120 405 214 459 καὶ
258 406 369 458 τῶν
408 407 676 461 παιδικῶν
718 407 827 460 τῶν
871 403 1046 461 αὑτοῦ
1089 411 1315 470 ἕκαστος
1368 405 1523 478 τύχοι
1568 414 1643 472 εὶς
1684 406 1788 476 τὴν

118 485 360 559 ἀρχαίαν
398 486 668 546 ἀπελθὼν
709 487 893 564 φύσιν.
937 496 984 545 εἰ
1026 492 1081 544 δὲ
1117 492 1286 547 τοῦτο
1327 485 1574 562 ἄριστον,
1616 490 1791 564 ἀναγ-

121 582 282 628 καῖον
325 574 419 628 καὶ
474 575 584 628 τῶν
641 576 741 629 νῦν
798 572 1090 646 παρόντων
1145 570 1210 630 τὸ
1269 571 1470 631 τούτου
1513 576 1787 646 ἐγγυτάτω

120 652 350 727 ἄριστον
392 655 549 713 εἶναι.
604 660 772 714 τοῦτο
817 656 870 712 δ’
939 661 1051 713 ἐστὶ
1108 661 1376 714 παιδικῶν
1428 670 1608 732 τυχεῖν
1650 657 1789 715 κατὰ

121 743 260 796 νοῦν
288 737 439 812 αὐτῷ
466 739 809 814 πεφυκότων.
847 734 914 798 οὗ
947 739 1013 810 δὴ
1040 739 1140 798 τὸν
1171 742 1353 798 α’ίτιον
1379 740 1525 800 θεὸν
1555 741 1796 815 ὑμνοῦν-

120 845 209 889 τες
250 827 470 891 δικαίως
510 821 583 881 ἂν
636 823 901 900 ὑμνοῖμεν
933 822 1182 900 ’Έρωτα,
1237 823 1299 891 ὃς
1356 831 1415 883 ἔν
1469 849 1527 884 τε
1570 831 1647 900 τῷ
1692 851 1801 885 πα-

87 908 95 978 j
120 906 278 981 ρόντι
325 906 472 982 ἡμᾶς
529 913 759 966 πλεῖστα
809 911 1058 978 ὀνίνησιν
1115 917 1191 976 εἰς
1252 908 1314 966 τὸ
1376 919 1575 968 οἰκεῖον
1632 908 1800 983 ἄγων,

120 995 213 1049 καὶ
257 999 331 1058 εἰς
373 991 437 1050 τὸ
484 997 668 1049 ἔπειτα
723 998 945 1060 ἐλπίδας
996 999 1255 1066 μεγίστας
1295 1001 1603 1068 παρέχεται,
1648 995 1803 1067 ἡμῶν

121 1082 507 1150 παρεχομένων
548 1074 689 1150 πρὸς
721 1076 899 1144 θεοὺς
941 1077 1230 1150 εὐσέβειαν,
1272 1078 1623 1148 καταστήσας
1661 1079 1804 1153 ἡμᾶς

126 1167 204 1225 εὶς
245 1159 351 1229 τὴν
391 1159 635 1235 ἀρχαίαν
676 1161 844 1237 φύσιν
884 1165 978 1218 καὶ
1021 1161 1319 1236 ἰασάμενος
1365 1168 1671 1239 μακαρίους
1711 1168 1804 1221 καὶ

121 1243 454 1315 εὐδαίμονας
496 1248 742 1312 ποιῆσαι.
1426 1312 1432 1317 ,

246 1325 387 1406 Cap.
433 1325 636 1387 XVII.
728 1321 933 1396 Οὗτος,
978 1334 1098 1407 ἔφη,
1136 1322 1177 1386 ὦ
1218 1329 1565 1407 ἶΕρυξίμαχε,
1601 1329 1630 1387 ὁ
1675 1329 1805 1404 ὲμός

122 1493 308 1538 servavit
333 1485 602 1536 Rflckertusl
662 1495 752 1538 Sed
791 1493 1045 1538 metathesis
1082 1493 1343 1550 pronominis
1382 1493 1444 1537 ita
1482 1494 1537 1538 ad
1569 1493 1646 1537 τὸν
1675 1495 1802 1553 λόγον

121 1550 338 1595 referendi
371 1549 439 1592 hic
468 1564 550 1592 non
583 1552 839 1595 excusanda.

240 1609 290 1650 C.
351 1606 452 1659 τὴν
488 1606 654 1663 φύσιν
691 1609 944 1667 ἅῤῥενες]
985 1606 1164 1648 Bestius
1204 1609 1313 1649 coni.
1353 1605 1540 1663 ἄρ’ρενος.
1609 1610 1822 1653 ΟτοΙΙίιιε,

121 1666 178 1710 ad
218 1666 398 1710 lauerat.
439 1665 493 1707 de
532 1666 714 1710 antidOS.
757 1669 783 1710 Ι.
817 1678 854 1708 c.
893 1664 1067 1721 ἄρρενος
1094 1662 1189 1711 ἑνὸς
1227 1665 1427 1709 malebat.
1485 1668 1594 1710 Dein
1627 1668 1800 1714 Par.K.

119 1724 217 1768 vat.
235 1736 277 1767 n.
298 1735 342 1776 p.
369 1721 476 1764 κατὰ
510 1722 694 1765 πάντων.

232 1778 439 1822 τούτου
469 1780 779 1836 ἐγγυτάτω]
814 1783 974 1820 τοῦτον
1004 1777 1130 1819 ΒοάΙ-
1166 1776 1261 1820 vat.
1282 1776 1334 1821 A.
1365 1776 1506 1831 τούτῳ
1540 1778 1634 1823 Vat.
1654 1792 1687 1824 r.

234 1838 288 1880 D.
346 1834 405 1884 ὃς
435 1838 486 1878 ἔν
515 1853 572 1879 τε
602 1843 669 1894 τῷ
699 1835 969 1893 παρόντι]
1008 1850 1054 1877 τε
1085 1847 1174 1878 om.
1207 1834 1336 1878 Bodl.
1368 1836 1465 1878 Vat.
1486 1832 1538 1878 A.
1572 1837 1644 1877 καὶ
1672 1839 1715 1879 ἐν
1744 1843 1805 1895 τρῖ

119 1894 308 1953 παρόντι
337 1893 495 1938 habent
526 1895 632 1939 Ven.
649 1895 696 1939 Ξ.
731 1894 852 1940 vind.
870 1892 912 1938 2.

119 2035 268 2093 γάλιον
285 2035 532 2078 ἀνανεοῖντο
553 2037 632 2090 τὴν
651 2038 799 2084 ξενίαν.
830 2034 922 2077 Εὔ-

120 2095 274 2150 βουλος
303 2093 494 2148 Ξούθῳ·
534 2096 588 2136 τί
618 2095 741 2137 ποτ’
774 2094 922 2137 ἐστὶν

121 2152 334 2194 ἅπαντα
378 2152 922 2207 διαπεπρισμένα

121 2207 376 2263 ἡμίσεως,
424 2206 656 2265 ἀκριβῶς
703 2225 798 2265 περ
846 2210 920 2254 εἰς

120 2266 184 2310 τὰ
217 2265 475 2322 σύμβολα.
519 2265 659 2314 οὕτως
683 2265 917 2313 Ἑλλάδιος.

123 2327 275 2378 ltaque
321 2325 435 2365 male
489 2323 844 2366 Ruhnkenius
893 2325 921 2366 l.

123 2383 351 2425 estates
398 2381 447 2422 in
494 2379 669 2424 medio
715 2382 920 2423 incisos

123 2440 443 2494 interpretatur.

182 2524 237 2566 B.
323 2527 439 2570 τοῖς
487 2522 761 2571 παιδικοῖς
809 2527 923 2572 τοῖς

123 2580 418 2637 ’ἡμετέροις
478 2580 676 2636 αὐτῶν]
743 2580 924 2623 Frustra

126 2639 350 2682 Bestius
381 2638 608 2692 legendum
627 2637 807 2680 coniecit
832 2642 925 2685 τοῖς

127 2694 366 2752 ἧμιτόμοις
409 2694 566 2739 αὐτῶν.
631 2696 695 2738 De
734 2696 923 2750 genitivo

129 2753 273 2796 αὐτῶν
309 2756 409 2808 post
438 2766 674 2807 pronomen
705 2754 925 2807 possessi-

129 2824 230 2854 vum
278 2810 397 2855 iliato
435 2823 472 2851 v.
514 2811 620 2853 infra
656 2823 696 2853 v.
736 2809 832 2856 194.
874 2813 926 2852 Α.

129 2869 314 2922 Apoiog.
356 2867 521 2910 Socrat.
560 2882 601 2921 p.
632 2867 704 2913 22.
737 2872 789 2910 Α.
821 2869 922 2910 coll.

128 2919 395 2968 Matthiae
422 2923 458 2977 ἕ.
490 2922 589 2968 466.
621 2925 659 2968 1.

187 3005 366 3061 ὀλίγοι
437 3009 680 3064 ποιοῦσι]
749 3013 806 3051 ut
863 3021 925 3050 sc.

131 3070 384 3107 amatos
412 3076 521 3118 rep
545 3065 777 3107 erinnt.
817 3065 927 3107 Nam

135 3122 243 3177 δρᾶν
282 3126 327 3163 et
360 3125 499 3162 ποιεῖν
535 3134 612 3175 pro
651 3122 802 3174 quovis
843 3123 926 3164 aiio

132 3179 267 3221 verbo
309 3191 363 3220 ex
398 3178 659 3231 antegressis
686 3178 927 3231 repetendo

107 3230 318 3336 'Ruituh
353 3247 411 3336 ΞΟ
432 3234 497 3334 ⁸2
525 3234 710 3333 Piliaedr.
740 3234 839 3279 268.
876 3235 925 3278 B.

203 3306 247 3335 1.
313 3321 323 3332 .
413 3322 423 3332 .
503 3322 512 3332 .
546 3305 599 3334 a.

127 3391 133 3395 ,
188 3306 447 3406 κωὲῳδῶν
475 3348 571 3390 τὸν
601 3347 786 3403 λόγον]
820 3346 861 3390 h.
887 3361 912 3391 e

137 3407 344 3459 ridens,
385 3405 449 3450 ad
488 3406 775 3449 ridiculum
820 3409 926 3448 tra-

1006 2034 1224 2086 ducenz,
1258 2048 1296 2077 v.
1317 2034 1369 2077 ad
1391 2035 1513 2089 Apol.
1535 2035 1657 2078 Socr.
1679 2035 1800 2089 p.31.

1005 2092 1056 2133 D.
1089 2092 1291 2134 Ruhnk.
1324 2092 1378 2134 ad
1409 2093 1522 2136 Tim.
1554 2107 1594 2147 p.
1631 2094 1725 2138 171.

1064 2150 1113 2190 C.
1174 2148 1488 2206 ἀμφότεροι
1515 2150 1610 2203 τὴν
1642 2149 1804 2206 φύσιν

1005 2205 1252 2261 ἅρῤενες]
1300 2207 1335 2249 h.
1380 2221 1418 2249 e.
1466 2207 1640 2264 ἄῤῥενος
1687 2207 1795 2260 ἑνός,

1005 2263 1121 2316 quod
1160 2269 1303 2306 tamen
1342 2265 1472 2307 nolim
1516 2279 1615 2308 cum
1646 2267 1798 2308 Orel-

1005 2321 1080 2362 lio
1125 2320 1178 2362 ad
1213 2323 1388 2363 [socrat.
1415 2323 1444 2363 Ι.
1476 2335 1513 2364 c.
1539 2336 1578 2376 p.
1613 2322 1712 2368 330.
1742 2324 1798 2364 ab

1003 2377 1099 2431 ipso
1130 2377 1313 2420 Platone
1344 2379 1544 2432 scriptum
1577 2385 1740 2433 putare.

1062 2434 1193 2474 κατὰ
1227 2439 1355 2476 νοῦν
1385 2434 1557 2492 αὖτῷ]
1599 2438 1798 2480 Dativum

1006 2505 1102 2533 cum
1135 2491 1243 2532 κατὰ
1276 2497 1378 2533 νοῦν
1406 2494 1592 2536 iunctum
1612 2494 1802 2536 illustra-

1006 2550 1146 2590 vimus
1176 2549 1230 2590 ad
1249 2549 1356 2592 Tim.
1376 2563 1421 2604 p.
1446 2552 1512 2594 17.
1533 2552 1583 2593 C.
1615 2551 1801 2594 Phaedr.

1006 2621 1058 2661 p„
1080 2607 1147 2650 97.
1185 2606 1235 2650 D.
1281 2607 1346 2649 De
1377 2605 1497 2664 αὐτῷ
1528 2622 1562 2649 s.
1594 2608 1716 2664 αὐτῷ
1741 2608 1801 2651 ad

1006 2663 1269 2706 indefinitum
1290 2665 1526 2707 subiectum
1541 2665 1655 2718 τινὰ,
1685 2665 1802 2720 quod

1007 2720 1210 2763 infinitivo
1241 2726 1386 2773 τυχεῖν
1430 2724 1694 2776 continetur,
1735 2737 1805 2765 re-

1010 2779 1102 2820 lato
1144 2777 1329 2820 diximus
1366 2777 1423 2820 ad
1453 2780 1591 2835 Gorg.
1622 2781 1720 2827 469-
1753 2781 1804 2824 C.

982 2879 989 2882 ,
1007 2834 1107 2880 520.
1138 2834 1189 2876 Ε.

1069 2894 1120 2935 D.
1180 2890 1402 2938 ἐλπίδας
1432 2910 1479 2949 μ.
1510 2898 1806 2950 παρέχεται

1010 2973 1067 2982 -
1095 2947 1393 3003 ἰασάμενος
1430 2953 1735 3006 μακαρίους
1764 2969 1803 2992 κ.

1013 3005 1123 3048 εὕδ.
1167 3007 1418 3062 ποιῆσαι]
1459 3009 1802 3050 Constructionis

1012 3065 1221 3106 rationem
1261 3071 1433 3119 repetes
1474 3079 1527 3108 ex
1574 3066 1648 3114 iis,
1694 3077 1802 3116 quae

1012 3120 1176 3163 monuit
1206 3119 1470 3164 Matthiae
1507 3123 1541 3175 §.
1573 3122 1667 3165 549.
1702 3122 1741 3165 5.
1763 3135 1804 3174 p.

1017 3178 1141 3224 1077.
1203 3179 1411 3222 Videlicet
1438 3179 1609 3223 ἐλπίδας
1627 3180 1803 3232 παρέχε-

1014 3252 1087 3276 ται
1116 3236 1229 3280 idem
1262 3242 1329 3278 est
1359 3235 1472 3288 quod
1512 3236 1609 3285 ait,
1646 3235 1802 3287 polii-

1012 3296 1181 3336 eetur.
1244 3294 1307 3336 De
1344 3293 1545 3333 infinitivo
1582 3291 1732 3332 aoristi
1763 3305 1800 3331 v.

1011 3349 1065 3391 ad
1097 3350 1260 3394 Phileb.
1288 3365 1330 3403 p.
1353 3347 1449 3393 204.
1471 3362 1534 3400 sq.
1567 3348 1723 3401 Remp.
1752 3349 1801 3389 ΙΙ.

1012 3407 1131 3452 c-10.
1144 3413 1252 3451 extr.
1267 3408 1375 3449 Elm
1388 3404 1501 3447 slei·
1515 3404 1568 3447 ad
1581 3405 1805 3449 Med.750.
