2158 3718
629 0 653 11 “
672 0 689 13 ³·
731 0 1419 39 '‘22'12'1»jffsetvtvzzwffi·³›>w‚2gs·:2ffs&5:5²25.
1479 20 1490 34 .
1568 0 1574 4 ·
1659 3 1679 33 ³,
1695 7 1701 18 ε
1719 10 1739 24 f..
1763 7 1778 20 a·
1795 8 1801 15 -=
1816 3 1887 42 Ὧν..

690 35 696 42 ”
894 28 939 35 -.
996 28 998 30 .
1058 27 1253 50 „>.->·.:„
1307 31 1309 34 ι
1446 31 1453 44 »Ι
1504 25 1514 31 ··
1553 26 1652 36 ..ι’»ι-
1691 27 1779 38 -,.,.,,,
1831 28 1867 38 ⁴1
1921 30 1943 38 5,

230 130 334 185 134
947 127 1271 175 PLATONIS

221 268 296 334 ὥς
333 270 451 324 ἔστι
487 287 547 323 τε
583 268 617 339 ἡ
655 266 806 339 ψυχὴ
847 266 1239 332 ἀποθανόντος
1275 272 1377 323 τοῦ
1416 267 1731 337 ἀνθρώπου
1756 272 1854 323 καί
1877 288 2005 324 τινα

220 353 467 424 δύναμιν
505 355 617 423 ἔχει
653 354 747 407 καὶ
787 352 1087 421 φρόνησιν.
1137 350 1362 423 Ἀληθῆ,
1403 356 1531 423 ἔφη,
1571 354 1768 423 λέγεις,
1808 351 1837 407 6
1877 358 2007 408 Σω-

218 437 456 509 κράτης,
506 430 548 491 ὦ
588 438 788 506 Κέβης.
867 434 1010 489 ἀλλὰ
1046 436 1105 490 τί
1137 435 1205 507 δὴ
1244 442 1519 508 ποιῶμεν;
1576 438 1612 508 ἢ
1650 439 1779 508 περὶ
1817 435 2007 492 αὐτῶν

217 521 438 577 τούτων
473 521 671 591 βούλει
709 523 1237 591 διαμυθολογῶμεν,
1278 526 1388 576 εἴτε
1427 521 1575 586 εἰκὸς
1618 521 1799 590 οὕτως
1839 523 2007 591 ἔχειν,

220 610 331 660 εἴτε
368 606 471 676 μή;
494 603 702 674 ”Εγωγ’
744 597 870 673 οῦν,
910 606 1017 675 ἔφη
1058 602 1087 658 6
1126 607 1327 675 Κέβης,
1365 603 1542 675 ἡδέως
1568 606 1641 659 ὀὶν
1680 604 2008 674 ἀκούσαιμι,

217 689 421 760 ἥντινα
467 689 638 753 δόξαν
687 691 828 757 ἔχεις
874 689 1004 759 περὶ
1051 686 1258 742 αὐτῶν.
1339 686 1574 743 Οὔκουν
1619 687 1675 757 γ’
1716 690 1787 742 ἂν
1835 685 2007 758 οἶμαι,
2081 751 2084 754 Δ
2155 720 2158 732 2

215 767 254 843 ἧ
291 772 350 827 δ’
389 773 449 838 ὃς
487 771 516 828 6
563 773 899 842 Σωκράτης,
949 773 1128 826 εἰπεῖν
1165 791 1293 826 τινα
1329 776 1441 826 νῦν
1480 770 1832 842 ἀκούσαντα,
1874 770 2004 826 οὐδ’

164 858 269 912 Οεί
312 855 734 929 κωμῳδιοποιὸς
780 861 892 926 εἴη,
941 853 1016 919 ὥς
1053 855 1340 925 ἀδολεσχῶ
1385 858 1480 910 καὶ
1527 854 1597 910 οὐ
1634 858 1764 925 περὶ
1801 874 2008 925 προςη-

216 940 438 995 κόντων
485 939 618 1005 τοῦς
664 941 869 1009 λόγους
915 943 1202 1010 ποιοῦμαι.
1282 941 1334 994 εἰ
1368 933 1477 994 οὖν
1516 941 1700 1009 δοκεῖ,
1740 938 1845 1011 χρὴ
1885 941 2010 993 δια-

216 1031 570 1080 σκοπεῖσθαι.

359 1113 473 1179 Cap.
513 1113 613 1163 XV.
665 1108 1025 1178 Σκεψώμεθα
1063 1106 1116 1161 δ’
1156 1105 1298 1162 αῦτό
1337 1108 1476 1178 τῇδέ
1508 1125 1605 1179 πῃ,
1647 1111 1758 1162 εἴτε
1794 1106 1905 1177 ἄρα
1945 1109 2008 1161 ἐν

202 1191 399 1247 ’Ἅιδου
447 1194 592 1247 εἰσὶν
640 1195 702 1246 αἱ
753 1193 927 1261 ψυχαὶ
984 1192 1441 1261 τελευτησάντων
1495 1196 1610 1245 τῶν
1662 1191 2006 1262 ἀνθρώπων,

328 1364 375 1407 Β.
406 1357 436 1417 ἡ
465 1357 643 1418 ψυχή]
677 1357 706 1417 ἡ
738 1370 963 1404 servarunt
990 1362 1111 1404 Bodl.
1133 1362 1230 1403 Vat.
1254 1352 1363 1403 Tub.
1387 1363 1495 1403 Ven.
1527 1362 1579 1404 H
1603 1362 1730 1405 vind.
1754 1361 1909 1407 ΦΡειΥ.
1933 1362 2007 1404 CG

219 1420 366 1464 Ambr
389 1420 500 1462 Flor.
525 1420 628 1461 dm.
670 1421 811 1474 Vulgo
834 1418 968 1460 deest.

332 1491 375 1533 C.
418 1505 533 1544 κωμ
543 1483 823 1532 ωὸιοποιο
835 1486 877 1544 ς]
922 1488 1050 1542 Vulg.
1072 1481 1447 1544 κωμῳδοποιός.
1491 1487 1577 1529 Sed
1615 1488 2004 1537 Bod1.Vat.Ven.

219 1545 467 1594 '‘11de
490 1549 515 1589 2
538 1549 564 1588 5
591 1547 686 1589 Par.
709 1546 833 1587 ACH
855 1546 964 1586 Flor.
989 1557 1010 1585 c
1033 1545 1091 1586 d
1081 1557 1095 1584 1
1115 1558 1172 1587 m.
1207 1545 1295 1586 Pal.
1327 1545 1523 1586 Creuzeri
1554 1529 1930 1599 κωμῳδιοποιός.
1963 1559 2001 1586 v.

218 1603 274 1643 ad.
294 1604 422 1657 Apol.
450 1617 492 1658 p.
517 1605 569 1646 18
590 1603 625 1643 D
657 1610 697 1642 et
724 1602 916 1645 Pierson
938 1602 994 1642 ad
1021 1601 1150 1643 Moer.
1173 1615 1215 1655 p.
1239 1603 1334 1649 240,
1366 1602 1439 1651 qui
1466 1602 1612 1642 nescio
1633 1614 1688 1641 an
1717 1602 1860 1642 minus
1891 1612 2004 1642 recte

213 1659 466 1701 iudicaverit
485 1660 666 1700 formam
683 1651 1044 1713 κωμῳδιοποιός
1067 1671 1121 1698 ex
1131 1658 1305 1698 Platone
1327 1658 1498 1698 omnino
1520 1658 1872 1699 summovendam
1891 1671 2000 1699 esse.

329 1717 503 1771 εἰοῦν
526 1728 717 1782 δοκεῖ,
742 1724 866 1783 χρή]
894 1728 963 1769 Sic
983 1727 1623 1771 Bod1.Vat.Ven.Hvind.‹1>
1643 1728 1739 1772 Par.
1761 1727 2004 1770 ACEGHI

216 1784 365 1828 Amb1.
389 1786 499 1839 Aug.
522 1786 634 1830 Flor.
666 1798 690 1825 a
712 1787 737 1825 b
761 1786 817 1825 d
809 1799 821 1824 1
843 1798 899 1829 m.
928 1785 1043 1825 Vett.
1074 1784 1191 1827 editt.
1222 1784 1401 1824 habent.
1448 1779 1493 1825 εἰ
1519 1797 1606 1826 ουν
1635 1782 1774 1827 δοκεῖ
1798 1782 1883 1826 καὶ
1913 1778 2000 1840 χρὴ

212 1817 606 1893 διασκοπεῖσθαι,
644 1834 939 1895 σκεψωμεθα
976 1833 1095 1882 αὐτὸ
1132 1855 1170 1881 τ.
1206 1853 1255 1883 π
1296 1840 1401 1882 Voc.
1432 1834 1482 1881 δ’
1511 1847 1605 1894 post
1643 1835 1939 1895 σκεψώμεθα
1980 1854 2002 1881 e

212 1897 333 1938 Bodl.
366 1898 475 1938 Ven.
499 1897 551 1940 H
575 1899 682 1941 Tub.
714 1899 824 1951 Aug.
855 1898 984 1938 Vind
1009 1896 1047 1938 Φ
1076 1897 1173 1941 Par.
1195 1895 1230 1937 G
1259 1897 1410 1938 Amb1.
1431 1897 1543 1942 F101.
1563 1898 1828 1942 ainsertum
1870 1898 2002 1939 Vides

211 1954 344 2020 igitur
364 1966 449 1996 non
473 1967 569 1995 esse
593 1966 739 1995 velum
763 1955 876 2005 quod
899 1954 1070 2008 scripsit
1092 1952 1501 1994 Schleiermacherus
1522 1967 1566 2007 p.
1588 1954 1673 1995 474
1695 1954 1760 1997 ed
1783 1956 1809 1995 2
1839 1949 1894 1996 δέ
1917 1967 1999 1995 ιιοιι

213 2010 317 2051 satis
347 2011 727 2053 commendationis
757 2023 782 2050 a
810 2011 1028 2052 codicibus
1049 2010 1207 2051 habere
1236 2010 1418 2062 ideoque
1447 2018 1633 2051 veterem
1664 2010 1887 2051 lectionem
1908 2023 1998 2052 sei·

209 2067 395 2107 vandam
417 2079 525 2110 esse.

1148 2200 1375 2249 ἐκεῖνον
1403 2200 1506 2249 τὸν
1535 2199 1865 2275 αὸολέσχην
1895 2204 1999 2248 καὶ

1146 2257 1394 2329 πτωχόν,
1439 2253 1498 2312 ὃς
1539 2251 1719 2305 τᾶλλα
1755 2258 1860 2331 μὲν
1899 2275 1999 2305 πε-

211 2207 324 2248 ditur
344 2207 411 2248 his
434 2208 593 2248 verbis·
636 2201 698 2256 ὡς
721 2202 818 2249 ἔστι
840 2219 890 2249 τε
912 2221 941 2260 η
952 2212 1062 2273 ψυ-

210 2256 268 2318 χὴ
299 2255 641 2313 αποθανόντος
669 2262 754 2305 τοῦ
795 2257 1059 2334 ανθρωπου

210 2319 298 2361 καί
322 2334 431 2363 τινα
461 2314 674 2374 δύναμιν
705 2315 803 2375 ἔχει
832 2317 916 2361 καὶ
942 2314 1057 2373 φρό-

209 2387 365 2441 νησιν.
437 2377 553 2418 Bene
616 2377 1057 2440 olympiodorus.

213 2426 338 2474 Τινὰ
369 2427 504 2497 ζωὴν
540 2429 644 2502 ἔχει
671 2430 756 2474 καὶ
767 2426 1059 2498 γνωστικὴν

209 2481 492 2555 ἔπιστημην.
523 2483 578 2558 ἡ
594 2503 683 2557 μεν
722 2503 813 2544 γαρ
850 2482 1059 2555 δύναμις

208 2538 298 2613 τὴν
327 2540 528 2610 ζωτικὴν
557 2539 803 2611 ἐνέργειαν
833 2544 994 2599 δηλοῖ,
1026 2539 1055 2598 ἡ

209 2596 263 2642 δὲ
286 2595 520 2667 φρόνησις
548 2596 638 2655 τὴν
669 2595 1058 2655 ἐπιστημονικήν.

209 2656 373 2696 Etenim
392 2652 625 2711 φρόνησις
647 2670 759 2698 nunc
783 2670 866 2697 non
889 2665 952 2697 est
974 2669 1057 2696 sa-

207 2713 436 2766 pientia,
461 2715 538 2753 sed
560 2714 749 2754 mentis
772 2714 1054 2752 conscien-

208 2768 306 2819 tia,
325 2769 606 2821 cogitandi
627 2774 676 2809 et
695 2768 1056 2821 intellegendi

208 2822 449 2865 facultas
493 2837 527 2865 s.
570 2824 969 2876 intellegentia,
1013 2830 1057 2864 ut

206 2879 316 2921 infra
336 2893 379 2934 p.
395 2881 472 2921 111
486 2880 533 2932 B,
559 2881 630 2920 ubi
651 2894 691 2923 v.
710 2887 897 2922 annotat.
921 2888 1052 2920 nostr.

264 2933 821 2992 διαμυθολογῶμεν]
874 2936 934 2976 De
974 2935 1054 2976 hoc

205 2994 335 3034 verbo
357 2993 516 3034 dictum
539 3001 603 3033 est
625 2993 677 3032 ad
699 3005 741 3045 p.
768 2993 819 3032 61
843 2993 891 3034 Ε.

264 3042 501 3092 Οὔκουν
529 3041 578 3103 γ’
611 3039 680 3090 ἂν
708 3043 887 3101 οἶμαι]
918 3049 962 3088 In
987 3048 1052 3089 his

207 3119 269 3147 αν
308 3106 362 3146 ad
402 3105 656 3146 infinitivum
708 3100 862 3147 εἰπεῖν
909 3105 1053 3145 referri

207 3170 399 3215 oportere
426 3174 599 3204 monere
634 3162 705 3203 vix
735 3174 842 3215 opus
874 3169 950 3205 est
994 3162 1053 3201 De

207 3219 463 3259 comicorum
494 3219 537 3259 in
561 3218 777 3259 Socratem
799 3219 986 3258 dicteriis
1010 3231 1048 3261 v

207 3274 262 3315 ad
281 3275 463 3328 Apolog
490 3288 532 3328 p.
558 3277 610 3317 18
632 3273 708 3317 BC
730 3281 770 3315 et
800 3275 852 3316 19
876 3275 919 3316 C.
963 3275 1052 3314 Au-

207 3331 299 3372 dias
315 3340 535 3398 praeterea
546 3332 597 3373 Ol
611 3332 782 3399 ympio
796 3332 976 3372 dorum
999 3332 1053 3371 ad

205 3387 247 3431 h,
272 3387 299 3428 l.
322 3400 365 3441 p.
385 3389 462 3429 44.
497 3382 550 3430 Ο
579 3402 668 3453 γαρ
691 3379 903 3436 Εὔπολίς
933 3398 1053 3453 φησι

206 3441 313 3497 περὶ
355 3443 439 3487 τοῦ
473 3438 779 3499 Σωκρατους·
826 3443 883 3485 τί
921 3436 1053 3497 δῆτ’

1147 2313 1488 2374 φρόντικεν,
1532 2314 1760 2362 ὁπόθεν
1801 2315 1863 2362 δε
1894 2333 1998 2360 κα-

1146 2379 1443 2429 ταφαγεῖν
1477 2371 1625 2430 ἔχοι,
1657 2369 1867 2417 τούτου
1895 2390 1997 2417 κα-

1146 2430 1474 2486 τημέληκεν
1504 2433 1577 2485 (de
1612 2433 1766 2485 quibus
1798 2433 1996 2473 versibus

1147 2497 1279 2529 metro
1302 2501 1382 2529 suo
1413 2489 1685 2531 restituendis
1707 2501 1749 2530 v.
1772 2500 1879 2539 quos
1903 2489 1995 2529 lau-

1147 2546 1217 2585 dat
1238 2545 1389 2585 Runk
1403 2545 1462 2589 el
1486 2546 1541 2586 ad
1561 2545 1793 2598 Pherecyd.
1821 2551 1862 2585 et
1883 2544 1993 2598 Eup.

1146 2602 1312 2654 Fragm
1355 2613 1399 2654 p.
1423 2602 1504 2642 176
1545 2609 1585 2641 et
1624 2603 1721 2642 224.
1772 2601 1991 2643 Meinek

1145 2658 1332 2720 Fragm.
1342 2657 1460 2721 Com3
1481 2657 1576 2696 Vol.
1599 2658 1650 2699 II.
1679 2657 1725 2699 P.
1763 2657 1799 2696 1.
1823 2669 1864 2710 p.
1888 2654 1993 2709 553)

1145 2710 1236 2754 νῦν
1275 2699 1363 2753 οὖν
1403 2704 1491 2753 οὐκ
1543 2705 1647 2764 ε’ρεῑ
1693 2710 1846 2753 ταῦτα
1858 2710 1993 2781 περὶ

1145 2762 1271 2838 ἐμοῦ
1290 2766 1562 2832 ζητοῦντος,
1597 2765 1642 2810 εἰ
1672 2764 1792 2810 εἰσὶν
1819 2763 1874 2810 αἴ
1901 2776 1994 2834 ψυ-

1143 2821 1225 2878 χαὶ
1245 2817 1382 2888 ἡμων
1403 2817 1455 2866 ἐν
1477 2815 1616 2888 ᾆὸου,
1641 2813 1676 2878 ἦ
1693 2818 1774 2889 μή.
1817 2818 1995 2878 Χρειῶ-

1142 2879 1232 2977 Ξές
1262 2873 1351 2934 ’γὰρ
1381 2874 1411 2934 ἡ
1442 2875 1643 2935 τοιαύτη
1682 2874 1891 2934 ζήτησις.
1934 2882 1993 2921 De

1210 2935 1405 2991 ολεσχίᾳ
1427 2949 1452 2977 a
1475 2938 1647 2978 comicis
1671 2938 1833 2978 obiecta
1852 2937 1990 2991 philo

1142 2992 1349 3046 sophisv.
1372 2993 1648 3035 Ruhnken.
1670 2993 1851 3035 adXen.
1864 2994 1989 3034 Mem.

1163 3079 1301 3172 'Cap
1324 3106 1422 3147 XV.
1456 3104 1505 3148 C.
1537 3097 1988 3159 Σκεψώμεθαὸ’

1142 3176 1282 3204 αυτο
1308 3158 1446 3216 τῇδέ
1467 3175 1543 3217 πῃ
1567 3160 1638 3217 —]
1666 3162 1990 3204 Considere-

1141 3231 1248 3259 mus
1289 3229 1461 3260 autem
1489 3231 1592 3259 rem
1628 3219 1721 3259 hac
1751 3217 1865 3258 fere
1903 3232 1984 3259 r-a

1139 3276 1307 3326 tione,
1326 3284 1499 3316 utrum
1521 3275 1768 3315 nimirum
1791 3274 1838 3314 in
1859 3274 1987 3315 Orco

1140 3339 1420 3373 versentur
1449 3338 1774 3372 moltuorum
1803 3331 1987 3395 animi,

1140 3400 1200 3427 an
1245 3390 1451 3429 n0n.1n
1491 3387 1556 3428 his
1596 3399 1829 3454 pronomen
1866 3379 1988 3428 αὐτό

1142 3451 1301 3498 spectat
1323 3445 1376 3486 ad
1398 3452 1666 3498 antegressa,
1690 3439 1805 3498 τῇδέ
1821 3455 1887 3497 πῃ
1909 3455 1986 3483 au·
