2158 3718
777 138 860 183 AD
891 137 1311 183 PHAEDONEM.
1856 135 1923 188 41

161 289 268 338 tesii
303 292 352 337 et
384 285 611 337 Leibnitii
643 286 883 334 rationem
920 283 1172 334 confutare
1216 282 1401 332 studuit
1444 281 1738 336 Lockius,
1784 281 1927 329 sicuti

159 358 412 408 Platonem
449 356 564 406 olim
599 356 900 420 impugnavit
932 352 1335 409 Aristoteles,
1372 354 1457 418 qui
1485 358 1692 418 uterque
1717 351 1784 400 ita
1811 366 1924 401 cen-

160 431 276 487 suit,
313 435 368 478 ut
402 428 625 476 notiones
660 425 991 489 generaliores
1024 440 1191 475 rerum
1217 440 1310 473 usu
1337 430 1385 473 et
1411 423 1707 488 experientia
1737 422 1855 471 oriri
1882 427 1929 470 et

160 500 300 565 quasi
326 498 479 548 evolvi
503 498 759 547 statuerint
792 496 1009 562 nihilque
1035 498 1085 545 in
1110 494 1361 545 intellectu
1385 508 1491 544 esse
1517 492 1773 550 voluerint,
1796 492 1927 558 quod

159 585 257 620 non
286 575 428 619 antea
454 569 599 618 fuerit
623 570 674 616 in
699 583 863 618 sensu.

298 640 625 704 Posteaquam
651 645 814 688 autem
842 654 900 687 ex
925 638 1146 688 idearum
1171 636 1537 693 recordatione,
1567 650 1713 700 quam
1738 639 1929 683 nostra-

158 717 232 761 tes
259 725 396 759 more
423 725 510 759 suo
538 710 750 759 dixerint
776 710 997 759 idearum
1019 709 1380 765 conscientiam,
1412 714 1664 756 ostensum
1693 711 1766 755 est
1786 706 1930 753 vitam

160 782 435 832 animorum
463 795 569 830 esse
595 795 866 844 perennem
894 781 1114 844 adeoque
1141 781 1324 828 certius
1351 779 1577 843 apparuit
1601 778 1793 826 animos
1818 790 1931 840 per-

158 857 307 917 petuo
336 849 608 917 φρονήσει
635 852 726 909 uti,
756 856 810 900 ut
834 853 929 901 isto
955 856 1098 915 pacto
1127 851 1270 899 etiam
1298 848 1558 913 singularis
1585 848 1757 897 animis
1783 850 1854 897 vis
1876 861 1933 896 ac

159 928 332 972 natura
357 923 559 986 propria
586 927 732 987 atque
759 936 846 971 sua
871 921 1109 970 vindicata
1137 920 1372 975 videatur,
1414 921 1558 969 etiam
1585 917 1933 968 substantia

161 1007 332 1043 eorum
367 994 418 1041 in
454 993 859 1056 disceptationem
895 996 1095 1040 vocatur
1112 989 1162 1055 1).
1215 990 1419 1039 Ducitur
1446 990 1574 1038 enim
1602 988 1932 1037 dehincter-

158 1065 308 1113 tium
354 1062 851 1111 immortalitatis
902 1070 1333 1125 argumentum
1385 1075 1451 1109 ex
1500 1058 1935 1108 indissolubili

159 1136 439 1199 ipsorum
474 1138 710 1182 natura.
763 1133 952 1196 Quippe
990 1131 1170 1195 duplex
1207 1130 1435 1180 discrevit
1469 1129 1606 1180 Plato
1642 1144 1813 1179 reruni
1850 1144 1933 1192 ge-

160 1219 276 1260 nuS,
305 1202 514 1253 alterum
541 1203 833 1267 simplicium
860 1202 1066 1267 ideoque
1092 1200 1528 1258 indissolubilium,
1567 1200 1773 1250 alterum
1800 1215 1932 1249 com-

158 1276 430 1341 positarum
474 1289 530 1323 ac
566 1273 861 1323 solubilium.
913 1273 973 1322 Et
1006 1275 1058 1321 in
1093 1271 1386 1336 simplicium
1414 1271 1612 1337 quidem
1649 1278 1938 1320 naturarum

159 1360 367 1395 numero
391 1344 563 1394 habuit
588 1345 733 1394 deum
760 1350 904 1409 atque
931 1344 1090 1402 ideaS‚
1127 1343 1305 1408 quibus
1332 1342 1552 1392 adiunxit
1579 1343 1722 1391 etiam
1750 1343 1938 1391 animos

160 1421 330 1480 utpote
357 1431 470 1465 cum
497 1415 588 1465 illis
616 1421 850 1478 cognatos
878 1421 925 1465 et
951 1431 978 1464 a
1006 1430 1216 1479 corpore
1243 1414 1475 1463 diversos.
1503 1414 1557 1462 In
1585 1428 1682 1478 quo
1709 1427 1936 1476 magnam

161 1502 279 1537 sane
306 1486 418 1536 fecit
446 1486 795 1535 discessionem
823 1503 849 1535 a
876 1486 1116 1535 sententia
1143 1486 1452 1548 superiorum
1480 1484 1824 1549 physicorum,
1853 1485 1938 1548 qui

162 1559 379 1608 animum
414 1557 681 1606 voluissent
716 1573 822 1607 esse
857 1557 932 1606 vel
969 1557 1254 1606 aethereum
1290 1555 1365 1605 vel
1401 1557 1624 1619 igneum,
1666 1556 1880 1619 itemque
1911 1570 1937 1603 a

162 1629 412 1694 Leucippo
446 1644 502 1677 ac
537 1628 841 1686 Democrit0‚
881 1643 1003 1693 quos
1038 1629 1260 1676 novimus
1298 1642 1411 1675 eum
1438 1628 1685 1676 censuisse
1712 1630 1939 1675 constare

165 1716 224 1751 ex
261 1704 538 1749 atomorum
576 1706 824 1762 tamquam
860 1697 1139 1763 pulvisculis
1175 1713 1231 1747 ac
1265 1698 1524 1754 ramentiS,
1576 1705 1631 1746 ut
1666 1696 1939 1746 secundum

164 1786 335 1821 eorum
370 1771 661 1820 sententiam
696 1785 788 1818 nec
823 1769 1028 1833 simplex
1055 1784 1146 1819 nec
1173 1767 1520 1818 indissolubilis
1548 1765 1737 1832 esset2).
1788 1767 1938 1816 Nimi-

162 1857 274 1892 rum
300 1857 447 1907 quam
472 1842 552 1890 isti
577 1840 784 1890 subinde
811 1846 1076 1905 creparunt
1100 1838 1530 1895 immortalitatem,
1560 1853 1614 1887 ea
1642 1853 1740 1886 non
1766 1837 1857 1887 alia
1883 1853 1939 1886 re

165 1918 393 1963 contenta
421 1911 512 1960 suit
538 1913 629 1960 nisi
657 1928 729 1969 ec,
759 1912 888 1976 quod
916 1913 964 1960 in
991 1926 1161 1959 rerum
1190 1917 1364 1959 natura
1392 1908 1512 1957 nihil
1549 1910 1744 1973 penitus
1770 1908 1938 1957 interi-

163 1989 262 2040 ret,
301 1998 412 2032 cum
446 1997 614 2032 rerum
652 1982 892 2032 elementa
931 1987 1171 2046 perpetuo
1207 1980 1280 2030 vel
1316 1985 1695 2044 segregarentur
1721 1978 1795 2027 vel
1822 1993 1937 2028 con-

165 2059 503 2119 gregarentur.
557 2053 628 2102 Ab
664 2054 739 2103 his
775 2055 924 2116 igitur
960 2053 1243 2116 longissime
1275 2051 1495 2100 discessit
1521 2049 1680 2107 Plato,
1720 2050 1939 2114 quicum

166 2124 364 2174 omnino
401 2139 567 2172 rerum
606 2123 902 2188 simplicium
943 2138 1096 2187 genus
1134 2122 1379 2187 quoddam
1413 2122 1602 2177 statuit,
1653 2126 1758 2169 tum
1794 2121 1940 2169 etiam

166 2196 356 2245 animos
388 2195 631 2244 humanos
668 2193 816 2243 voluit
853 2209 950 2242 non
987 2208 1092 2242 esse
1129 2193 1426 2256 compositos
1461 2191 1668 2256 ideoque
1695 2190 1840 2255 plane
1866 2191 1939 2238 in-

167 2264 489 2316 dissolubiles.
545 2264 649 2321 Qua
687 2271 851 2314 tamen
886 2266 935 2312 in
972 2279 1027 2313 re
1063 2264 1343 2313 meminisse
1376 2262 1560 2313 iuvabit
1592 2261 1941 2326 philosophum

168 2336 283 2387 alibi
317 2336 654 2400 imprimisque
689 2336 738 2383 in
776 2336 975 2384 Timaeo
989 2333 1023 2400 3)
1060 2332 1386 2383 immortalem
1415 2348 1471 2381 ac
1498 2331 1769 2396 simplicem
1796 2337 1942 2395 atque

167 2405 424 2456 mortalem
459 2412 506 2455 et
540 2406 784 2454 dividuam
819 2407 1030 2454 animam
1070 2405 1370 2460 distinxisse,
1414 2404 1586 2459 duceS,
1635 2409 1689 2451 ut
1735 2402 1938 2459 videtur,

167 2483 364 2527 secutus
402 2477 756 2542 PythagoreoS,
794 2478 876 2541 qui
903 2482 951 2525 et
976 2477 1067 2539 ipsi
1093 2475 1223 2524 illam
1251 2480 1526 2524 statuerunt
1551 2473 1624 2523 vel
1650 2471 1939 2523 rationalem

167 2548 244 2598 vel
277 2547 533 2597 animalem
570 2563 690 2597 esse.
753 2547 946 2595 Etenim
982 2554 1171 2611 partem
1208 2544 1464 2594 meliorem
1500 2543 1570 2593 illi
1606 2544 1943 2593 iudicaverunt

170 2634 276 2670 esse
301 2617 653 2675 immortalem,
680 2618 974 2667 deteriorem
1001 2633 1118 2667 vero
1146 2615 1404 2665 mortalem
1430 2630 1529 2664 non
1557 2615 1755 2680 quidem
1781 2615 1862 2672 ita,
1891 2622 1944 2663 ut

168 2690 291 2739 haec
317 2689 476 2738 statim
503 2696 613 2754 post
639 2694 847 2738 mortem
876 2690 1286 2752 exstingueretur,
1314 2687 1401 2736 sed
1430 2693 1479 2736 ut
1508 2687 1751 2748 exstingui
1777 2691 1942 2735 tamen

169 2767 336 2825 posset
371 2767 419 2808 et
455 2766 564 2823 post
596 2759 775 2808 multos
812 2774 1050 2808 annorum
1078 2759 1311 2807 circuitus
1336 2759 1563 2807 interiret
1589 2755 1943 2820 melioremque

169 2838 359 2896 partem
394 2844 567 2892 puram
602 2845 658 2879 ac
693 2831 933 2880 sinceram
972 2826 1338 2894 relinqueret4).
1393 2828 1593 2881 Videtur
1632 2828 1777 2891 igitur
1804 2826 1942 2876 Plato

173 2902 316 2951 etiam
342 2901 392 2948 in
419 2900 681 2950 Phaedone
714 2901 772 2949 de
810 2916 905 2950 una
933 2901 1140 2949 maxime
1169 2900 1316 2948 animi
1342 2905 1482 2963 parte
1507 2896 1733 2948 rationali
1760 2898 1941 2960 cogita-

170 2973 319 3027 visse,
359 2971 546 3020 etiamsi
572 2970 714 3020 huius
749 2973 823 3021 rei
859 2971 1237 3035 disputationem
1264 2970 1356 3019 hoc
1383 2969 1510 3019 libro
1541 2969 1724 3024 vitavit,
1762 2969 1944 3032 quippe

289 3142 328 3192 1)
363 3140 476 3193 Cap.
508 3138 881 3189 XXIV—XXIX,
914 3155 955 3193 p.
991 3142 1041 3181 77
1064 3141 1103 3179 D
1128 3160 1180 3166 --
1202 3141 1256 3180 80
1277 3139 1331 3182 E.

285 3197 329 3250 2)
363 3197 550 3239 Aristot.
592 3198 662 3236 De
701 3197 852 3236 anima
884 3197 921 3240 Ι,
962 3198 1000 3238 2.
1050 3197 1187 3248 Diog.
1220 3197 1377 3240 Laert,
1410 3195 1488 3238 IX.
1520 3197 1587 3236 44.
1640 3192 1844 3246 Scriptor
1873 3194 1942 3233 De

174 3255 334 3309 placit.
367 3254 480 3306 phil.
512 3253 588 3293 IV.
622 3255 660 3292 7.
714 3251 810 3292 Cic.
842 3253 977 3293 Tusc.
1012 3254 1045 3293 I.
1082 3254 1129 3291 11
1165 3256 1204 3292 et
1242 3256 1264 3291 :3
1280 3255 1307 3290 1..

173 3309 229 3365 §fij
288 3310 330 3362 3)
361 3311 474 3362 Pag.
510 3312 563 3350 69
587 3308 685 3348 CD.
980 3346 990 3350 -

174 3370 230 3411 ,ἐᾷ
287 3367 330 3414 4)
364 3366 604 3406 Iamblich.
647 3363 767 3418 apud
808 3364 933 3409 Stob.
974 3365 1134 3416 Eclog.
1175 3364 1304 3418 phys.
1346 3379 1387 3417 p.
1425 3366 1505 3404 144
1537 3376 1599 3416 sq.
1663 3360 1941 3403 Proclusin

175 3425 293 3467 Tim.
334 3437 376 3475 p.
408 3424 504 3462 311.
567 3420 901 3474 Wyttenbach,
934 3422 1003 3462 De
1036 3421 1277 3462 immortal.
1310 3421 1466 3461 animi.
1529 3419 1721 3472 (Opuse.
1755 3416 1834 3457 sel.
1870 3415 1940 3455 ed.

176 3479 496 3521 Friedemann.
530 3479 588 3523 ΙΙ.
621 3493 662 3533 p.
699 3476 814 3529 190.)
1650 3502 1663 3511 ψ
