2222 3762
523 87 577 133 *
1675 89 1815 142 XLI

123 235 564 307 quandoquidem
602 235 669 287 in·
695 234 760 288 iis
795 232 852 285 id
887 233 1086 303 agitur,
1122 240 1185 285 ut
1221 230 1348 284 dum
1387 230 1688 302 sophistica
1724 241 1820 285 aut

119 309 364 381 vulgaris
400 303 714 361 'disserendi
750 306 888 358 ratio
910 302 1206 358 ‘deluditur
1243 323 1306 357 ac
1354 321 1496 355 vana
1551 310 1607 355 et
1641 303 1819 357 inanis

176 539 177 542 ¹
235 525 477 577 doquidem
516 523 570 562 ab
601 522 681 561 illo
713 522 815 562 inde
846 528 1043 574 tempore
1076 522 1341 562 exstiterunt
1370 521 1573 572 plurimi,
1612 521 1688 573 qui
1722 532 1819 561 sen·

237 583 418 632 tentiam
449 586 653 622 *nostram
714 580 782 620 vel
829 593 1010 620 assensu
1053 592 1134 620 suo
1171 579 1530 632 comprobarent,
1575 579 1644 618 vel
1687 580 1820 619 etiam

225 641 408 686 ,doctius
441 643 713 692 exponerent
743 644 786 678 et
815 640 905 679 suis
949 635 1115 683 additis
1145 637 1583 679 commentationibus
1615 636 1670 676 ad
1701 650 1819 676 com-

228 691 407 747 „munem
459 698 688 737 doctorum
732 695 960 736 hominum
1018 696 1386 748 approbationem
1444 694 1818 734 commendarent.

235 754 367 804 Quod
411 756 588 808 quidem
637 755 850 806 imprimis
891 755 1050 794 fecisse
1097 754 1341 793 censendus
1390 759 1456 793 est
1501 752 1620 792 Car.
1666 751 1821 792 Frid.

235 813 595 854 Hermannus
635 812 679 850 in
726 825 860 864 opere
905 812 1309 866 praestantissimo:
1378 810 1715 851 Geschichte
1777 823 1819 851 u.

236 871 454 923 System
495 871 536 910 d.
590 870 797 910 Platon.
844 869 1235 921 philosophie.
1278 869 1377 911 Vol.
1421 869 1458 911 Ι.
1506 869 1644 921 (proh
1688 868 1820 908 dolor

232 930 464 979 uniruml)
504 927 787 980 Heidelberg.
835 940 874 968 a.
909 927 1035 970 1839.
1075 928 1151 979 qui
1191 929 1292 967 licet
1334 928 1522 979 plurima
1565 926 1818 967 accuratius

125 1036 127 1039 v
233 988 291 1028 sit
320 987 502 1028 rimatus
533 984 796 1037 doctiusq'ue
813 986 1083 1037 exposuerit,
1100 990 1246 1024 tamen
1275 986 1322 1024 in
1354 986 1605 1024 universum
1636 991 1817 1024 nostrae

124 1040 143 1065 Ὗ
212 1044 479 1085 *sententiae
508 1044 638 1094 plane
670 1044 870 1083 accessit.
931 1042 1087 1094 Neque
1113 1043 1166 1082 ab
1206 1055 1257 1081 ea
1288 1043 1470 1081 multum
1502 1042 1821 1088 discesserunt,

233 1101 310 1154 qui
345 1111 490 1153 nuper
527 1100 710 1140 eandem
751 1101 882 1141 telam
922 1100 1006 1140 sibi
1038 1101 1181 1140 denuo
1226 1100 1501 1139 tractandam
1550 1105 1821 1150 sumserunt,

107 1163 125 1178 ³⁴
152 1159 187 1173 '⁴
232 1157 675 1201 Car.S.teinhart.
707 1159 751 1197 in
772 1159 1103 1198 introduct.'ad
1129 1159 1296 1197 Platon.
1325 1157 1466 1210 Opera
1499 1157 1554 1197 ab
1585 1157 1818 1200 Hieron.

227 1216 476 1258 Miillero
525 1228 642 1256 nova
686 1216 1052 1269 interpretatione
1104 1215 1369 1256 Germanica
1424 1220 1640 1264 mactata,
1687 1222 1820 1266 atque

229 1274 298 1316 1³⁸1·
312 1276 460 1316 aucis
474 1284 565 1314 cus
599 1273 901 1314 Susemihl:
933 1273 1196 1314 Genetische
1214 1273 1559 1325 Entwickelung
1590 1274 1670 1313 der
1700 1273 1819 1314 Plat.

235 1333 536 1386 Philosophia.
551 1332 654 1372 Vol.
670 1331 753 1372 [et
767 1333 962 1385 ILLips.
982 1332 1095 1376 1855
1108 1338 1150 1372 et
1164 1331 1289 1375 1857.
1302 1331 1342 1374 8.
1366 1330 1629 1384 Quanquam
1650 1332 1696 1372 hi
1711 1344 1820 1384 quo-

233 1403 317 1444 que
332 1392 537 1431 doctrina
560 1396 602 1430 et
621 1390 864 1431 subtilitate
881 1403 959 1431 sua
980 1403 1113 1443 quum
1136 1391 1413 1442 singulorum
1444 1390 1658 1430 librorum
1688 1402 1818 1442 argu-

228 1449 387 1489 mentis
418 1454 510 1489 tum
541 1449 774 1488 universae
808 1451 861 1489 de
893 1461 1046 1489 eorum
1077 1455 1175 1488 ortu
1215 1455 1260 1489 et
1289 1448 1617 1489 necessitudine
1636 1454 1818 1500 quaest-

226 1507 319 1547 ioni
329 1507 562 1560 plurimum
584 1519 725 1546 novae
748 1507 861 1547 lucis
882 1507 1148 1556 suffuderunt,
1173 1519 1260 1558 qua
1283 1507 1477 1558 gaudere
1506 1505 1609 1545 huic
1642 1507 1817 1545 demum

148 1578 151 1583 ³
211 1565 365 1606 'aetati
393 1573 494 1618 post
538 1565 816 1604 diuturniora
853 1566 1092 1617 sapientiae
1126 1565 1384 1605 Platonicae
1426 1563 1574 1604 studia
1613 1564 1817 1615 contigit.

234 1620 495 1675 Quanquam
543 1634 623 1662 nec
675 1622 910 1663 defuerunt
958 1635 1097 1676 nuper
1136 1624 1210 1675 qui
1259 1625 1390 1662 aliam
1440 1623 1553 1662 viam
1596 1627 1640 1661 et
1680 1623 1817 1662 ratio-

231 1693 332 1720 nem
398 1679 688 1720 difficillimae
759 1682 1032 1733 quaestionis
1090 1682 1393 1733 expediendae
1461 1680 1816 1731 ingrederentur.

227 1738 300 1778 Ex
337 1751 523 1791 quorum
561 1751 745 1778 numero
771 1739 899 1792 ¹duos
930 1741 1184 1780 nominasse
1215 1739 1428 1789 sufficiet,
1461 1739 1646 1778 alterum
1679 1736 1731 1779 G.
1766 1738 1816 1778 F.

229 1794 698 1847 W.‘Succowium,
740 1794 1173 1846 wratislaviensem,
1206 1799 1250 1837 in
1282 1797 1419 1839 libro:
1454 1795 1561 1836 Die
1592 1797 1818 1836 wissen-

212 1853 563 1894 'schastliche
585 1854 1036 1895 u.k1”1ustlerisch
1055 1856 1249 1896 eForm
1278 1856 1371 1895 der
1389 1854 1589 1894 Platon
1606 1855 1691 1894 isc
1710 1855 1816 1894 hen

227 1911 748 1954 Schriften.Berolin.
771 1912 1152 1957 1855.8.alterum
1174 1912 1816 1963 EduardumMunkium,

229 1967 595 2021 Glogaviensem,
639 1972 688 2010 in
726 1983 859 2022 opere
911 1973 974 2012 sic
1021 1973 1264 2024 inscripto:
1326 1971 1422 2011 Die
1474 1970 1814 2011 natiirliche

226 2024 495 2080 Ordn'ung
527 2030 632 2068 der
670 2029 1070 2071 i’latonischen
1115 2029 1426 2072 Schriften.
1463 2028 1809 2072 nerolin.1857.

225 2083 268 2127 8.
362 2085 422 2125 Et
482 2085 804 2128 Succowius
865 2088 1042 2140 quidem
1102 2092 1338 2141 postquam
1396 2087 1596 2126 oratione
1662 2087 1815 2126 admo-

231 2142 335 2183 dum
413 2143 590 2195 prolixa
655 2146 875 2192 ostendit,
955 2147 1135 2196 probari
1216 2146 1301 2184 sibi
1382 2145 1510 2184 unice
1595 2145 1815 2185 rationem

228 2199 756 2251 Schleicrmacheri,
845 2202 920 2254 qui
1002 2204 1206 2254 dialogos
1276 2203 1491 2253 quosdam
1559 2203 1812 2253 primarios,

226 2257 313 2296 fide
382 2259 736 2313 testimoniorum
808 2261 1025 2311 munitos,
1104 2260 1405 2310 constituerit,
1486 2260 1603 2299 unde
1680 2273 1814 2312 quum

228 2316 341 2355 ratio
398 2328 449 2356 ac
498 2317 700 2356 doctrina
759 2317 960 2358 Platonis
1022 2324 1114 2358 tum
1163 2318 1425 2369 scriptorum
1481 2317 1575 2357 eius
1621 2319 1812 2358 necessi-

228 2373 337 2412 tudo
385 2379 430 2412 et
476 2375 728 2414 coniunctio
781 2382 1091 2427 cognoscatur,
1135 2376 1378 2427 improbari
1423 2375 1598 2427 penitus
1637 2377 1814 2416 illorum

227 2431 504 2472 sententiam.
542 2433 617 2484 qui
649 2433 837 2473 lustrato
869 2435 986 2473 vitae
1019 2441 1061 2474 et
1097 2435 1344 2474 studiorum
1377 2445 1522 2485 cursu,
1555 2446 1684 2484 quem
1714 2435 1811 2486 phi-

225 2488 441 2540 losophus
484 2491 704 2541 exegerit,
738 2492 1001 2544 scriptorum
1033 2492 1368 2533 Platonicorum
1417 2491 1617 2530 ordinem
1649 2493 1812 2533 consti·

231 2548 421 2594 tuerint,
454 2550 661 2600 quoniam
702 2550 871 2589 scilicet
910 2550 997 2589 isto
1027 2551 1160 2591 modo
1196 2551 1383 2589 interior
1414 2561 1565 2588 eorum
1599 2562 1738 2590 nexus
1771 2557 1815 2590 et

227 2603 512 2645 cohaerentia
543 2618 631 2647 non
663 2608 956 2662 intelligatur3
991 2608 1150 2648 deinde
1177 2621 1228 2648 eo
1261 2607 1559 2659 progreditur,
1591 2612 1640 2647 ut
1669 2609 1814 2660 ipsum

231 2659 820 2706 Schleiermacherum
852 2666 1008 2705 doceat
1037 2667 1092 2707 ab
1127 2666 1333 2706 Albino
1355 2665 1589 2705 Platonico
1625 2667 1809 2706 multum

231 2732 327 2760 esse
358 2731 626 2773 superatum,
647 2725 721 2775 qui
754 2724 918 2775 scripta
940 2723 1140 2765 Platonis
1174 2725 1303 2766 etiam
1335 2723 1490 2764 melius
1521 2723 1599 2762 illo
1631 2725 1810 2764 ordina-

228 2778 343 2818 verit
373 2791 424 2819 ac
454 2779 754 2836 disposuerit3
785 2795 827 2822 v.
847 2796 889 2834 p.
919 2781 1084 2835 27sqq.
1146 2783 1302 2834 Itaque
1334 2795 1430 2822 sese
1461 2780 1625 2821 fatetur
1655 2783 1810 2823 Albi·-

228 2848 255 2875 n
269 2849 297 2875 u
311 2849 353 2875 m
373 2838 526 2877 ducem
547 2846 802 2891 sequentem
835 2841 1179 2892 disputationem
1212 2841 1458 2880 institutam
1479 2846 1812 2891 persecuturum

198 2905 339 2940 ‚esse-
397 2893 495 2942 Quo
535 2896 655 2937 facto
695 2910 879 2938 examen
910 2898 1282 2946 testimoniorum,
1316 2899 1369 2939 de
1401 2897 1576 2948 scriptis
1609 2897 1810 2938 Platonis

227 2951 518 3004 proditorum,
535 2955 749 3007 imprimis
768 2957 1039 2999 Aristotelis.
1056 2956 1262 3005 instituit,
1286 2969 1371 3010 quo
1409 2955 1648 2997 secundum
1671 2956 1811 3009 ipsius

228 3011 489 3050 sententiam
521 3011 730 3064 Hippiam
758 3016 990 3062 maiorem,
1023 3014 1332 3061 Menexenum,
1365 3013 1616 3064 Politicum,
1649 3014 1809 3066 Leges,

227 3067 538 3119 Epinomidem
580 3076 624 3110 et
654 3069 866 3121 Critiam,
900 3072 1075 3112 Platoni
1117 3085 1196 3124 per
1223 3071 1424 3112 fraudem
1465 3071 1684 3111 subiectos
1716 3086 1812 3113 esse

233 3125 447 3174 efficitur,
511 3128 727 3179 siquidem
796 3128 1062 3170 Aristoteles
1131 3135 1207 3170 aut
1255 3131 1385 3170 etiam
1442 3129 1519 3169 alii
1573 3130 1809 3181 scriptores

233 3188 425 3234 veteres,
466 3197 652 3237 quorum
691 3189 945 3228 auctoritati
982 3188 1152 3239 aliquid
1181 3188 1461 3228 tribuendum
1493 3188 1574 3236 sit,
1607 3200 1684 3227 eos
1717 3201 1807 3229 non

230 3240 395 3281 diserte
427 3250 781 3294 commemorent,
813 3247 884 3287 vel
916 3246 1047 3286 etiam
1073 3259 1125 3286 ea
1154 3247 1333 3299 prodita
1363 3246 1655 3297 reperiantur,
1692 3248 1808 3286 unde

228 3310 306 3339 eos
355 3311 445 3339 non
499 3313 527 3340 a
555 3301 744 3343 Platone
775 3304 995 3356 profectos
1035 3314 1129 3344 esse
1169 3304 1378 3356 colligere
1415 3303 1568 3350 liceat,
1607 3303 1653 3343 id
1691 3302 1807 3356 quod

230 3356 441 3408 imprimis
482 3359 527 3399 in
573 3359 711 3411 Leges
752 3362 989 3402 convenire
1029 3362 1113 3412 ait,
1154 3374 1261 3415 quas
1295 3362 1466 3414 spurias
1499 3373 1594 3401 esse
1625 3373 1675 3401 ac
1706 3361 1804 3400 sub-
