2158 3718
700 182 781 227 AD
812 174 1232 226 PHAEDONEM.
1777 182 1847 235 35

75 333 174 387 est,
215 329 331 394 quin
367 329 544 378 sentiat
577 325 798 391 legentes
832 343 1004 377 rursus
1032 325 1394 392 quodammodo
1421 325 1482 375 de
1507 326 1679 374 mortis
1706 330 1755 375 et
1779 326 1848 374 vi-

77 404 153 447 tae
200 400 541 450 coniunctione
587 400 917 456 commoneri,
967 413 1174 464 quarum
1210 396 1361 447 altera
1405 394 1649 454 dolorem,
1697 395 1849 446 altera

75 468 373 538 voluptatem
401 469 602 520 afferat?
639 468 733 518 Ubi
758 485 875 519 vero
902 469 983 519 ille
1017 474 1272 534 praeterea
1313 468 1457 517 etiam
1493 466 1723 516 iudicavit
1755 467 1846 516 Ae-

75 554 250 606 sopum
285 556 341 591 re
378 539 711 590 animadversa
747 541 859 590 inde
894 541 1023 590 haud
1061 539 1208 590 dubie
1242 537 1435 588 fabulae
1473 536 1677 587 alicuius
1703 552 1847 601 argu-

74 616 294 661 mentum
331 611 484 661 fuisse
518 612 866 675 repetiturum,
903 611 1048 660 huius
1082 612 1154 660 rei
1181 609 1536 659 animadversio
1563 609 1850 673 opportuni-

73 686 223 731 tatem
250 682 541 747 suppeditat,
570 697 664 746 qua
691 697 854 732 sermo
882 682 942 731 ad
967 681 1207 731 moriendi
1233 681 1447 730 studium
1477 685 1523 730 et
1552 678 1849 729 voluntatem

73 751 375 802 traducatur.
429 751 583 802 Cebes
621 754 751 802 enim
787 754 963 802 iniecta
988 752 1223 816 Aesopiae
1257 752 1421 816 poesis
1456 752 1709 801 mentione
1736 765 1849 799 cum

75 822 280 872 aliorum
318 831 419 872 tum
454 823 605 872 Eveni
640 823 886 888 sophistae
921 825 1119 872 nomine
1156 824 1282 872 scire
1320 828 1450 880 avet,
1491 822 1605 886 quid
1651 821 1850 871 tandem

75 908 250 944 causae
275 893 451 950 fuerit,
492 909 579 942 cur
606 894 832 943 Socrates
866 909 1026 959 nuper
1051 908 1221 944 versus
1257 893 1445 943 fecerit.
1500 892 1589 942 Cui
1621 893 1849 942 Socrates

73 964 121 1013 id
156 964 405 1028 religionis
441 964 692 1014 cuiusdam
728 981 873 1014 causa
911 967 975 1014 ita
1011 981 1036 1014 a
1076 980 1128 1014 se
1154 965 1335 1013 factum
1363 978 1470 1012 esse
1494 963 1761 1027 respondet
1786 963 1850 1012 si-

74 1033 275 1099 mulque
294 1035 513 1084 Evenum
538 1034 886 1099 philosophum
909 1036 1103 1084 moneri
1128 1034 1277 1091 iubet,
1305 1040 1360 1083 ut
1386 1048 1438 1083 se
1465 1048 1611 1097 quam
1636 1034 1850 1097 primum

75 1112 336 1169 sequatur;
375 1105 695 1170 philosophos
732 1107 860 1156 enim
898 1112 1031 1155 certe
1066 1119 1328 1169 germanos
1365 1106 1432 1154 ita
1457 1105 1621 1154 facere
1647 1118 1746 1152 non
1772 1118 1850 1153 re-

75 1190 264 1226 cusare.
311 1175 385 1225 Ibi
408 1191 525 1225 vero
550 1182 811 1241 postquam
839 1176 1225 1226 demonstratum
1253 1181 1325 1225 est
1368 1175 1583 1225 studium
1609 1174 1853 1224 moriendi

72 1246 369 1312 philosopho
397 1247 599 1315 dignum
626 1262 725 1297 non
753 1264 859 1298 esse
885 1254 1073 1297 temere
1110 1263 1221 1297 cum
1244 1252 1409 1296 morte
1434 1245 1703 1296 voluntaria
1733 1260 1851 1294 con-

73 1318 401 1374 fundendum,
439 1318 636 1368 tandem
675 1317 923 1384 eleganter
960 1324 1105 1384 atque
1144 1319 1342 1381 copiose
1377 1317 1580 1367 docetur
1618 1317 1851 1366 coniunc-

74 1393 179 1439 tum
204 1388 322 1438 illud
349 1404 456 1438 esse
482 1391 654 1456 utique
682 1405 790 1440 cum
820 1405 907 1455 spe
934 1391 1081 1438 animi
1106 1388 1507 1445 immortalitatis,
1537 1404 1630 1453 qua
1657 1389 1853 1452 sapiens

72 1460 140 1509 ita
166 1459 258 1510 sibi
281 1459 591 1526 persuadeat,
619 1467 673 1510 ut
696 1467 809 1526 post
834 1461 961 1510 hanc
987 1462 1133 1509 vitam
1160 1465 1449 1509 terrestrem
1476 1458 1678 1509 alteram
1709 1459 1851 1507 vitam

73 1530 290 1580 futuram
325 1546 432 1582 esse
475 1532 740 1589 existimet,
780 1548 875 1596 qua
910 1531 1052 1581 liceat
1087 1531 1147 1580 ad
1181 1530 1451 1596 pleniorem
1491 1530 1854 1594 certioremque

77 1603 309 1652 scientiae
336 1609 481 1668 atque
512 1605 698 1652 virtutis
724 1603 1086 1668 possessionem
1113 1603 1388 1666 pervenire.

215 1673 383 1738 Itaque
422 1674 599 1724 dehinc
635 1674 881 1724 acceditur
920 1673 1119 1723 tandem
1155 1672 1216 1722 ad
1252 1688 1358 1722 rem
1394 1673 1577 1737 ipsam,
1618 1687 1728 1721 cum
1756 1671 1853 1720 iam

75 1750 273 1794 ventum
294 1745 355 1793 sit
374 1744 435 1794 ad
459 1746 806 1809 primariae
832 1744 1225 1811 quaestionis
1250 1751 1501 1808 tamquam
1531 1743 1854 1793 exordium

78 1820 126 1866 et
158 1816 356 1865 totius
392 1815 695 1866 dramatis
730 1816 1028 1880 parodon.
1080 1815 1456 1866 Demonstratur
1483 1819 1644 1864 autem
1684 1813 1751 1863 ibi
1777 1828 1851 1863 sa-

75 1887 293 1951 pientem
319 1886 430 1937 ideo
461 1888 588 1936 mori
613 1886 866 1937 lubentem
891 1902 948 1936 ac
973 1885 1230 1948 volentem,
1260 1888 1371 1951 quia
1399 1884 1708 1950 philosophia
1734 1883 1854 1932 nihil

79 1957 208 2007 aliud
234 1958 297 2007 sit
322 1958 416 2006 nisi
442 1960 789 2008 commentatio
818 1959 1004 2015 mortiS,
1036 1973 1191 2022 eoque
1219 1955 1363 2006 simul
1390 1958 1535 2006 etiam
1561 1952 1850 2004 immortali-

77 2035 226 2078 tatem
264 2028 540 2079 ostenditur
576 2030 632 2078 ad
680 2028 1015 2093 philosophiae
1059 2027 1416 2077 absolutionem
1454 2027 1730 2076 necessario
1774 2041 1852 2075 re-

77 2100 229 2164 quiri,
269 2101 450 2166 quippe
486 2116 599 2149 cum
634 2101 685 2148 in
721 2101 813 2149 hac
848 2102 942 2148 vita
968 2100 1194 2149 terrestri
1217 2103 1317 2147 tam
1344 2099 1560 2147 veritatis
1587 2113 1732 2163 quam
1758 2098 1854 2145 vir-

2 2215 4 2217 .
77 2171 193 2220 tutis
219 2170 433 2220 studium
460 2171 616 2232 magis
643 2171 929 2226 inchoetur,
969 2185 1115 2234 quam
1151 2168 1455 2226 absolvatur,
1493 2170 1557 2217 ita
1584 2174 1638 2217 ut
1664 2167 1853 2217 deside-

0 2251 15 2272 ·’
79 2243 207 2290 rium
234 2242 360 2291 vitae
386 2240 586 2290 alterius
614 2240 728 2290 olim
754 2247 864 2305 post
889 2246 1098 2289 mortem
1118 2239 1332 2289 *futurae
1358 2242 1407 2288 in
1434 2240 1596 2288 animo
1623 2239 1855 2302 sapientis

77 2311 207 2361 ultro
246 2311 459 2361 suboriri
485 2327 686 2362 necesse
712 2313 786 2361 sit.
840 2311 979 2369 Quod
1017 2326 1113 2375 quo
1149 2312 1301 2374 magis
1326 2309 1636 2374 intellegatur
1662 2324 1756 2374 qua
1781 2310 1854 2358 via

19 2406 23 2411 ·
81 2388 128 2432 et
161 2383 354 2432 ratione
389 2383 497 2440 fiat,
534 2384 718 2432 iuvabit
743 2382 1214 2447 argumentationem
1242 2383 1290 2430 in
1317 2381 1515 2431 brevius
1555 2385 1856 2430 contractam

11 3238 32 3493 -maeaez-qm‹.,-::-;2··
11 3168 37 3217 ,ι-μκ
12 3130 26 3151 f,
19 3100 21 3102 -
26 3070 29 3073 ,
0 2990 29 3042 ,-”-ι
27 2964 35 2967 χ
0 2926 23 2941 T·
0 2895 2 2904 ’
0 2781 21 2874 *21³
5 2567 31 2752 -ijfffrm
8 2509 15 2529 -,
16 2478 19 2479 =

80 2468 346 2518 apponere.
398 2453 554 2509 Mors,
592 2456 749 2519 inquit
782 2453 1128 2519 philosophus,
1164 2451 1285 2501 nihil
1321 2451 1453 2501 aliud
1488 2456 1562 2502 est
1587 2452 1680 2500 nisi
1706 2450 1857 2500 animi

81 2541 108 2574 a
134 2539 342 2588 corpore
368 2526 604 2574 seiunctio
620 2522 672 2591 1).
726 2526 846 2574 Cum
872 2540 987 2574 vero
1015 2538 1152 2573 mors
1178 2523 1292 2572 huic
1319 2523 1507 2572 notioni
1533 2521 1753 2571 subiecta
1778 2522 1854 2577 sit,

81 2596 319 2659 siquidem
356 2595 689 2660 praedicatum
728 2595 947 2645 subiecto
974 2600 1107 2659 patet
1131 2593 1297 2652 latius,
1334 2598 1439 2642 tum
1468 2593 1612 2643 etiam
1639 2591 1853 2656 philoso-

83 2665 196 2731 phia
230 2667 277 2715 id
319 2666 467 2715 hahet
511 2667 604 2715 sibi
646 2667 926 2732 proprium,
965 2665 1094 2730 quod
1140 2666 1354 2714 animum
1391 2678 1548 2729 usque
1584 2679 1609 2712 a
1646 2677 1857 2726 corpore

0 2746 38 2793 *2⁷⁴
83 2751 289 2786 avocare
324 2742 372 2785 et
406 2737 664 2802 seiungere
702 2736 864 2786 studet
896 2736 1104 2801 ideoque
1143 2736 1299 2785 eidem
1337 2734 1406 2784 illi
1431 2734 1617 2783 notioni
1644 2738 1716 2783 est
1742 2731 1855 2782 sub-

83 2809 221 2857 iecta.
273 2807 344 2856 Ex
384 2822 479 2871 quo
516 2809 747 2865 efficitur,
783 2814 838 2856 ut
873 2805 1181 2871 philosophia
1217 2807 1279 2855 sit
1304 2806 1551 2856 meditatio
1579 2810 1627 2854 et
1650 2817 1856 2868 praepa-

83 2880 207 2928 ratio
244 2878 439 2934 mortiS,
477 2878 870 2943 quandoquidem
907 2884 954 2927 et
986 2878 1089 2942 ipsa
1125 2877 1184 2926 ad
1221 2877 1574 2927 seiunctionem
1612 2875 1855 2940 quandam

86 2950 234 2999 animi
259 2964 285 2998 a
314 2962 524 3012 corpore
553 2949 855 2998 efficiendam
885 2952 1163 3013 comparata
1186 2953 1270 2996 est.
1309 2947 1364 2996 In
1392 2963 1486 3012 qua
1515 2946 1712 3010 quidem
1739 2960 1859 2994 con-

87 3019 306 3070 clusione
342 3019 433 3068 etsi
466 3018 584 3068 illud
621 3021 867 3068 neminem
904 3019 1045 3068 facile
1080 3017 1391 3083 praeteribit,
1430 3016 1585 3081 quod,
1622 3017 1662 3064 si
1688 3031 1855 3064 verum

88 3092 391 3156 quaerimus,
420 3088 509 3138 alia
536 3091 731 3148 mortiS,
770 3089 859 3139 alia
895 3089 1232 3154 philosophiae
1258 3090 1380 3138 ratio
1409 3094 1506 3145 est,
1547 3101 1639 3150 qua
1668 3086 1859 3135 animus

87 3177 114 3211 a
142 3176 350 3226 corpore
378 3160 693 3217 dissolvatur,
730 3165 891 3209 tamen
929 3159 1293 3208 similitudinem
1322 3165 1453 3208 certe
1481 3157 1726 3221 quandam
1751 3156 1858 3220 phi-

86 3231 338 3297 losophiae
374 3247 486 3280 curn
522 3236 680 3279 morte
716 3230 811 3279 hoc
846 3232 1042 3281 nomine
1076 3230 1383 3280 intercedere
1409 3231 1577 3293 utique
1604 3244 1662 3278 ex
1689 3243 1745 3276 eo
1773 3241 1857 3290 ap-

88 3308 254 3367 paret,
284 3302 415 3367 quod
442 3308 649 3366 utraque
676 3300 968 3365 generaliori
994 3301 1249 3351 solutionis
1271 3306 1320 3350 et
1346 3300 1681 3350 disiunctionis
1708 3297 1855 3346 animi

89 3389 116 3423 a
143 3388 351 3438 corpore
377 3374 565 3423 notioni
590 3371 805 3422 subiecta
832 3379 916 3422 est.
945 3372 1030 3422 His
1050 3387 1166 3422 vero
1185 3373 1250 3422 ita
1271 3371 1515 3421 conclusis
1535 3383 1685 3433 porro
1713 3368 1855 3416 etiam

204 3530 245 3583 1)
276 3530 390 3583 Pag.
422 3531 475 3571 64
498 3527 548 3572 C.

1447 3592 1520 3643 3*
