2158 3718
335 153 442 190 XVI
547 211 550 214 ψ
957 153 1406 195 PROLEGOMENA

337 300 486 334 suam
511 289 767 335 naturam
803 298 1002 350 augere
1040 288 1091 330 et
1127 280 1267 332 ultra
1298 282 1456 334 huius
1483 283 1623 336 vitae
1651 284 1883 352 spatium
1908 303 2033 355 pro-

335 350 477 406 ferre
534 353 722 420 suique
776 349 1087 403 memoriam
1137 367 1419 419 superesse
1470 353 1631 423 cupit.
1709 350 1820 407 Sed
1865 356 2033 408 multo

336 432 418 476 est
450 422 679 475 divinior
703 420 1166 490 praestantiorque
1205 420 1501 476 animorum
1537 441 1684 476 amor
1721 433 1774 476 et
1810 425 2032 479 coniun-

334 494 462 557 cti0‚
513 511 618 562 quo
665 489 925 560 sapientia
969 498 1020 540 et
1065 489 1302 558 reliquae
1348 492 1570 546 virtutes
1621 492 1716 564 [ad
1753 494 1918 548 vitam
1955 496 2031 548 ci-

333 564 493 618 vilem
530 560 716 631 utiles]
765 559 1070 628 pariuntur,
1121 560 1353 614 maxime
1390 581 1422 614 a
1458 564 1631 632 poetis
1670 572 1722 617 et
1759 564 2031 637 legislato-

331 634 509 687 ribus:
565 643 669 700 qua
704 629 922 698 quidem
960 630 1218 682 amatoria
1253 639 1366 684 arte
1404 642 1462 685 tu
1499 651 1710 704 quoque
1748 635 2032 704 aliquando

330 703 530 757 initiari
567 700 758 772 possis.
813 698 925 753 Sed
963 699 1031 752 ad
1068 701 1364 770 perfectam
1402 712 1454 755 et
1492 722 1795 775 supremam
1830 715 2031 775 myste-

330 776 528 828 riorum
568 771 902 827 sanctitatem
940 770 1065 824 eniti
1092 771 1310 825 difficile
1338 781 1434 826 est.
1489 771 1810 844 Quanquam
1835 776 2032 846 quibus

330 844 587 917 gradibus
644 861 706 896 eo
754 841 1121 913 perveniatur,
1186 842 1283 896 tibi
1335 861 1615 914 exponam.
1686 845 1902 901 Primus
1951 856 2034 901 est

329 923 550 968 naturae
605 922 809 977 motuS,
867 913 958 980 qui
1013 931 1110 966 nos
1165 913 1234 966 ad
1290 931 1573 985 corporum
1620 915 2032 986 pulcritudinem

330 985 663 1040 sentiendam
709 983 937 1054 impellit
981 993 1034 1036 et
1080 984 1150 1037 ad
1196 1003 1366 1037 unum
1411 1003 1604 1056 corpus
1651 985 1908 1056 applicat,
1965 990 2032 1041 ex

328 1074 435 1126 quo
472 1057 722 1109 virtutem
759 1064 813 1107 et
847 1054 1106 1108 bonorum
1143 1074 1445 1109 sermonum
1482 1058 1713 1110 fructum
1749 1075 2031 1127 procreare

329 1127 622 1199 cupiamus.
692 1126 827 1179 Mox
879 1143 985 1179 uno
1038 1126 1213 1198 gradu
1259 1122 1623 1191 ascendimus,
1682 1144 1847 1196 quum
1890 1127 2031 1181 hunc

326 1217 560 1253 amorem
602 1215 713 1250 non
748 1195 978 1278 amplius
1016 1196 1085 1248 ad
1122 1215 1287 1249 unum
1325 1196 1593 1265 quoddam
1630 1196 2028 1270 adstringimus,

267 1327 269 1329 ,
327 1269 422 1323 sed
467 1268 668 1340 pulcris
717 1265 963 1320 ommbus
1011 1285 1178 1336 aeque
1229 1266 1532 1321 tribuimus.
1604 1267 1782 1322 Altior
1827 1269 2030 1340 gradus

327 1349 426 1404 est,
465 1357 630 1409 quum
665 1339 774 1391 iam
811 1337 977 1391 solam
1015 1338 1178 1390 animi
1214 1337 1628 1407 pulcritudinem
1661 1347 2031 1393 consectamur

323 1429 455 1481 prae
493 1427 661 1478 eaque
699 1409 938 1479 corporis
972 1407 1156 1461 florem
1195 1408 1610 1462 contemnimus:
1661 1408 1805 1462 unde
1840 1408 1930 1474 fit,
1968 1419 2030 1463 ut

323 1481 518 1544 studia,
564 1482 712 1551 leges
749 1497 1032 1548 moresque
1071 1497 1162 1532 eos
1194 1497 1515 1549 cognoscere
1551 1478 1795 1544 velimuS,
1832 1479 2028 1549 quibus

322 1551 407 1615 iis,
448 1570 581 1620 quos
618 1568 874 1614 amamuS,
916 1549 1001 1602 via
1038 1549 1107 1600 ad
1143 1549 1464 1619 sapientiam
1501 1550 1861 1619 virtutemque
1898 1569 2027 1621 ape-

321 1622 505 1675 riatur.
565 1621 724 1675 Alius
764 1629 846 1674 est
881 1620 1101 1691 gradUS,
1140 1638 1247 1689 quo
1287 1621 1539 1674 scientiae
1579 1629 1630 1673 et
1660 1620 2026 1692 philosophiae

321 1701 656 1746 venustatem
700 1691 1028 1762 percipimus
1079 1699 1131 1744 et
1175 1709 1206 1742 a
1253 1691 1606 1761 singularium
1642 1691 1711 1744 ad
1747 1691 2024 1752 universa-

318 1763 451 1817 lium
497 1781 677 1816 rerum
722 1761 1138 1832 pulcritudinem
1183 1762 1557 1814 convertimur.
1618 1760 1727 1815 Hic
1775 1761 1823 1816 si·
1857 1763 2025 1832 probe

319 1852 418 1887 nos
475 1833 903 1896 exercuerimUS,
936 1831 1059 1892 ,lux
1114 1830 1268 1884 nobis
1323 1831 1593 1886 oborietur
1646 1832 2023 1902 pulcritudinis

320 1922 505 1969 verae,
556 1903 876 1965 constantis,
923 1901 1298 1966 immutabiliS,
1343 1911 1615 1967 aeternae,
1667 1902 1923 1974 simplicis
1971 1913 2024 1957 et

317 1983 553 2029 remotae
611 1974 678 2028 ab
724 1974 866 2026 omni
914 1991 1169 2044 corporea
1215 1982 1423 2027 natura.
1489 1972 1615 2039 Quo
1661 1974 1920 2044 adspectu
1963 1982 2024 2028 ut

317 2047 572 2109 fruamur,
610 2063 807 2116 operae
843 2043 1073 2115 pretium
1111 2052 1193 2097 est
1228 2062 1412 2097 omnes
1453 2044 1632 2098 subire
1668 2043 1879 2098 labores
1898 2046 1970 2114 *).

388 2115 547 2170 Haec
585 2134 750 2186 quum
787 2114 1013 2168 dixisset
1049 2113 1315 2178 SocrateS‚
1355 2115 1507 2168 aulae
1543 2123 1699 2186 porta
1734 2114 2020 2182 vehemen-

316 2196 398 2239 ter
444 2187 718 2258 pulsatur,
776 2185 990 2239 auditur
1045 2185 1293 2239 tibicinae
1349 2204 1455 2238 vox
1510 2194 1561 2238 et
1615 2185 2021 2240 comissatorum

318 2257 528 2314 clamor.
591 2257 751 2311 Iubet
789 2274 973 2310 servos
1011 2256 1228 2326 Agatho
1268 2274 1611 2327 cognoscere,
1650 2256 1743 2325 qui
1777 2255 2019 2311 homines

315 2328 517 2392 adsint,
558 2337 610 2381 et
647 2328 692 2380 si
729 2327 838 2380 sint
873 2326 1185 2390 familiares,
1224 2346 1313 2380 eos
1351 2326 1652 2391 admittant,
1704 2326 1794 2380 sin*
1823 2327 2017 2391 mium,

314 2398 578 2470 ablegent.
641 2397 853 2469 Ingruit
890 2398 1181 2466 derepente
1217 2396 1556 2462 Alcibiades,
1606 2396 1816 2461 ebrius,
1865 2415 2016 2452 coro-

312 2477 495 2533 natus,
536 2468 718 2522 turbat
756 2468 1088 2522 convivium:
1147 2467 1277 2521 dicit
1313 2486 1370 2521 se
1406 2469 1649 2533 venisse,
1705 2477 1767 2521 ut
1804 2477 2018 2522 coronet

312 2539 682 2610 Agathonem:
723 2539 925 2592 assidet
951 2538 1019 2591 ad
1043 2556 1183 2602 eum,
1220 2556 1396 2607 neque
1432 2547 1607 2592 tamen
1639 2539 1687 2592 ei
1711 2538 2017 2608 proximum

313 2607 592 2663 Socratem
639 2610 914 2680 conspicit.
978 2606 1102 2674 Quo
1151 2608 1552 2674 animadverSO,
1605 2609 1892 2662 exterritus
1929 2627 2015 2662 re-

313 2679 444 2743 silit,
493 2699 614 2732 eum
651 2681 918 2749 increpat,
957 2697 1080 2731 mox
1118 2686 1292 2731 tamen
1329 2688 1562 2732 coronat.
1625 2677 1824 2731 Turbis
1856 2678 2014 2761 paul-

311 2749 422 2801 lum
450 2750 655 2819 sopitis,
692 2748 884 2813 Nimis,
924 2748 1113 2815 inquit,
1155 2747 1317 2801 sobrii
1344 2749 1488 2812 estiS,
1514 2748 1688 2812 amici,
1715 2766 1778 2802 ac
1805 2757 2010 2803 tristes:

311 2818 627 2873 bibendum!
675 2819 823 2882 affer,
860 2836 1014 2888 puer,
1053 2836 1300 2888 magnam
1336 2817 1586 2889 phialam.
1650 2819 1732 2873 Re
1773 2818 2014 2872 rehendit

310 2907 433 2942 eum
479 2888 874 2958 Eryximachus
929 2898 1212 2958 monetque
1259 2907 1322 2942 ea
1363 2890 1486 2960 lege
1533 2909 1624 2943 eos
1677 2838 1891 2953 bibere,
1953 2898 2014 2943 ut

313 2960 510 3030 singuli
556 2960 627 3013 ad
650 3026 660 3030 ν
670 2960 925 3030 poculum
968 2958 1157 3013 laudes
1193 2960 1414 3014 Amoris
1451 2961 1689 3014 oratione
1727 2953 2011 3014 celebrent.

310 3029 622 3084 Alcibiades
659 3030 854 3101 accipit
891 3030 1247 3104 conditionem
1271 3031 1501 3096 dicendi,
1539 3049 1714 3102 neque
1741 3039 1918 3090 tamen
1943 3030 2010 3084 de

312 3101 430 3166 alio,
469 3102 554 3155 vel
589 3100 799 3153 homine
839 3102 923 3154 vel
961 3102 1079 3165 de0,
1120 3119 1278 3171 quam
1317 3102 1383 3156 de
1409 3100 1631 3156 Socrate
1666 3101 1843 3155 dicere
1876 3101 2011 3156 vult.

380 3328 422 3379 ²⁸)
454 3342 492 3381 p.
518 3335 610 3371 201.
632 3331 672 3370 D
698 3364 748 3371 ..
773 3335 866 3370 212.
883 3331 936 3390 4Ο.
