2158 3718
529 148 1039 207 SYMPOSHJM.
1076 169 1128 218 p.
1165 150 1272 201 2⁰4
1308 152 1380 202 St.
1695 151 1800 203 185

129 293 161 353 ὁ
193 292 396 370 ”Ερως.
439 299 554 352 ἔστι
597 292 705 369 γὰρ
754 292 821 363 δὴ
866 299 974 351 τῶν
1017 294 1378 364 καλλίστωνὴ
1410 301 1598 372 σοφία,
1626 292 1802 368 '‘Epeos-

129 378 182 437 δ’
231 381 381 436 ἐστὶν
419 383 553 454 ἔρως
590 383 714 452 περὶ
756 375 819 434 τὸ
862 378 1048 445 καλόν,
1093 376 1224 445 ὥςτε
1249 378 1558 449 ἀναγκαῖον
1580 376 1799 453 ’Έρωτα

131 462 447 542 φιλόσοφον
491 463 646 529 εἶναι,
690 462 1007 540 φιλόσοφον
1051 468 1106 520 δὲ
1153 462 1290 520 ὅντα
1314 455 1518 536 μεταξὺ
1542 464 1681 520 εἶναι
1707 485 1800 521 σο-
1845 475 1851 479 ”

129 551 242 625 φοῦ
287 550 379 604 καὶ
419 546 710 617 ἀμαθοῦς.
769 553 919 603 αἰτία
965 551 1020 603 δὲ
1065 547 1216 619 αὐτῷ
1259 551 1352 604 καὶ
1397 547 1602 605 τούτων
1639 547 1673 617 ἡ
1717 554 1803 619 γέ-

126 651 298 696 νεσις·
346 629 555 703 πατρὸς
594 635 695 704 μὲν
736 629 844 705 γὰρ
888 636 1069 707 σοφοῦ
1108 639 1224 688 ἐστι
1266 636 1357 689 καὶ
1401 632 1655 733 εὐπόρου,
1697 656 1803 706 μη-

127 712 257 788 τρὸς
298 717 354 770 δὲ
400 715 465 770 οὐ
509 720 692 791 σοφῆς
735 721 826 771 καὶ
869 714 1103 789 ἀπόρου.
1150 714 1184 785 ἡ
1229 719 1331 789 μὲν
1373 710 1475 773 οὗν
1505 716 1670 793 ᾳύσις
1698 721 1798 773 τοῦ

127 803 405 871 δαίμονος,
448 791 488 854 ὦ
536 804 659 876 φίλε
690 798 1006 871 Σώκρατες,
1052 797 1228 870 αὕτη·
1274 799 1339 856 ὃν
1383 804 1439 856 δὲ
1484 799 1551 857 σὺ
1598 800 1799 871 ᾠήθης

110 879 327 956 ’Ἔρωτα
387 882 552 951 εἶναι,
610 881 952 953 θαυμαστὸν
1007 885 1169 940 οὐδὲν
1210 888 1441 951 ἔπαθες.
1485 883 1684 956 ᾠήθης
1722 889 1792 953 δέ,

125 965 199 1032 ὡς
237 969 356 1040 ἐμοὶ
400 971 546 1024 δοκεῖ
587 972 980 1046 τεκμαιρομένῃ
1025 969 1079 1037 ἐξ
1121 962 1198 1026 ὧν
1241 967 1308 1025 σὺ
1352 974 1548 1039 λέγεις.
1577 967 1794 1043 τὸὲρώ-

122 1071 292 1123 μενον
319 1049 538 1122 ’Ἔρωτα
583 1051 749 1118 εἶναι,
796 1051 860 1107 οὐ
903 1051 968 1108 τὸ
1013 1056 1168 1125 ἐρῶν.
1212 1050 1304 1109 διὰ
1347 1052 1527 1108 ταῦτά
1572 1073 1677 1120 σοι,
1720 1051 1800 1110 οἶ-

123 1157 254 1207 μαι,
307 1133 609 1212 πάγκαλος.
639 1139 900 1210 ἐφαίνετο
945 1134 974 1192 ὁ
1018 1133 1209 1208 '‘Epwg.
1268 1140 1360 1192 καὶ
1414 1134 1519 1210 γὰρ
1580 1142 1690 1193 ἔστι
1732 1135 1795 1194 τὸ

125 1215 361 1290 ὲραστὸν
404 1215 468 1274 τὸ
512 1222 589 1290 τῷ
634 1216 754 1275 ὄντι
797 1216 969 1275 καλὸν
1010 1224 1102 1276 καὶ
1145 1218 1326 1294 ἁβρὸν
1368 1224 1461 1276 καὶ
1495 1224 1678 1277 τέλεον
1704 1225 1799 1277 καὶ

119 1300 493 1378 μακαριστόν·
549 1302 614 1359 τὸ
676 1307 731 1359 δέ
784 1324 842 1373 γε
900 1306 1038 1378 ἐρῶν
1091 1300 1266 1372 ἄλλην
1322 1307 1472 1361 ἰδέαν
1527 1303 1798 1374 τοιαύτην

119 1391 272 1460 ἕχον,
317 1391 445 1443 οἵαν
486 1385 585 1458 ἐγώ
632 1390 894 1456 διῆλθον.

249 1467 391 1548 Cap.
435 1467 665 1528 XXIV.
749 1472 867 1528 Καὶ
909 1469 1009 1544 ἐγώ
1039 1470 1209 1540 εἶπον,
1258 1471 1390 1530 Εἶεν
1433 1471 1520 1541 δή,
1565 1465 1606 1528 ὦ
1642 1474 1793 1542 ξένη’

234 1695 287 1737 Β.
348 1692 528 1748 Δῆλον
565 1691 650 1747 δή,
692 1692 814 1747 ἔφη,
845 1694 916 1749 τ.]
956 1694 1047 1737 Pro
1078 1693 1132 1748 δή
1163 1693 1292 1738 Bodl.
1312 1693 1478 1738 Vat.A.
1497 1694 1675 1739 Vind.2.
1695 1696 1796 1738 Par.

123 1753 228 1795 ΒΚ.
256 1755 361 1806 Aug.
376 1766 426 1794 νγ.
449 1751 546 1792 Vat.
556 1765 598 1805 p.
627 1750 786 1792 habent
815 1749 912 1804 ὅτι,
960 1765 1105 1794 errore
1143 1751 1386 1794 manifesto.
1442 1752 1537 1794 Nec
1565 1766 1669 1794 vero
1700 1766 1797 1794 cum

124 1811 278 1854 Herm.
313 1808 368 1863 δή
399 1809 621 1860 abiiciam,
651 1807 767 1861 quod
798 1821 882 1860 non
911 1814 1075 1851 temere
1106 1811 1317 1880 scriptum
1339 1809 1565 1862 perhiberi,
1595 1812 1661 1851 vel
1695 1810 1798 1851 illud

125 1868 294 1922 arguit,
331 1866 447 1921 quod
487 1865 616 1908 Bodl
657 1866 833 1918 eiusque
876 1867 983 1908 socii
1020 1867 1131 1909 illius
1161 1868 1258 1909 loco
1290 1882 1361 1906 οτι
1391 1867 1595 1920 scriptum
1627 1866 1795 1908 habent.

123 1926 292 1980 Nempe
323 1924 423 1967 inde
454 1929 583 1966 certe
602 1923 876 1976 intelligitur,
909 1925 1049 1966 locum
1082 1925 1191 1966 inter
1221 1921 1367 1975 Δῆλον
1405 1929 1448 1965 et
1485 1926 1562 1977 ἔφη
1600 1925 1642 1965 in
1672 1929 1798 1965 vetu-

124 1983 328 2025 ultissimis
359 1981 478 2024 libris
508 1993 590 2022 ιιοιι
611 1980 740 2022 fuisse
769 1982 1227 2024 monumemtum
1259 1979 1309 2032 δὴ
1346 1982 1567 2036 eleganter
1591 1982 1793 2035 positum.

236 2043 302 2081 ὠν
331 2043 396 2080 αῠ
429 2037 519 2078 καὶ
546 2036 568 2078 ὁ
592 2037 643 2078 E
651 2041 769 2093 ρως]
809 2039 895 2080 Pro
925 2037 977 2078 ἂν
1006 2039 1232 2081 Bekkerus
1262 2043 1381 2079 recte
1414 2051 1438 2080 e
1470 2038 1627 2080 Ven.'‘
1591 2053 1638 2080 ....
1670 2038 1794 2080 vind.

119 2097 166 2142 2.
196 2096 251 2139 av
283 2095 428 2145 dedit,
469 2094 584 2149 qnod
629 2096 825 2149 equidem
867 2108 954 2137 non
994 2096 1120 2139 video
1154 2109 1229 2138 cur
1259 2095 1485 2137 Riickerto
1513 2095 1794 2151 displicuerit,

120 2155 191 2210 qui
220 2153 272 2196 αν
303 2165 450 2195 errore
479 2165 533 2195 ex
564 2153 842 2207 praecedenti
869 2168 927 2193 ων
955 2158 1100 2196 natum
1133 2167 1229 2195 esse
1261 2153 1515 2206 suspicatur.

235 2225 296 2311 2²2?
310 2225 414 2312 φῖἐ
395 2208 1109 2323 {32‘555723230355122‘315
1127 2224 1195 2312 (ἒξ
1202 2209 1428 2320 5532.ss
1447 2213 1555 2320 ‘225³
1564 2210 1793 2320 ffifflli

119 2322 448 2371 Par.1‹2F.Vat.
462 2339 492 2366 s
516 2324 634 2367 Flor.
651 2338 688 2367 c.
719 2329 879 2368 tenent
939 2326 1046 2368 Mox
1077 2325 1204 2367 Bodl
1241 2323 1351 2380 ἅβρό
1327 2340 1387 2365 ow

1001 2479 1086 2520 que
1117 2479 1228 2508 nunc
1259 2478 1311 2507 eo
1342 2466 1498 2507 rectius
1516 2444 1628 2506 istud
1659 2462 1797 2517 ἁβρόν

120 2469 195 2524 qui
226 2468 398 2524 proprie
427 2466 603 2519 dicitnr,
635 2479 745 2508 nunc
774 2479 918 2509 sermo

1000 2524 1193 2575 infertur,
1224 2522 1340 2577 quod
1368 2522 1470 2564 haec
1489 2522 1660 2564 omnino
1691 2533 1796 2564 con·-

121 2529 200 2580 sit,
253 2525 331 2567 sed
379 2525 567 2566 Diotima
616 2523 717 2566 illud
773 2525 918 2578 potius

123 2584 348 2638 significet,
379 2581 494 2635 quod
526 2581 624 2635 quia
655 2594 734 2635 per
751 2595 800 2623 se
822 2583 917 2635 pul-

121 2654 241 2684 crum
283 2641 528 2691 bonumque
559 2643 785 2691 censetur,
824 2643 917 2689 stu-

123 2699 194 2741 dio
236 2702 385 2740 nostro
427 2695 599 2750 dignum
642 2696 719 2749 sit,
764 2697 915 2738 mirum

121 2769 225 2798 sane
253 2754 451 2797 accidere
481 2753 604 2795 alicui
628 2758 774 2808 potest
800 2752 915 2795 istud

120 2811 273 2867 ἁβρόν,
304 2811 420 2865 quod
443 2811 534 2865 ipse
553 2811 653 2853 olim
674 2812 713 2853 in
741 2809 918 2865 ἀγαθόν

121 2868 468 2912 commutandum
483 2869 701 2922 putabam.
734 2868 822 2910 Sed
844 2880 913 2909 re-

122 2933 192 2968 cte
237 2926 291 2967 ab
341 2925 624 2966 Riickerto
673 2930 717 2967 et
755 2925 917 2966 Hom-

121 2982 287 3027 melio
336 2987 403 3023 est
449 2981 726 3023 observatum
780 2979 917 3037 ἁβρόν

123 3040 233 3083 hune
264 3038 456 3080 Socratis
487 3039 708 3090 Amorem,
740 3037 820 3080 hoc
850 3043 918 3079 est

123 3100 398 3167 pulcrum,
429 3095 526 3136 ideo
559 3096 785 3149 appellari,
817 3096 916 3148 quia

121 3156 215 3210 ipse
244 3158 369 3196 antea
391 3166 432 3208 p.
453 3152 549 3198 201.
569 3152 621 3194 Ε.
651 3153 756 3194 dixit
775 3165 822 3194 se
841 3166 917 3193 en-

124 3213 221 3255 dem
275 3210 366 3253 fere
418 3208 473 3251 de
512 3211 670 3252 Amore
715 3210 916 3251 statuisse

122 3282 240 3326 quse
274 3266 552 3323 Agathonem-
626 3267 667 3308 Is
716 3278 821 3307 vero
875 3266 915 3307 in

124 3326 351 3370 teneritate
403 3337 454 3366 ac
505 3322 683 3366 mollitie
733 3322 916 3365 numinis

124 3383 376 3428 celebranda
421 3383 578 3424 multus
611 3378 767 3423 fuerat.
827 3380 915 3422 lta·

1000 2591 1066 2624 tra
1098 2580 1361 2635 Agathonem
1403 2581 1569 2631 valent,
1610 2579 1684 2632 qui
1722 2592 1796 2620 eas

1002 2639 1152 2681 Amori
1203 2651 1282 2680 suo
1332 2638 1512 2679 virtutes
1559 2636 1794 2688 tribuisset,

999 2709 1109 2750 quae
1147 2695 1311 2736 nonin
1360 2707 1575 2745 amorem,
1626 2693 1703 2735 sed
1755 2693 1798 2734 in

1001 2759 1190 2796 amatum
1223 2752 1511 2795 convenirent,
1538 2774 1595 2782 —
1625 2750 1798 2804 ἄλλην

1000 2811 1225 2852 ἰδέαντ.
1259 2812 1410 2862 ἕχον,
1451 2822 1513 2852 sc.
1543 2809 1658 2861 ἐστί,
1702 2808 1796 2850 ali-

1001 2882 1078 2911 am
1123 2867 1299 2910 refert
1349 2867 1622 2920 speciem,
1672 2866 1700 2909 i.
1755 2878 1794 2906 e.

1001 2927 1128 2967 aliam
1171 2925 1300 2967 habet
1345 2925 1430 2966 vim
1473 2928 1518 2965 et
1560 2897 1794 2973 na'turam),

1001 2994 1225 3035 eamque
1284 2987 1345 3023 ta
1367 2983 1424 3024 le
1447 2994 1517 3032 m,
1579 2980 1792 3033 qualem

1001 3052 1119 3138 egoa
1135 3038 1367 3083 exhibui.

1122 3095 1343 3151 pXXlV.
1387 3094 1452 3134 Εἷ
1464 3109 1518 3134 εν
1548 3090 1627 3143 δή,
1655 3107 1687 3131 ω
1718 3089 1793 3134 ξέ-

1001 3098 1093 3206 vnc
1096 3111 1173 3208 am]
1206 3154 1278 3195 Sic
1312 3153 1416 3194 infra
1441 3166 1478 3204 p
1498 3149 1597 3193 213.
1619 3147 1675 3188 E:
1708 3163 1741 3188 ει
1739 3161 1793 3188 εν

1000 3210 1082 3264 δή,
1110 3211 1284 3264 ἄνδρες·
1315 3212 1428 3251 δοκεῖ
1429 3224 1474 3248 τε
1502 3205 1584 3263 γάρ
1612 3220 1690 3258 μοι
1718 3205 1792 3258 νή-

999 3283 1114 3322 φειν,
1153 3268 1233 3310 οὔκ
1270 3268 1538 3318 ἐπιτρεπτέον
1566 3258 1646 3304 οὖν
1673 3260 1791 3319 ὑμῖν,

998 3324 1103 3367 ἀλλὰ
1124 3327 1291 3368 ποτέον.
1323 3320 1541 3365 Phaedon.
1553 3334 1595 3375 p.
1613 3320 1706 3365 117.
1723 3322 1789 3371 Α.,

999 3383 1070 3425 ubi
1103 3396 1139 3428 v.
1172 3386 1313 3426 annot.
