2158 3718
238 2 302 25 aaa
363 0 937 37 ⁷''1¹22‘'..21'1wffissffiffffl'ssfflffzffiw'ff
966 0 1123 17 ν
1143 0 1167 8 «’
1191 6 1194 10 -
1219 0 1237 10 0
1266 5 1270 8 >
1323 6 1327 14 2

210 23 214 30 ¹
311 30 314 31 ⁷
399 25 476 43 ῑτνιτμ
494 31 495 35 =
556 25 584 45 ’.ε
603 19 664 53 9ηῇ
685 23 869 46 ’¹..*·1>,.,”.t·.¹‘‹w
901 29 907 43 τ
931 39 934 41 .
962 27 972 42 .-’

755 137 839 187 An
871 131 1292 187 PHAEDONEM.
1836 145 1904 198 47

140 295 211 337 tes
238 287 475 352 significat
501 302 554 336 se
578 286 670 336 hac
695 287 939 336 sumtione
965 301 1050 337 sua
1077 288 1414 352 acquiescere,
1442 302 1535 352 qua
1562 287 1684 337 ideis
1711 295 1908 338 censeat

137 373 303 408 veram
328 372 495 407 rerum
522 358 617 407 vim
643 364 967 423 naturamque
995 372 1102 408 esse
1127 363 1432 415 contentam,
1471 373 1764 424 quamquam
1799 359 1907 410 fieri

135 443 281 494 posse
317 430 583 485 existimat,
621 434 675 478 ut
711 429 854 477 etiam
891 428 1032 478 altius
1067 427 1326 494 aliquando
1362 429 1578 478 veritatis
1612 431 1905 495 principium

135 500 471 562 investigetur.
518 498 651 556 Quae
677 500 780 564 ipsa
808 514 953 549 causa
981 506 1068 556 est,
1098 514 1185 549 cur
1210 500 1336 550 infra
1362 501 1545 549 amicos
1572 507 1619 550 et
1644 500 1907 550 familiares

136 571 348 634 graviter
382 570 693 626 cohortetur,
731 577 785 620 ut
822 570 882 619 de
916 571 999 627 iis,
1051 585 1174 635 quae
1207 571 1312 636 ipse
1348 572 1650 635 exposuerit,
1697 570 1906 637 amplius

135 646 397 706 quaerant,
435 640 475 688 si
500 640 626 690 forte
651 641 759 690 fieri
784 642 962 706 possit,
1004 647 1056 689 ut
1089 643 1181 691 isto
1209 641 1358 690 modo
1384 642 1645 707 aliquando
1674 643 1818 692 etiam
1846 643 1904 692 ad

134 712 342 760 certiora
378 712 706 776 perveniatur.
760 712 901 770 Quod
940 712 1136 761 effatum
1172 719 1306 762 certe
1341 727 1642 777 magnopere
1679 720 1905 762 errarunt

133 783 175 830 si
209 783 291 847 qui
326 797 383 831 eo
417 783 667 847 pertinere
702 783 1060 840 iudicaverunt,
1093 783 1223 848 quod
1248 783 1385 832 Plato
1414 798 1551 832 suam
1575 785 1732 849 ipsius
1758 784 1906 833 animi

133 851 484 902 dubitationem
535 853 596 903 de
646 860 1049 918 argumentorum
1100 869 1300 903 suorum
1337 856 1384 903 vi
1429 860 1573 920 atque
1614 856 1905 905 auctoritate

131 922 421 988 prodiderit.
492 923 655 973 Finxit
691 926 822 974 enim
856 924 936 973 ille
971 925 1224 974 Socratem
1260 939 1404 973 suum
1438 927 1608 989 utique
1644 941 1785 984 eum,
1822 928 1906 991 qui

132 995 348 1047 animum
378 1009 483 1044 esse
509 995 835 1045 immortalem
861 994 1006 1060 plane
1031 1009 1323 1059 persuasum
1350 995 1550 1053 habeat,
1580 996 1665 1045 sed
1694 997 1904 1046 eundem

133 1066 278 1114 etiam
302 1071 438 1114 tanta
462 1065 696 1130 sapientia
722 1065 910 1130 pollere
929 1067 1084 1122 iussit,
1113 1071 1167 1114 ut
1190 1070 1396 1130 propter
1421 1066 1493 1115 rei
1518 1067 1906 1129 magnitudinem

133 1142 180 1184 et
204 1137 383 1185 mentis
409 1136 651 1186 humanae
677 1135 1066 1186 imbecillitatem
1093 1141 1272 1185 statuat
1296 1138 1346 1185 in
1373 1151 1489 1186 vero
1517 1136 1797 1201 quaerendo
1823 1152 1904 1186 us-

132 1221 227 1271 que
252 1204 446 1270 longius
470 1207 840 1272 procedendum
866 1222 996 1264 esse,
1033 1208 1075 1256 si
1100 1207 1226 1256 forte
1261 1207 1322 1256 ad
1350 1208 1700 1266 evidentiorem
1727 1210 1904 1287 certip-

131 1291 334 1343 remque
360 1279 432 1327 rei
458 1279 772 1341 gravissimae
798 1279 1130 1343 cognitionem
1157 1279 1404 1344 perveniri
1430 1285 1589 1344 queat.

271 1347 332 1397 Et
356 1348 478 1398 haec
505 1349 701 1413 quidem
727 1349 787 1398 de
821 1348 916 1398 loci
940 1364 1206 1414 sanequam
1231 1348 1565 1399 memorabilis
1581 1348 1611 1416 ¹)
1641 1365 1902 1414 argumen-

130 1425 196 1468 to.
249 1417 412 1475 Quae
449 1419 736 1469 Socrates
772 1420 870 1468 hic
907 1420 977 1470 de
1019 1419 1457 1486 philosophiae
1503 1421 1733 1471 studiis
1777 1423 1902 1472 suis

131 1495 370 1546 narrat,
409 1506 474 1540 ea
510 1497 677 1540 certe
715 1490 994 1540 dubitari
1029 1506 1145 1539 non
1180 1497 1408 1556 potest,
1449 1493 1595 1556 quin
1633 1507 1750 1541 non
1785 1499 1903 1541 tam

131 1560 200 1609 de
226 1562 388 1626 ipso,
418 1577 591 1626 quam
618 1562 687 1612 de
713 1562 971 1611 Platone
995 1561 1271 1611 idearum
1301 1562 1624 1612 doctrinae
1651 1569 1902 1612 auctore

131 1646 196 1679 ac
228 1637 486 1696 parente
521 1630 946 1695 intellegenda
983 1633 1119 1682 sint.
1199 1632 1326 1690 Quid
1363 1634 1522 1682 enim?
1561 1648 1726 1684 nonne
1761 1649 1902 1699 aper-

131 1710 233 1751 tum
269 1708 342 1752 est
375 1704 567 1753 narrari
603 1703 779 1769 quibus
815 1703 952 1769 quasi
988 1703 1223 1766 gradibus
1257 1705 1361 1768 ipse
1395 1703 1532 1753 Plato
1567 1704 1818 1769 paullatim
1852 1707 1902 1753 in

131 1773 397 1838 sapientiae
423 1775 585 1825 studio
612 1789 906 1839 progressus
932 1775 1005 1831 sit,
1036 1790 1188 1839 usque
1215 1774 1331 1824 dum
1359 1775 1570 1840 denique
1597 1775 1656 1824 ad
1682 1775 1903 1825 idearum

131 1843 405 1903 doctrinam
439 1845 746 1911 pervenerit?
783 1846 1025 1896 Nimirum
1062 1845 1188 1894 hanc
1224 1852 1356 1895 certe
1392 1861 1562 1895 omnes
1589 1848 1904 1896 consentiunt

130 1929 229 1963 non
257 1916 448 1965 Socrati
472 1916 722 1982 propriam
747 1917 910 1974 fuisse,
939 1918 1022 1982 qui
1046 1917 1208 1981 potius
1234 1918 1283 1964 in
1304 1917 1540 1965 rimandis
1567 1917 1901 1982 exquirendis-

131 2001 226 2050 que
251 1988 402 2037 meris
427 1988 605 2037 mentis
631 1987 912 2036 notionibus
939 1987 1175 2044 substitit,
1213 1987 1298 2036 sed
1325 1989 1410 2036 uni
1435 1987 1626 2036 Platoni
1651 1994 1899 2051 acceptam

129 2056 319 2107 referri.
372 2058 613 2116 Quocirca
639 2057 800 2116 Plato,
830 2059 959 2123 quod
987 2059 1035 2107 in
1063 2057 1166 2106 aliis
1193 2057 1502 2107 sermonibus
1537 2059 1636 2107 suis
1672 2059 1811 2116 fecit,
1850 2065 1903 2107 ut

132 2126 386 2177 Socratem
420 2131 521 2178 suis
555 2130 709 2193 ipsius
753 2129 975 2194 partibus
1019 2131 1062 2178 ei
1108 2128 1411 2178 demandatis
1453 2130 1652 2179 iusserit
1696 2129 1902 2179 alienam

130 2212 392 2262 personam
420 2201 685 2257 sustinere,
723 2200 772 2249 id
810 2201 952 2249 etiam
987 2200 1035 2247 in
1062 2199 1324 2249 Phaedone
1356 2201 1696 2265 imprimisque
1730 2202 1781 2248 in
1808 2200 1902 2249 hoc

132 2268 310 2334 dialogi
343 2269 451 2319 loco
488 2278 685 2320 secutus
723 2268 858 2335 est2).
934 2271 1194 2319 Enimvero
1239 2272 1446 2319 servavit
1491 2286 1544 2320 ea
1578 2273 1627 2318 in
1664 2286 1720 2320 re
1757 2272 1900 2320 etiam

130 2339 288 2404 legem
328 2340 776 2397 verisimilitudiniS,
814 2341 1213 2406 quandoquidem
1247 2342 1347 2389 veri
1374 2342 1588 2390 Socratis
1621 2342 1781 2405 imago
1808 2341 1901 2390 uti-

132 2427 226 2477 que
261 2410 554 2461 lineamenta
591 2412 824 2477 quaedam
854 2411 1046 2467 habuit,
1083 2412 1212 2461 unde
1237 2411 1347 2461 talis
1372 2413 1523 2476 ipsius
1549 2413 1738 2477 species
1765 2412 1901 2461 deni-

132 2497 227 2547 que
277 2483 619 2546 effingeretur,
674 2482 865 2548 qualem
909 2483 957 2531 in
993 2482 1255 2532 Phaedone
1301 2483 1621 2532 deformatam
1665 2483 1899 2533 videmus

130 2553 254 2602 Nam
286 2555 501 2619 primum
537 2554 733 2619 quidem
769 2554 1022 2604 Socratem
1056 2569 1294 2619 perquam
1331 2559 1404 2603 est
1445 2553 1704 2604 verisimile
1738 2552 1901 2604 adole-

132 2630 350 2675 scentem
376 2631 519 2690 atque
546 2626 727 2682 virum,
755 2626 1040 2691 priusquam
1075 2626 1362 2690 sapientiam
1391 2624 1450 2675 de
1478 2624 1615 2675 coelo
1642 2627 1691 2674 in
1721 2632 1901 2675 terram

133 2696 414 2751 devocaret,
445 2697 590 2745 etiam
615 2695 826 2761 physicis
854 2696 1046 2746 dedisse
1072 2711 1297 2762 operam,
1335 2711 1434 2745 non
1462 2711 1558 2762 quo
1586 2712 1641 2746 ea
1668 2698 1901 2746 continuo

134 2867 346 2920 exposita
382 2866 595 2920 leguntur
633 2867 680 2906 in
719 2865 854 2920 Soph.
886 2881 930 2921 p.
962 2868 1043 2908 253
1065 2866 1101 2907 B
1132 2879 1199 2919 sq.
1238 2870 1283 2907 et
1321 2880 1363 2920 p.
1396 2868 1494 2908 259.
1553 2865 1623 2908 De
1655 2866 1766 2921 Rep.
1798 2865 1899 2909 VII.

131 2938 173 2977 p.
198 2925 279 2964 533
301 2922 351 2973 C,
382 2924 461 2963 ubi
489 2924 612 2963 inter
642 2922 733 2964 alia
763 2924 878 2964 haec
906 2925 1164 2977 perscripta
1196 2928 1322 2964 sunt:
1356 2917 1598 2980 Οὐκοῦνὴ
1623 2917 1901 2977 διαλεκτικὴ

131 2976 344 3034 μέθοδος
373 2972 496 3033 μόνη
519 2973 667 3034 ταύτῃ
688 2974 957 3034 πορεύεται,
982 2975 1066 3029 τὰς
1088 2974 1346 3028 ὑποθέσεις
1380 2980 1425 3033 (i.
1453 2995 1490 3022 e.
1513 2982 1757 3034 principia,
1782 2993 1900 3033 quae

130 3041 365 3089 tamquam
403 3049 515 3077 vera.
552 3041 801 3088 ponuntur,
849 3038 1131 3104 sumptiones
1168 3051 1247 3091 pro
1285 3038 1527 3091 principiis
1557 3038 1755 3091 posita83
1791 3050 1901 3079 vere

133 3094 253 3134 enim
285 3096 441 3133 auctor
472 3091 631 3132 definit
660 3106 702 3145 p.
734 3095 817 3134 415
846 3095 910 3134 D:
943 3087 1199 3142 υπόθεσις·
1233 3087 1353 3160 ἁρχὴ
1377 3087 1743 3145 ἀναπόδεικτος)
1767 3086 1901 3136 ἄναι-

133 3148 283 3203 ροῦσα
306 3146 502 3201 (sursum
525 3148 742 3212 ev'ehens)
775 3142 854 3191 ἐπ’
877 3143 1032 3203 αὐτὴν
1052 3149 1140 3204 τὴν
1161 3143 1326 3205 ἆρχην,
1350 3149 1431 3192 ἵνα
1454 3145 1786 3205 βεβαιώσηται,
1818 3148 1901 3191 καὶ

133 3205 196 3262 τῷ
227 3198 330 3248 ὄντι
361 3199 410 3247 ἐν
441 3204 650 3259 βορβορῳ
673 3203 943 3263 βαρβαρικῷ
974 3221 1068 3248 τινι
1095 3201 1148 3248 τὸ
1178 3206 1262 3261 τῆς
1291 3206 1451 3262 ψυχῆς
1480 3200 1610 3262 ὄμμα
1637 3221 1899 3261 κατορωρυ-

133 3258 306 3316 γμένον
326 3254 477 3316 ἠρέμα
500 3259 623 3303 ἕλκει
655 3259 737 3302 καὶ
759 3257 926 3317 ἀνάγει
948 3255 1059 3305 ἄνω.

247 3319 291 3370 1)
322 3320 433 3371 rag.
465 3321 519 3359 95
539 3320 575 3358 E
599 3340 653 3346 —
676 3320 755 3359 106
776 3319 829 3360 Ε.

245 3375 292 3426 2)
323 3376 394 3416 De
426 3375 513 3415 hac
544 3388 592 3415 re
626 3374 760 3414 aliter
788 3376 936 3416 visum
967 3380 1038 3418 est
1066 3377 1377 3431 Boeckhio,
1408 3379 1508 3422 Ind.
1541 3377 1725 3419 lection.
1749 3374 1899 3419 Berol.

136 3432 260 3475 1838.
293 3434 339 3471 et
368 3444 513 3485 nuper
542 3431 834 3484 Krischio‚
867 3433 953 3473 Die
985 3433 1124 3476 theol.
1155 3435 1339 3478 Lehren
1371 3435 1450 3475 der
1481 3435 1662 3478 Grieeh.
1694 3433 1896 3478 Denker.

136 3488 383 3543 Gottingen
415 3490 536 3531 1840.
572 3502 614 3542 p.
646 3490 739 3533 210.
