2222 3762
1699 132 1840 184 LXI

189 279 377 346 hister,
410 276 707 343 Politicus,
762 274 1144 340 Parmenides,
1199 274 1486 342 Philebus,
1540 275 1591 326 in
1644 275 1840 343 quibus

147 299 304 403 fibris
361 347 615 400 omnibus
654 365 831 416 ⁸quum
881 347 951 400 de
997 346 1159 399 rebus
1208 346 1576 399 subtilissimis
1625 353 1837 416 agatur,

139 416 326 488 ¹ritimis·
363 425 448 472 est
482 418 711 471 actionis
749 437 911 488 quam
951 417 1354 490 disputationis,
1388 415 1465 470 ita
1500 424 1563 468 ut
1595 415 1685 469 ad.
1706 416 1840 470 alio-

138 502 289 544 rum·
315 496 686 556 venustatem,
725 489 1176 560 pulcritudinem,
1215 496 1463 542 ornatum
1503 487 1591 540 vix
1629 488 1842 557 possint

147 561 465 633 comparari.
541 559 870 630 Quanquam
893 580 961 614 ne
985 561 1042 613 in
1063 560 1148 613 his
1175 559 1392 630 quidem
1432 559 1597 612 divini
1635 559 1840 630 ingenii

143 632 439 686 sollertiam
478 631 773 699 desidereS,
813 632 901 685 cui
944 631 1077 685 nihil
1115 638 1200 685 est
1233 638 1345 684 tam
1383 630 1679 697 horridum,
1706 629 1840 684 nihil

141 703 590 771 tamt-sssinosum,
629 703 765 755 nihil
803 702 1038 773 denique
1075 710 1187 756 tam
1225 703 1510 770 incultum,
1541 701 1688 771 quod
1728 721 1837 754 non

142 775 298 844 splen
338 782 486 828 escat
523 774 766 827 oratione
805 782 860 827 et
895 774 994 827 fiat
1029 773 1311 828 illust-rius,
1792 772 1795 777 ’

132 859 135 861 ’
164 870 186 915 »j
282 845 359 898 Et
394 846 530 899 haec
569 845 787 914 quidem
825 846 893 898 de
917 846 1092 898 sonna
1123 845 1327 916 dialogi
1350 843 1621 897 Platonici
1661 843 1835 913 deque

144 916 448 970 disserendi
471 918 679 970 ratione
706 917 762 968 in
790 936 855 969 eo
878 927 1157 987 regnante,
1212 915 1370 982 Quae
1390 916 1440 967 ·si
1478 925 1621 968 recte
1647 915 1837 984 dispu-

135 988 391 1054 tavimus,
405 1006 513 1041 non
531 989 832 1040 *obscurum
860 988 978 1054 erit,
999 988 1208 1057 opinor,
1226 985 1355 1055 quid
1384 987 1561 1038 facere
1586 994 1836 1056 oporteat

135 1078 294 1127 eum,
344 1059 438 1127 qui
487 1058 749 1111 Platonis·
781 1058 965 1111 ’libros
1015 1066 1177 1111 recte
1234 1056 1538 1126 intelligere
1585 1057 1835 1109 voluerit.

135 1130 290 1182 sN‘am*
323 1129 581 1200 primum
612 1147 796 1181 rerum.
840 1137 1212 1196 externarum,
1252 1128 1321 1181 ad
1356 1128 1833 1198 quas-respicitur,

143 1200 512 1271 comparanda
557 1208 812 1253 accurata
855 1201 1055 1253 notitia
1105 1201 1222 1252 erit.
1272 1199 1452 1252 ⁴Nam
1502 1202 1836 1270 quum'per-

135 1288 395 1331 *sonarum
433 1271 668 1339 habitus,
696 1289 860 1325 scena
898 1271 1122 1345 dialogi,
1145 1272 1268 1339 alia,
1302 1289 1442 1339 quae
1481 1269 1551 1323 ad
1587 1280 1836 1324 ornatum

139 1344 431 1414 pertinent,
446 1342 831 1413 disputat-ionis
855 1351 1175 1415 argumento
1191 1341 1599 1396 accommodate
1623 1342 1836 1414 fingan-

136 1415 463 1482 tur›,*'facile
522 1421 675 1484 patet
723 1422 849 1467 ante
898 1415 1079 1467 omnia
1128 1414 1318 1475 harum
1365 1432 1547 1466 rerum
1598 1415 1836 1466 omnium

135 1486 340 1554 requiri
367 1485 804 1557 intelligentiam.
881 1485 1098 1539 Deinde
1138 1483 1436 1539 curandum
1475 1485 1576 1537 erit
1611 1484 1735 1552 hoc,
1775 1492 1836 1538 ut

138 1558 446 1610 universam
510 1556 897 1627 disputationis
958 1558 1103 1610 viam
1162 1576 1325 1626 quam
1387 1557 1619 1608 maxima
1672 1557 1835 1609 animi

137 1629 438 1681 attentione
474 1647 864 1700 persequamur
889 1627 1289 1700 diligenterque·
1317 1627 1832 1696 animadvertamus,

138 1696 297 1758 unde
320 1719 385 1752 ea
421 1699 822 1771 proficiscatur,
861 1719 969 1770 quo
1008 1699 1215 1767 tendat,
1258 1718 1517 1769 quorsum
1540 1698 1832 1767 deflectat,

137 1770 207 1823 ad
242 1780 410 1840 quem
445 1770 848 1824 finem'redeat.
927 1770 1053 1839 Quo
1084 1771 1196 1840 fiet,
1223 1779 1286 1824 ut
1312 1770 1547 1839 denique
1573 1790 1834 1823 summam

132 1841 304 1896 totius
332 1842 616 1896 sermonis
646 1843 841 1896 animo
880 1843 1342 1914 complectamur,
1379 1850 1451 1895 ⁴et
1489 1842 1645 1911 quasi
1680 1841 1830 1894 filum

132 1913 356 1983 aliquod
404 1913 842 1981 nanciscamur,⁴‘
871 1915 1028 1968 cuius
1078 1933 1180 1984 ope
1230 1934 1346 1984 per«
1380 1913 1657 1967 anfractus
1708 1913 1832 1966 illos

132 1983 473 2056 dialogorum
507 1984 799 2045 artificiose
837 1986 1134 2046 instructos
1171 1986 1277 2038 iter
1311 1985 1470 2038 nobis
1509 1987 1832 2056 aperiamus.

133 2055 431 2127 Perspecto
469 2064 649 2109 autem
685 2058 855 2110 totius
893 2058 1157 2110 sermonis
1205 2063 1524 2128 argumento
1565 2075 1831 2125 quaeren-

133 2124 263 2180 dum
302 2128 404 2179 erit
453 2128 618 2180 etiam
668 2127 735 2180 de
786 2129 902 2180 eius
950 2129 1178 2181 consilio
1228 2136 1281 2180 et
1328 2127 1454 2180 fine.
1532 2126 1688 2195 Quae
1744 2146 1830 2180 res

134 2216 265 2250 sane
298 2197 790 2269 plurimumshabet
815 2198 1164 2252 difficultatis
1184 2239 1200 2267 ,
1238 2206 1354 2251 tum
1393 2199 1650 2267 quoniam
1690 2217 1828 2268 quae

133 2269 206 2320 sit
229 2295 239 2302 f·
294 2269 510 2338 rinceps
559 2270 808 2338 quaestio
860 2288 1024 2339 saepe
1083 2269 1274 2322 sedulo
1327 2268 1663 2336 occult-atur,
1714 2278 1831 2322 tum

133 2353 253 2408 quo*
311 2339 570 2409 primario
596 2353 904 2409 sermonum
939 2341 1032 2393 fini
1073 2341 1391 2411 plerumque
1429 2341 1537 2392 alia
1572 2339 1832 2393 adiuncta

130 2410 559 2465 sunt'eonsilia.-
615 2410 700 2464 Ut
729 2411 898 2483 igitur
917 2412 1272 2484 intelligatur,
1299 2411 1428 2480 quid
1454 2411 1701 2482 primum
1737 2412 1828 2472 Sit,

131 2478 266 2550 quid
313 2481 642 2552 secundum,
697 2479 828 2551 quid
859 2487 1114 2549 tertium,
1146 2483 1399 2554 ⁴singulae
1437 2482 1829 2554 disputationis

129 2560 312 2624 partes
350 2553 493 2607 inter
532 2571 592 2607 se
629 2562 757 2607 sunt
792 2554 1221 2626 comparandae,
1261 2553 1826 2626 investigandumque,

129 2623 403 2694 quomodo
450 2643 545 2678 ease
582 2624 724 2678 inter
760 2625 909 2695 ipsas
948 2625 1300 2690 cohaereant3
1338 2625 1603 2697 imprimis
1642 2634 1824 2678 aute-m

127 2694 355 2749 hoo‘'¹est
375 2695 679 2768 agendum,
713 2703 777 2749 ut
814 2696 945 2766 quid
979 2696 1116 2749 illud
1153 2697 1251 2766 sit,
1294 2696 1363 2750 ad
1401 2695 1561 2766 quod·
1588 2696 1827 2767 denique

129 2767 309 2820 omnia
345 2769 648 2821 referantur
684 2775 740 2820 et
778 2786 887 2838 quo
926 2768 1193 2821 efficiatur
1229 2767 1565 2839 singularum
1588 2769 1826 2839 partium

126 2837 271 2891 inter
312 2856 381 2891 se
429 2839 747 2907 consensio,
786 2837 1196 2911 diligentissime
1244 2839 1621 2911 investigetur.
1696 2838 1825 2907 Quo

132 2907 370 2962 tandem*
400 2910 639 2963 invento·
671 2929 781 2963 non
829 2910 1061 2980 amplius
1110 2913 1310 2982 poterit
1373 2909 1639 2978 dubitari,
1691 2910 1825 2980 quid

134 2980 474 3051 potissimum
510 2981 870 3052 philosophus
921 2983 1279 3053 spectaverit,
1334 2981 1579 3051 adeoque
1608 2982 1823 3051 omnia,-

134 3069 273 3119 quae
312 3051 546 3106 obscura
565 3051 739 3106 videri
766 3053 998 3122 possint,
1026 3071 1180 3106 suam
1218 3054 1393 3107 lucem
1420 3054 1822 3109 nanciscentur.

224 3136 227 3138 ’
270 3122 394 3193 Sed
412 3123 703 3194 quoni-am,-
727 3123 1001 3193 quomodo
1025 3125 1192 3178 iubis
1215 3124 1463 3178 omnibus
1494 3123 1821 3178 versandum

128 3192 219 3263 sit,
244 3211 276 3246 e
303 3194 672 3265 superioribus
701 3195 933 3266 intelligi
960 3204 1161 3266 potest,
1190 3195 1300 3248 non
1325 3203 1410 3248 est
1437 3195 1591 3265 quod
1617 3195 1820 3248 diutius

124 3263 185 3316 in
218 3263 324 3318 ¹his
382 3265 686 3337 praeceptis
718 3265 1078 3337 [explicandis
1141 3286 1433 3320 versemur.
1534 3264 1819 3328 Addamus

124 3335 308 3404 potiu‘s
349 3337 607 3390 nonnulla
646 3335 994 3390 dePlatonis
1033 3336 1255 3391 dicendi⁴
1288 3356 1500 3409 genere.
