<?xml version="1.0" encoding="UTF-8"?>
<!DOCTYPE html PUBLIC "-//W3C//DTD XHTML 1.0 Transitional//EN"
    "http://www.w3.org/TR/xhtml1/DTD/xhtml1-transitional.dtd">
<html xmlns="http://www.w3.org/1999/xhtml" xml:lang="en" lang="en">
 <head>
  <title>
</title>
<meta http-equiv="Content-Type" content="text/html;charset=utf-8" />
  <meta name='ocr-system' content='tesseract 3.04.00' />
  <meta name='ocr-capabilities' content='ocr_page ocr_carea ocr_par ocr_line ocrx_word'/>
</head>
<body>
  <div class='ocr_page' id='page_1' title='image "./operaomniarecens01platuoft/operaomniarecens01platuoft_0341.png"; bbox 0 0 2158 3718; ppageno 0'>
   <div class='ocr_carea' id='block_1_1' title="bbox 700 83 1906 170">
    <p class='ocr_par' dir='ltr' id='par_1_1' title="bbox 700 83 1906 170">
     <span class='ocr_line' id='line_1_1' title="bbox 700 83 1906 170; baseline -0.001 -23"><span class='ocrx_word' id='word_1_1' title='bbox 700 83 702 85; x_wconf 74' lang='grc'><strong>’</strong></span> <span class='ocrx_word' id='word_1_2' title='bbox 765 103 845 147; x_wconf 87' lang='lat' dir='ltr'><strong>AD</strong></span> <span class='ocrx_word' id='word_1_3' title='bbox 878 103 1301 170; x_wconf 59' lang='lat' dir='ltr'><strong>PHAEDONEM,</strong></span> <span class='ocrx_word' id='word_1_4' title='bbox 1872 107 1906 159; x_wconf 81' lang='lat'>5</span> 
     </span>
    </p>
   </div>
   <div class='ocr_carea' id='block_1_2' title="bbox 138 248 1908 3363">
    <p class='ocr_par' dir='ltr' id='par_1_2' title="bbox 138 248 1908 1732">
     <span class='ocr_line' id='line_1_2' title="bbox 145 248 1903 314; baseline -0.001 -14"><span class='ocrx_word' id='word_1_5' title='bbox 145 252 443 307; x_wconf 80' lang='lat' dir='ltr'><strong>exsisterem,</strong></span> <span class='ocrx_word' id='word_1_6' title='bbox 471 248 557 299; x_wconf 90' lang='lat' dir='ltr'><strong>sed</strong></span> <span class='ocrx_word' id='word_1_7' title='bbox 583 253 636 299; x_wconf 89' lang='lat' dir='ltr'><strong>ut</strong></span> <span class='ocrx_word' id='word_1_8' title='bbox 661 249 875 298; x_wconf 88' lang='lat' dir='ltr'><strong>animum</strong></span> <span class='ocrx_word' id='word_1_9' title='bbox 902 264 1064 299; x_wconf 88' lang='lat' dir='ltr'><strong>meum</strong></span> <span class='ocrx_word' id='word_1_10' title='bbox 1091 248 1327 311; x_wconf 83' lang='lat' dir='ltr'><strong>religione</strong></span> <span class='ocrx_word' id='word_1_11' title='bbox 1354 249 1562 314; x_wconf 89' lang='lat' dir='ltr'><strong>quadam</strong></span> <span class='ocrx_word' id='word_1_12' title='bbox 1590 249 1903 300; x_wconf 83' lang='lat' dir='ltr'><strong>exsolverem.</strong></span> 
     </span>
     <span class='ocr_line' id='line_1_3' title="bbox 145 321 1906 385; baseline -0.001 -14"><span class='ocrx_word' id='word_1_13' title='bbox 145 321 266 371; x_wconf 87' lang='lat' dir='ltr'><strong>Nam</strong></span> <span class='ocrx_word' id='word_1_14' title='bbox 302 337 414 371; x_wconf 90' lang='lat' dir='ltr'><strong>cum</strong></span> <span class='ocrx_word' id='word_1_15' title='bbox 446 321 700 385; x_wconf 81' lang='lat' dir='ltr'><strong>superiore</strong></span> <span class='ocrx_word' id='word_1_16' title='bbox 735 321 859 369; x_wconf 89' lang='lat' dir='ltr'><strong>vitae</strong></span> <span class='ocrx_word' id='word_1_17' title='bbox 890 325 1134 385; x_wconf 89' lang='lat' dir='ltr'><strong>tempore,</strong></span> <span class='ocrx_word' id='word_1_18' title='bbox 1172 325 1276 370; x_wconf 89' lang='lat' dir='ltr'><strong>tum</strong></span> <span class='ocrx_word' id='word_1_19' title='bbox 1304 336 1362 369; x_wconf 91' lang='lat' dir='ltr'><strong>ex</strong></span> <span class='ocrx_word' id='word_1_20' title='bbox 1389 335 1485 384; x_wconf 92' lang='lat' dir='ltr'><strong>quo</strong></span> <span class='ocrx_word' id='word_1_21' title='bbox 1511 321 1560 369; x_wconf 90' lang='lat' dir='ltr'><strong>in</strong></span> <span class='ocrx_word' id='word_1_22' title='bbox 1588 336 1788 370; x_wconf 88' lang='lat' dir='ltr'><strong>carcere</strong></span> <span class='ocrx_word' id='word_1_23' title='bbox 1825 321 1906 370; x_wconf 92' lang='lat' dir='ltr'><strong>hic</strong></span> 
     </span>
     <span class='ocr_line' id='line_1_4' title="bbox 145 391 1907 456; baseline -0.001 -14"><span class='ocrx_word' id='word_1_24' title='bbox 145 399 362 443; x_wconf 88' lang='lat' dir='ltr'><strong>versatus</strong></span> <span class='ocrx_word' id='word_1_25' title='bbox 395 407 528 448; x_wconf 90' lang='lat' dir='ltr'><strong>sum,</strong></span> <span class='ocrx_word' id='word_1_26' title='bbox 565 405 711 454; x_wconf 84' lang='lat' dir='ltr'><strong>saepe</strong></span> <span class='ocrx_word' id='word_1_27' title='bbox 746 391 866 440; x_wconf 91' lang='lat' dir='ltr'><strong>mihi</strong></span> <span class='ocrx_word' id='word_1_28' title='bbox 899 392 1124 456; x_wconf 88' lang='lat' dir='ltr'><strong>apparuit</strong></span> <span class='ocrx_word' id='word_1_29' title='bbox 1149 391 1416 447; x_wconf 88' lang='lat' dir='ltr'><strong>somnium,</strong></span> <span class='ocrx_word' id='word_1_30' title='bbox 1455 391 1583 455; x_wconf 90' lang='lat' dir='ltr'><strong>quod</strong></span> <span class='ocrx_word' id='word_1_31' title='bbox 1611 407 1689 441; x_wconf 92' lang='lat' dir='ltr'><strong>me</strong></span> <span class='ocrx_word' id='word_1_32' title='bbox 1714 391 1907 441; x_wconf 89' lang='lat' dir='ltr'><strong>iuberet</strong></span> 
     </span>
     <span class='ocr_line' id='line_1_5' title="bbox 145 462 1905 527; baseline -0.001 -15"><span class='ocrx_word' id='word_1_33' title='bbox 145 464 353 514; x_wconf 81' lang='lat' dir='ltr'><strong>facere</strong></span> <span class='ocrx_word' id='word_1_34' title='bbox 393 468 449 512; x_wconf 90' lang='lat' dir='ltr'><strong>et</strong></span> <span class='ocrx_word' id='word_1_35' title='bbox 489 467 765 511; x_wconf 89' lang='lat' dir='ltr'><strong>tractare</strong></span> <span class='ocrx_word' id='word_1_36' title='bbox 807 463 1110 512; x_wconf 86' lang='lat' dir='ltr'><strong>musicam.</strong></span> <span class='ocrx_word' id='word_1_37' title='bbox 1160 462 1261 511; x_wconf 90' lang='lat' dir='ltr'><strong>Iam</strong></span> <span class='ocrx_word' id='word_1_38' title='bbox 1298 477 1406 511; x_wconf 91' lang='lat' dir='ltr'><strong>cum</strong></span> <span class='ocrx_word' id='word_1_39' title='bbox 1443 477 1532 527; x_wconf 91' lang='lat' dir='ltr'><strong>per</strong></span> <span class='ocrx_word' id='word_1_40' title='bbox 1565 467 1716 511; x_wconf 89' lang='lat' dir='ltr'><strong>totam</strong></span> <span class='ocrx_word' id='word_1_41' title='bbox 1763 463 1905 512; x_wconf 88' lang='lat' dir='ltr'><strong>vitam</strong></span> 
     </span>
     <span class='ocr_line' id='line_1_6' title="bbox 144 533 1905 598; baseline 0 -16"><span class='ocrx_word' id='word_1_42' title='bbox 144 534 522 598; x_wconf 80' lang='lat' dir='ltr'><strong>philosophiam,</strong></span> <span class='ocrx_word' id='word_1_43' title='bbox 562 534 741 597; x_wconf 90' lang='lat' dir='ltr'><strong>quippe</strong></span> <span class='ocrx_word' id='word_1_44' title='bbox 777 548 902 596; x_wconf 88' lang='lat' dir='ltr'><strong>quae</strong></span> <span class='ocrx_word' id='word_1_45' title='bbox 939 540 1065 583; x_wconf 90' lang='lat' dir='ltr'><strong>esset</strong></span> <span class='ocrx_word' id='word_1_46' title='bbox 1102 533 1285 582; x_wconf 90' lang='lat' dir='ltr'><strong>musica</strong></span> <span class='ocrx_word' id='word_1_47' title='bbox 1319 533 1763 598; x_wconf 88' lang='lat' dir='ltr'><strong>praestantissima,</strong></span> <span class='ocrx_word' id='word_1_48' title='bbox 1809 539 1905 582; x_wconf 89' lang='lat' dir='ltr'><strong>tra-</strong></span> 
     </span>
     <span class='ocr_line' id='line_1_7' title="bbox 144 603 1905 662; baseline -0.001 -7"><span class='ocrx_word' id='word_1_49' title='bbox 144 611 375 662; x_wconf 90' lang='lat' dir='ltr'><strong>ctassem,</strong></span> <span class='ocrx_word' id='word_1_50' title='bbox 424 619 557 654; x_wconf 89' lang='lat' dir='ltr'><strong>nunc</strong></span> <span class='ocrx_word' id='word_1_51' title='bbox 607 605 751 652; x_wconf 89' lang='lat' dir='ltr'><strong>etiam</strong></span> <span class='ocrx_word' id='word_1_52' title='bbox 804 605 1018 654; x_wconf 89' lang='lat' dir='ltr'><strong>carmina</strong></span> <span class='ocrx_word' id='word_1_53' title='bbox 1069 603 1230 654; x_wconf 87' lang='lat' dir='ltr'><strong>facere</strong></span> <span class='ocrx_word' id='word_1_54' title='bbox 1279 609 1483 654; x_wconf 90' lang='lat' dir='ltr'><strong>conatus</strong></span> <span class='ocrx_word' id='word_1_55' title='bbox 1517 619 1647 659; x_wconf 90' lang='lat' dir='ltr'><strong>sum,</strong></span> <span class='ocrx_word' id='word_1_56' title='bbox 1700 604 1740 653; x_wconf 94' lang='lat' dir='ltr'><strong>si</strong></span> <span class='ocrx_word' id='word_1_57' title='bbox 1777 603 1905 653; x_wconf 88' lang='lat' dir='ltr'><strong>forte</strong></span> 
     </span>
     <span class='ocr_line' id='line_1_8' title="bbox 143 673 1904 740; baseline -0.002 -14"><span class='ocrx_word' id='word_1_58' title='bbox 143 677 386 726; x_wconf 90' lang='lat' dir='ltr'><strong>somnium</strong></span> <span class='ocrx_word' id='word_1_59' title='bbox 426 673 544 724; x_wconf 91' lang='lat' dir='ltr'><strong>illud</strong></span> <span class='ocrx_word' id='word_1_60' title='bbox 584 674 797 724; x_wconf 90' lang='lat' dir='ltr'><strong>divinum</strong></span> <span class='ocrx_word' id='word_1_61' title='bbox 832 675 926 725; x_wconf 94' lang='lat' dir='ltr'><strong>hoc</strong></span> <span class='ocrx_word' id='word_1_62' title='bbox 961 691 987 724; x_wconf 86' lang='lat' dir='ltr'><strong>a</strong></span> <span class='ocrx_word' id='word_1_63' title='bbox 1014 691 1092 724; x_wconf 89' lang='lat' dir='ltr'><strong>me</strong></span> <span class='ocrx_word' id='word_1_64' title='bbox 1117 676 1224 724; x_wconf 85' lang='lat' dir='ltr'><strong>fieri</strong></span> <span class='ocrx_word' id='word_1_65' title='bbox 1250 673 1406 725; x_wconf 91' lang='lat' dir='ltr'><strong>vellet.</strong></span> <span class='ocrx_word' id='word_1_66' title='bbox 1458 675 1624 740; x_wconf 90' lang='lat' dir='ltr'><strong>Itaque</strong></span> <span class='ocrx_word' id='word_1_67' title='bbox 1651 676 1904 740; x_wconf 85' lang='lat' dir='ltr'><strong>composui</strong></span> 
     </span>
     <span class='ocr_line' id='line_1_9' title="bbox 141 745 1905 812; baseline -0.001 -16"><span class='ocrx_word' id='word_1_68' title='bbox 141 746 378 812; x_wconf 83' lang='lat' dir='ltr'><strong>hymnum</strong></span> <span class='ocrx_word' id='word_1_69' title='bbox 410 747 461 794; x_wconf 90' lang='lat' dir='ltr'><strong>in</strong></span> <span class='ocrx_word' id='word_1_70' title='bbox 495 745 687 795; x_wconf 91' lang='lat' dir='ltr'><strong>laudem</strong></span> <span class='ocrx_word' id='word_1_71' title='bbox 714 745 974 810; x_wconf 84' lang='lat' dir='ltr'><strong>ApolliniS‚</strong></span> <span class='ocrx_word' id='word_1_72' title='bbox 1014 747 1089 795; x_wconf 90' lang='lat' dir='ltr'><strong>cui</strong></span> <span class='ocrx_word' id='word_1_73' title='bbox 1126 746 1176 794; x_wconf 92' lang='lat' dir='ltr'><strong>hi</strong></span> <span class='ocrx_word' id='word_1_74' title='bbox 1211 745 1316 795; x_wconf 92' lang='lat' dir='ltr'><strong>dies</strong></span> <span class='ocrx_word' id='word_1_75' title='bbox 1341 746 1452 796; x_wconf 88' lang='lat' dir='ltr'><strong>festi</strong></span> <span class='ocrx_word' id='word_1_76' title='bbox 1478 747 1605 795; x_wconf 88' lang='lat' dir='ltr'><strong>sacri</strong></span> <span class='ocrx_word' id='word_1_77' title='bbox 1630 751 1767 803; x_wconf 88' lang='lat' dir='ltr'><strong>sunt,</strong></span> <span class='ocrx_word' id='word_1_78' title='bbox 1821 746 1905 795; x_wconf 91' lang='lat' dir='ltr'><strong>sed</strong></span> 
     </span>
     <span class='ocr_line' id='line_1_10' title="bbox 142 816 1908 881; baseline -0.001 -15"><span class='ocrx_word' id='word_1_79' title='bbox 142 833 254 867; x_wconf 91' lang='lat' dir='ltr'><strong>cum</strong></span> <span class='ocrx_word' id='word_1_80' title='bbox 289 832 368 867; x_wconf 91' lang='lat' dir='ltr'><strong>me</strong></span> <span class='ocrx_word' id='word_1_81' title='bbox 403 818 640 881; x_wconf 90' lang='lat' dir='ltr'><strong>imparem</strong></span> <span class='ocrx_word' id='word_1_82' title='bbox 682 833 788 867; x_wconf 91' lang='lat' dir='ltr'><strong>esse</strong></span> <span class='ocrx_word' id='word_1_83' title='bbox 821 819 1051 867; x_wconf 86' lang='lat' dir='ltr'><strong>sentirem</strong></span> <span class='ocrx_word' id='word_1_84' title='bbox 1087 816 1362 867; x_wconf 86' lang='lat' dir='ltr'><strong>fabularum</strong></span> <span class='ocrx_word' id='word_1_85' title='bbox 1397 817 1684 875; x_wconf 90' lang='lat' dir='ltr'><strong>inventioni,</strong></span> <span class='ocrx_word' id='word_1_86' title='bbox 1730 817 1908 880; x_wconf 87' lang='lat' dir='ltr'><strong>Aesopi</strong></span> 
     </span>
     <span class='ocr_line' id='line_1_11' title="bbox 142 887 1907 951; baseline 0 -14"><span class='ocrx_word' id='word_1_87' title='bbox 142 887 329 937; x_wconf 79' lang='lat' dir='ltr'><strong>fabulas</strong></span> <span class='ocrx_word' id='word_1_88' title='bbox 354 889 403 937; x_wconf 89' lang='lat' dir='ltr'><strong>in</strong></span> <span class='ocrx_word' id='word_1_89' title='bbox 434 903 598 938; x_wconf 89' lang='lat' dir='ltr'><strong>versus</strong></span> <span class='ocrx_word' id='word_1_90' title='bbox 623 888 805 951; x_wconf 84' lang='lat' dir='ltr'><strong>redegi.</strong></span> <span class='ocrx_word' id='word_1_91' title='bbox 841 887 944 937; x_wconf 91' lang='lat' dir='ltr'><strong>Hoc</strong></span> <span class='ocrx_word' id='word_1_92' title='bbox 968 889 1132 951; x_wconf 82' lang='lat' dir='ltr'><strong>igitur,</strong></span> <span class='ocrx_word' id='word_1_93' title='bbox 1160 889 1226 936; x_wconf 88' lang='lat' dir='ltr'><strong>mi</strong></span> <span class='ocrx_word' id='word_1_94' title='bbox 1253 887 1430 944; x_wconf 85' lang='lat' dir='ltr'><strong>CebeS‚</strong></span> <span class='ocrx_word' id='word_1_95' title='bbox 1459 887 1623 937; x_wconf 90' lang='lat' dir='ltr'><strong>Eveno</strong></span> <span class='ocrx_word' id='word_1_96' title='bbox 1659 887 1907 937; x_wconf 86' lang='lat' dir='ltr'><strong>nuntiabis</strong></span> 
     </span>
     <span class='ocr_line' id='line_1_12' title="bbox 143 958 1905 1024; baseline 0 -16"><span class='ocrx_word' id='word_1_97' title='bbox 143 974 352 1024; x_wconf 88' lang='lat' dir='ltr'><strong>eumque</strong></span> <span class='ocrx_word' id='word_1_98' title='bbox 378 974 487 1008; x_wconf 90' lang='lat' dir='ltr'><strong>meo</strong></span> <span class='ocrx_word' id='word_1_99' title='bbox 513 960 710 1007; x_wconf 89' lang='lat' dir='ltr'><strong>nomine</strong></span> <span class='ocrx_word' id='word_1_100' title='bbox 737 958 1100 1014; x_wconf 85' lang='lat' dir='ltr'><strong>cohortaberiS,</strong></span> <span class='ocrx_word' id='word_1_101' title='bbox 1138 964 1191 1007; x_wconf 92' lang='lat' dir='ltr'><strong>ut</strong></span> <span class='ocrx_word' id='word_1_102' title='bbox 1216 974 1295 1007; x_wconf 90' lang='lat' dir='ltr'><strong>me</strong></span> <span class='ocrx_word' id='word_1_103' title='bbox 1322 974 1467 1022; x_wconf 90' lang='lat' dir='ltr'><strong>quam</strong></span> <span class='ocrx_word' id='word_1_104' title='bbox 1492 959 1703 1022; x_wconf 88' lang='lat' dir='ltr'><strong>primum</strong></span> <span class='ocrx_word' id='word_1_105' title='bbox 1731 974 1905 1023; x_wconf 86' lang='lat' dir='ltr'><strong>sequa-</strong></span> 
     </span>
     <span class='ocr_line' id='line_1_13' title="bbox 142 1028 1906 1085; baseline -0.001 -6"><span class='ocrx_word' id='word_1_106' title='bbox 142 1035 235 1079; x_wconf 85' lang='lat' dir='ltr'><strong>tur.</strong></span> <span class='ocrx_word' id='word_1_107' title='bbox 285 1029 419 1080; x_wconf 87' lang='lat' dir='ltr'><strong>Abeo</strong></span> <span class='ocrx_word' id='word_1_108' title='bbox 455 1034 615 1079; x_wconf 88' lang='lat' dir='ltr'><strong>autem</strong></span> <span class='ocrx_word' id='word_1_109' title='bbox 650 1029 821 1085; x_wconf 90' lang='lat' dir='ltr'><strong>hodie;</strong></span> <span class='ocrx_word' id='word_1_110' title='bbox 859 1030 926 1078; x_wconf 89' lang='lat' dir='ltr'><strong>ita</strong></span> <span class='ocrx_word' id='word_1_111' title='bbox 959 1029 1089 1078; x_wconf 88' lang='lat' dir='ltr'><strong>enim</strong></span> <span class='ocrx_word' id='word_1_112' title='bbox 1114 1028 1492 1078; x_wconf 87' lang='lat' dir='ltr'><strong>Atheniensibus</strong></span> <span class='ocrx_word' id='word_1_113' title='bbox 1520 1030 1672 1078; x_wconf 88' lang='lat' dir='ltr'><strong>visum</strong></span> <span class='ocrx_word' id='word_1_114' title='bbox 1699 1035 1785 1078; x_wconf 90' lang='lat' dir='ltr'><strong>est.</strong></span> <span class='ocrx_word' id='word_1_115' title='bbox 1837 1029 1906 1078; x_wconf 87' lang='lat' dir='ltr'><strong>Ea</strong></span> 
     </span>
     <span class='ocr_line' id='line_1_14' title="bbox 143 1099 1906 1164; baseline 0 -15"><span class='ocrx_word' id='word_1_116' title='bbox 143 1116 256 1150; x_wconf 89' lang='lat' dir='ltr'><strong>vero</strong></span> <span class='ocrx_word' id='word_1_117' title='bbox 299 1101 618 1164; x_wconf 89' lang='lat' dir='ltr'><strong>responsione</strong></span> <span class='ocrx_word' id='word_1_118' title='bbox 664 1100 877 1149; x_wconf 86' lang='lat' dir='ltr'><strong>offensus</strong></span> <span class='ocrx_word' id='word_1_119' title='bbox 922 1100 1148 1148; x_wconf 86' lang='lat' dir='ltr'><strong>Simmias</strong></span> <span class='ocrx_word' id='word_1_120' title='bbox 1182 1099 1470 1156; x_wconf 84' lang='lat' dir='ltr'><strong>ThebanuS‚</strong></span> <span class='ocrx_word' id='word_1_121' title='bbox 1519 1099 1662 1164; x_wconf 91' lang='lat' dir='ltr'><strong>quale</strong></span> <span class='ocrx_word' id='word_1_122' title='bbox 1706 1099 1906 1149; x_wconf 90' lang='lat' dir='ltr'><strong>tandem</strong></span> 
     </span>
     <span class='ocr_line' id='line_1_15' title="bbox 140 1169 1906 1236; baseline -0.001 -16"><span class='ocrx_word' id='word_1_123' title='bbox 140 1171 267 1221; x_wconf 90' lang='lat' dir='ltr'><strong>istud</strong></span> <span class='ocrx_word' id='word_1_124' title='bbox 304 1176 398 1227; x_wconf 87' lang='lat' dir='ltr'><strong>est,</strong></span> <span class='ocrx_word' id='word_1_125' title='bbox 436 1172 615 1235; x_wconf 90' lang='lat' dir='ltr'><strong>inquit,</strong></span> <span class='ocrx_word' id='word_1_126' title='bbox 652 1171 782 1234; x_wconf 91' lang='lat' dir='ltr'><strong>quod</strong></span> <span class='ocrx_word' id='word_1_127' title='bbox 808 1171 1025 1220; x_wconf 89' lang='lat' dir='ltr'><strong>Evenum</strong></span> <span class='ocrx_word' id='word_1_128' title='bbox 1061 1170 1225 1220; x_wconf 86' lang='lat' dir='ltr'><strong>facere</strong></span> <span class='ocrx_word' id='word_1_129' title='bbox 1260 1169 1427 1219; x_wconf 79' lang='lat' dir='ltr'><strong>iubes?</strong></span> <span class='ocrx_word' id='word_1_130' title='bbox 1466 1170 1634 1236; x_wconf 91' lang='lat' dir='ltr'><strong>Neque</strong></span> <span class='ocrx_word' id='word_1_131' title='bbox 1670 1171 1799 1219; x_wconf 88' lang='lat' dir='ltr'><strong>enim</strong></span> <span class='ocrx_word' id='word_1_132' title='bbox 1827 1170 1906 1219; x_wconf 91' lang='lat' dir='ltr'><strong>ille</strong></span> 
     </span>
     <span class='ocr_line' id='line_1_16' title="bbox 139 1240 1904 1306; baseline -0.001 -14"><span class='ocrx_word' id='word_1_133' title='bbox 139 1243 180 1292; x_wconf 87' lang='lat' dir='ltr'><strong>is</strong></span> <span class='ocrx_word' id='word_1_134' title='bbox 205 1242 324 1291; x_wconf 88' lang='lat' dir='ltr'><strong>mihi</strong></span> <span class='ocrx_word' id='word_1_135' title='bbox 349 1241 565 1298; x_wconf 92' lang='lat' dir='ltr'><strong>videtur,</strong></span> <span class='ocrx_word' id='word_1_136' title='bbox 604 1243 685 1306; x_wconf 89' lang='lat' dir='ltr'><strong>qui</strong></span> <span class='ocrx_word' id='word_1_137' title='bbox 721 1248 768 1291; x_wconf 89' lang='lat' dir='ltr'><strong>te</strong></span> <span class='ocrx_word' id='word_1_138' title='bbox 792 1240 966 1291; x_wconf 91' lang='lat' dir='ltr'><strong>lubens</strong></span> <span class='ocrx_word' id='word_1_139' title='bbox 995 1241 1053 1291; x_wconf 93' lang='lat' dir='ltr'><strong>ad</strong></span> <span class='ocrx_word' id='word_1_140' title='bbox 1079 1241 1266 1291; x_wconf 85' lang='lat' dir='ltr'><strong>inferos</strong></span> <span class='ocrx_word' id='word_1_141' title='bbox 1293 1248 1551 1291; x_wconf 88' lang='lat' dir='ltr'><strong>secuturus</strong></span> <span class='ocrx_word' id='word_1_142' title='bbox 1577 1242 1652 1291; x_wconf 90' lang='lat' dir='ltr'><strong>sit.</strong></span> <span class='ocrx_word' id='word_1_143' title='bbox 1704 1242 1790 1292; x_wconf 86' lang='lat' dir='ltr'><strong>Cui</strong></span> <span class='ocrx_word' id='word_1_144' title='bbox 1817 1242 1904 1291; x_wconf 90' lang='lat' dir='ltr'><strong>So-</strong></span> 
     </span>
     <span class='ocr_line' id='line_1_17' title="bbox 140 1311 1906 1377; baseline -0.001 -15"><span class='ocrx_word' id='word_1_145' title='bbox 140 1319 322 1370; x_wconf 84' lang='lat' dir='ltr'><strong>crateS,</strong></span> <span class='ocrx_word' id='word_1_146' title='bbox 368 1327 532 1362; x_wconf 89' lang='lat' dir='ltr'><strong>nonne</strong></span> <span class='ocrx_word' id='word_1_147' title='bbox 558 1312 774 1369; x_wconf 80' lang='lat' dir='ltr'><strong>EvenuS,</strong></span> <span class='ocrx_word' id='word_1_148' title='bbox 811 1313 1091 1377; x_wconf 88' lang='lat' dir='ltr'><strong>respondit,</strong></span> <span class='ocrx_word' id='word_1_149' title='bbox 1132 1319 1205 1362; x_wconf 88' lang='lat' dir='ltr'><strong>est</strong></span> <span class='ocrx_word' id='word_1_150' title='bbox 1237 1311 1585 1377; x_wconf 75' lang='lat' dir='ltr'><strong>philosophus?</strong></span> <span class='ocrx_word' id='word_1_151' title='bbox 1623 1311 1709 1361; x_wconf 92' lang='lat' dir='ltr'><strong>Illo</strong></span> <span class='ocrx_word' id='word_1_152' title='bbox 1746 1318 1906 1362; x_wconf 87' lang='lat' dir='ltr'><strong>autem</strong></span> 
     </span>
     <span class='ocr_line' id='line_1_18' title="bbox 139 1383 1904 1448; baseline -0.001 -15"><span class='ocrx_word' id='word_1_153' title='bbox 139 1383 234 1433; x_wconf 93' lang='lat' dir='ltr'><strong>hoc</strong></span> <span class='ocrx_word' id='word_1_154' title='bbox 260 1383 556 1440; x_wconf 85' lang='lat' dir='ltr'><strong>affirmante,</strong></span> <span class='ocrx_word' id='word_1_155' title='bbox 595 1384 933 1448; x_wconf 86' lang='lat' dir='ltr'><strong>igitur-neque</strong></span> <span class='ocrx_word' id='word_1_156' title='bbox 959 1384 1175 1440; x_wconf 88' lang='lat' dir='ltr'><strong>Evenus,</strong></span> <span class='ocrx_word' id='word_1_157' title='bbox 1213 1384 1393 1447; x_wconf 90' lang='lat' dir='ltr'><strong>inquit,</strong></span> <span class='ocrx_word' id='word_1_158' title='bbox 1435 1390 1643 1433; x_wconf 89' lang='lat' dir='ltr'><strong>mortem</strong></span> <span class='ocrx_word' id='word_1_159' title='bbox 1679 1383 1904 1447; x_wconf 84' lang='lat' dir='ltr'><strong>refugiet,</strong></span> 
     </span>
     <span class='ocr_line' id='line_1_19' title="bbox 140 1453 1906 1520; baseline -0.001 -16"><span class='ocrx_word' id='word_1_160' title='bbox 140 1470 300 1519; x_wconf 88' lang='lat' dir='ltr'><strong>neque</strong></span> <span class='ocrx_word' id='word_1_161' title='bbox 337 1456 592 1520; x_wconf 87' lang='lat' dir='ltr'><strong>quisquam</strong></span> <span class='ocrx_word' id='word_1_162' title='bbox 628 1454 774 1511; x_wconf 81' lang='lat' dir='ltr'><strong>aliuS,</strong></span> <span class='ocrx_word' id='word_1_163' title='bbox 822 1456 905 1519; x_wconf 91' lang='lat' dir='ltr'><strong>qui</strong></span> <span class='ocrx_word' id='word_1_164' title='bbox 948 1454 1144 1519; x_wconf 87' lang='lat' dir='ltr'><strong>quidem</strong></span> <span class='ocrx_word' id='word_1_165' title='bbox 1182 1453 1460 1519; x_wconf 86' lang='lat' dir='ltr'><strong>philosophi</strong></span> <span class='ocrx_word' id='word_1_166' title='bbox 1496 1453 1692 1503; x_wconf 88' lang='lat' dir='ltr'><strong>nomine</strong></span> <span class='ocrx_word' id='word_1_167' title='bbox 1729 1454 1906 1517; x_wconf 87' lang='lat' dir='ltr'><strong>dignus</strong></span> 
     </span>
     <span class='ocr_line' id='line_1_20' title="bbox 140 1524 1906 1591; baseline 0 -17"><span class='ocrx_word' id='word_1_168' title='bbox 140 1526 293 1575; x_wconf 87' lang='lat' dir='ltr'><strong>videri</strong></span> <span class='ocrx_word' id='word_1_169' title='bbox 327 1525 456 1575; x_wconf 88' lang='lat' dir='ltr'><strong>velit.</strong></span> <span class='ocrx_word' id='word_1_170' title='bbox 508 1524 811 1591; x_wconf 85' lang='lat' dir='ltr'><strong>Quamquam</strong></span> <span class='ocrx_word' id='word_1_171' title='bbox 845 1526 939 1575; x_wconf 92' lang='lat' dir='ltr'><strong>hoc</strong></span> <span class='ocrx_word' id='word_1_172' title='bbox 977 1525 1128 1574; x_wconf 89' lang='lat' dir='ltr'><strong>nolim</strong></span> <span class='ocrx_word' id='word_1_173' title='bbox 1164 1527 1226 1575; x_wconf 86' lang='lat' dir='ltr'><strong>ita</strong></span> <span class='ocrx_word' id='word_1_174' title='bbox 1264 1542 1290 1576; x_wconf 89' lang='lat' dir='ltr'><strong>a</strong></span> <span class='ocrx_word' id='word_1_175' title='bbox 1330 1525 1466 1575; x_wconf 81' lang='lat' dir='ltr'><strong>vobis</strong></span> <span class='ocrx_word' id='word_1_176' title='bbox 1501 1524 1743 1589; x_wconf 81' lang='lat' dir='ltr'><strong>intellegi,</strong></span> <span class='ocrx_word' id='word_1_177' title='bbox 1784 1540 1839 1574; x_wconf 90' lang='lat' dir='ltr'><strong>ac</strong></span> <span class='ocrx_word' id='word_1_178' title='bbox 1865 1526 1906 1574; x_wconf 89' lang='lat' dir='ltr'><strong>si</strong></span> 
     </span>
     <span class='ocr_line' id='line_1_21' title="bbox 139 1595 1907 1654; baseline 0.001 -9"><span class='ocrx_word' id='word_1_179' title='bbox 139 1597 276 1646; x_wconf 90' lang='lat' dir='ltr'><strong>illum</strong></span> <span class='ocrx_word' id='word_1_180' title='bbox 318 1596 539 1647; x_wconf 89' lang='lat' dir='ltr'><strong>iuberem</strong></span> <span class='ocrx_word' id='word_1_181' title='bbox 575 1596 669 1646; x_wconf 89' lang='lat' dir='ltr'><strong>sibi</strong></span> <span class='ocrx_word' id='word_1_182' title='bbox 704 1611 901 1646; x_wconf 90' lang='lat' dir='ltr'><strong>manum</strong></span> <span class='ocrx_word' id='word_1_183' title='bbox 940 1597 1148 1654; x_wconf 84' lang='lat' dir='ltr'><strong>inferre3</strong></span> <span class='ocrx_word' id='word_1_184' title='bbox 1186 1597 1279 1646; x_wconf 92' lang='lat' dir='ltr'><strong>hoc</strong></span> <span class='ocrx_word' id='word_1_185' title='bbox 1316 1598 1444 1646; x_wconf 89' lang='lat' dir='ltr'><strong>enim</strong></span> <span class='ocrx_word' id='word_1_186' title='bbox 1485 1597 1732 1647; x_wconf 89' lang='lat' dir='ltr'><strong>verissime</strong></span> <span class='ocrx_word' id='word_1_187' title='bbox 1769 1595 1907 1647; x_wconf 87' lang='lat' dir='ltr'><strong>nefas</strong></span> 
     </span>
     <span class='ocr_line' id='line_1_22' title="bbox 138 1667 444 1732; baseline 0.007 -16"><span class='ocrx_word' id='word_1_188' title='bbox 138 1668 379 1732; x_wconf 86' lang='lat' dir='ltr'><strong>iudicatur</strong></span> <span class='ocrx_word' id='word_1_189' title='bbox 392 1667 444 1731; x_wconf 89' lang='grc'><strong>1).</strong></span> 
     </span>
    </p>

    <p class='ocr_par' dir='ltr' id='par_1_3' title="bbox 138 1738 1907 3363">
     <span class='ocr_line' id='line_1_23' title="bbox 278 1738 1907 1803; baseline 0 -14"><span class='ocrx_word' id='word_1_190' title='bbox 278 1740 447 1803; x_wconf 88' lang='lat' dir='ltr'><strong>Atqui,</strong></span> <span class='ocrx_word' id='word_1_191' title='bbox 476 1738 728 1803; x_wconf 88' lang='lat' dir='ltr'><strong>respondit</strong></span> <span class='ocrx_word' id='word_1_192' title='bbox 757 1739 1004 1795; x_wconf 79' lang='lat' dir='ltr'><strong>SimmiaS‚</strong></span> <span class='ocrx_word' id='word_1_193' title='bbox 1044 1739 1250 1788; x_wconf 86' lang='lat' dir='ltr'><strong>haecine</strong></span> <span class='ocrx_word' id='word_1_194' title='bbox 1277 1739 1403 1788; x_wconf 87' lang='lat' dir='ltr'><strong>inter</strong></span> <span class='ocrx_word' id='word_1_195' title='bbox 1429 1753 1481 1788; x_wconf 92' lang='lat' dir='ltr'><strong>se</strong></span> <span class='ocrx_word' id='word_1_196' title='bbox 1506 1753 1752 1803; x_wconf 88' lang='lat' dir='ltr'><strong>pugnare,</strong></span> <span class='ocrx_word' id='word_1_197' title='bbox 1782 1753 1907 1802; x_wconf 87' lang='lat' dir='ltr'><strong>quae</strong></span> 
     </span>
     <span class='ocr_line' id='line_1_24' title="bbox 141 1809 1907 1875; baseline -0.001 -16"><span class='ocrx_word' id='word_1_198' title='bbox 141 1817 191 1859; x_wconf 86' lang='lat' dir='ltr'><strong>tu</strong></span> <span class='ocrx_word' id='word_1_199' title='bbox 218 1809 361 1867; x_wconf 82' lang='lat' dir='ltr'><strong>dicis,</strong></span> <span class='ocrx_word' id='word_1_200' title='bbox 390 1810 711 1875; x_wconf 87' lang='lat' dir='ltr'><strong>appetendam</strong></span> <span class='ocrx_word' id='word_1_201' title='bbox 739 1810 936 1874; x_wconf 88' lang='lat' dir='ltr'><strong>quidem</strong></span> <span class='ocrx_word' id='word_1_202' title='bbox 966 1825 1070 1860; x_wconf 89' lang='lat' dir='ltr'><strong>esse</strong></span> <span class='ocrx_word' id='word_1_203' title='bbox 1096 1817 1330 1867; x_wconf 88' lang='lat' dir='ltr'><strong>mortem,</strong></span> <span class='ocrx_word' id='word_1_204' title='bbox 1371 1825 1463 1860; x_wconf 92' lang='lat' dir='ltr'><strong>nec</strong></span> <span class='ocrx_word' id='word_1_205' title='bbox 1488 1817 1651 1859; x_wconf 87' lang='lat' dir='ltr'><strong>tamen</strong></span> <span class='ocrx_word' id='word_1_206' title='bbox 1680 1811 1907 1875; x_wconf 82' lang='lat' dir='ltr'><strong>cuiquam</strong></span> 
     </span>
     <span class='ocr_line' id='line_1_25' title="bbox 138 1880 1906 1946; baseline -0.001 -16"><span class='ocrx_word' id='word_1_207' title='bbox 138 1881 285 1931; x_wconf 89' lang='lat' dir='ltr'><strong>licere</strong></span> <span class='ocrx_word' id='word_1_208' title='bbox 329 1896 382 1931; x_wconf 89' lang='lat' dir='ltr'><strong>se</strong></span> <span class='ocrx_word' id='word_1_209' title='bbox 423 1881 583 1945; x_wconf 86' lang='lat' dir='ltr'><strong>ipsum</strong></span> <span class='ocrx_word' id='word_1_210' title='bbox 626 1882 939 1931; x_wconf 76' lang='lat' dir='ltr'><strong>interimere?</strong></span> <span class='ocrx_word' id='word_1_211' title='bbox 988 1880 1091 1944; x_wconf 83' lang='lat' dir='ltr'><strong>Ego</strong></span> <span class='ocrx_word' id='word_1_212' title='bbox 1137 1887 1270 1931; x_wconf 83' lang='lat' dir='ltr'><strong>certe</strong></span> <span class='ocrx_word' id='word_1_213' title='bbox 1324 1896 1616 1946; x_wconf 88' lang='lat' dir='ltr'><strong>quamquam</strong></span> <span class='ocrx_word' id='word_1_214' title='bbox 1660 1895 1818 1944; x_wconf 89' lang='lat' dir='ltr'><strong>nuper</strong></span> <span class='ocrx_word' id='word_1_215' title='bbox 1857 1882 1906 1929; x_wconf 92' lang='lat' dir='ltr'><strong>in</strong></span> 
     </span>
     <span class='ocr_line' id='line_1_26' title="bbox 139 1951 1903 2017; baseline -0.001 -16"><span class='ocrx_word' id='word_1_216' title='bbox 139 1954 294 2017; x_wconf 85' lang='lat' dir='ltr'><strong>patria</strong></span> <span class='ocrx_word' id='word_1_217' title='bbox 339 1967 447 2001; x_wconf 91' lang='lat' dir='ltr'><strong>mea</strong></span> <span class='ocrx_word' id='word_1_218' title='bbox 491 1951 651 2001; x_wconf 90' lang='lat' dir='ltr'><strong>audivi</strong></span> <span class='ocrx_word' id='word_1_219' title='bbox 691 1951 987 2009; x_wconf 88' lang='lat' dir='ltr'><strong>Philolaum,</strong></span> <span class='ocrx_word' id='word_1_220' title='bbox 1033 1951 1250 2001; x_wconf 89' lang='lat' dir='ltr'><strong>nobilem</strong></span> <span class='ocrx_word' id='word_1_221' title='bbox 1286 1952 1671 2017; x_wconf 81' lang='lat' dir='ltr'><strong>Pythagoreum,</strong></span> <span class='ocrx_word' id='word_1_222' title='bbox 1719 1951 1903 2007; x_wconf 88' lang='lat' dir='ltr'><strong>eadem,</strong></span> 
     </span>
     <span class='ocr_line' id='line_1_27' title="bbox 140 2023 1906 2087; baseline 0.001 -16"><span class='ocrx_word' id='word_1_223' title='bbox 140 2038 264 2087; x_wconf 83' lang='lat' dir='ltr'><strong>quae</strong></span> <span class='ocrx_word' id='word_1_224' title='bbox 303 2030 355 2072; x_wconf 92' lang='lat' dir='ltr'><strong>tu</strong></span> <span class='ocrx_word' id='word_1_225' title='bbox 397 2023 537 2079; x_wconf 88' lang='lat' dir='ltr'><strong>dicis,</strong></span> <span class='ocrx_word' id='word_1_226' title='bbox 586 2023 908 2079; x_wconf 89' lang='lat' dir='ltr'><strong>dictitantem,</strong></span> <span class='ocrx_word' id='word_1_227' title='bbox 955 2029 1117 2072; x_wconf 87' lang='lat' dir='ltr'><strong>tamen</strong></span> <span class='ocrx_word' id='word_1_228' title='bbox 1161 2038 1411 2086; x_wconf 89' lang='lat' dir='ltr'><strong>nunquam</strong></span> <span class='ocrx_word' id='word_1_229' title='bbox 1456 2023 1600 2071; x_wconf 90' lang='lat' dir='ltr'><strong>huius</strong></span> <span class='ocrx_word' id='word_1_230' title='bbox 1638 2023 1906 2072; x_wconf 89' lang='lat' dir='ltr'><strong>sententiae</strong></span> 
     </span>
     <span class='ocr_line' id='line_1_28' title="bbox 139 2092 1906 2158; baseline 0.001 -17"><span class='ocrx_word' id='word_1_231' title='bbox 139 2095 354 2142; x_wconf 88' lang='lat' dir='ltr'><strong>rationes</strong></span> <span class='ocrx_word' id='word_1_232' title='bbox 379 2093 523 2157; x_wconf 91' lang='lat' dir='ltr'><strong>plane</strong></span> <span class='ocrx_word' id='word_1_233' title='bbox 548 2095 682 2157; x_wconf 85' lang='lat' dir='ltr'><strong>potui</strong></span> <span class='ocrx_word' id='word_1_234' title='bbox 709 2107 1007 2156; x_wconf 84' lang='lat' dir='ltr'><strong>cognoscere</strong></span> <span class='ocrx_word' id='word_1_235' title='bbox 1034 2099 1114 2142; x_wconf 87' lang='lat' dir='ltr'><strong>aut</strong></span> <span class='ocrx_word' id='word_1_236' title='bbox 1139 2094 1435 2158; x_wconf 88' lang='lat' dir='ltr'><strong>perspicere.</strong></span> <span class='ocrx_word' id='word_1_237' title='bbox 1466 2093 1626 2151; x_wconf 85' lang='lat' dir='ltr'><strong>Quare</strong></span> <span class='ocrx_word' id='word_1_238' title='bbox 1652 2094 1692 2141; x_wconf 92' lang='lat' dir='ltr'><strong>si</strong></span> <span class='ocrx_word' id='word_1_239' title='bbox 1722 2099 1772 2141; x_wconf 90' lang='lat' dir='ltr'><strong>tu</strong></span> <span class='ocrx_word' id='word_1_240' title='bbox 1798 2092 1906 2142; x_wconf 91' lang='lat' dir='ltr'><strong>illas</strong></span> 
     </span>
     <span class='ocr_line' id='line_1_29' title="bbox 141 2163 1906 2228; baseline -0.001 -14"><span class='ocrx_word' id='word_1_241' title='bbox 141 2163 383 2228; x_wconf 89' lang='lat' dir='ltr'><strong>explicare</strong></span> <span class='ocrx_word' id='word_1_242' title='bbox 418 2163 617 2213; x_wconf 89' lang='lat' dir='ltr'><strong>uberius</strong></span> <span class='ocrx_word' id='word_1_243' title='bbox 652 2171 699 2214; x_wconf 93' lang='lat' dir='ltr'><strong>et</strong></span> <span class='ocrx_word' id='word_1_244' title='bbox 733 2164 1022 2213; x_wconf 79' lang='lat' dir='ltr'><strong>confirmare</strong></span> <span class='ocrx_word' id='word_1_245' title='bbox 1057 2166 1235 2213; x_wconf 87' lang='lat' dir='ltr'><strong>certius</strong></span> <span class='ocrx_word' id='word_1_246' title='bbox 1260 2178 1403 2227; x_wconf 90' lang='lat' dir='ltr'><strong>posse</strong></span> <span class='ocrx_word' id='word_1_247' title='bbox 1428 2163 1517 2212; x_wconf 89' lang='lat' dir='ltr'><strong>tibi</strong></span> <span class='ocrx_word' id='word_1_248' title='bbox 1542 2163 1777 2220; x_wconf 80' lang='lat' dir='ltr'><strong>videariS,</strong></span> <span class='ocrx_word' id='word_1_249' title='bbox 1817 2179 1906 2228; x_wconf 86' lang='lat' dir='ltr'><strong>age</strong></span> 
     </span>
     <span class='ocr_line' id='line_1_30' title="bbox 141 2234 1905 2299; baseline 0.001 -16"><span class='ocrx_word' id='word_1_250' title='bbox 141 2234 282 2284; x_wconf 87' lang='lat' dir='ltr'><strong>nobis</strong></span> <span class='ocrx_word' id='word_1_251' title='bbox 309 2234 409 2283; x_wconf 90' lang='lat' dir='ltr'><strong>noli</strong></span> <span class='ocrx_word' id='word_1_252' title='bbox 434 2235 650 2284; x_wconf 86' lang='lat' dir='ltr'><strong>invidere</strong></span> <span class='ocrx_word' id='word_1_253' title='bbox 677 2251 755 2291; x_wconf 88' lang='lat' dir='ltr'><strong>ea,</strong></span> <span class='ocrx_word' id='word_1_254' title='bbox 788 2250 912 2299; x_wconf 88' lang='lat' dir='ltr'><strong>quae</strong></span> <span class='ocrx_word' id='word_1_255' title='bbox 940 2234 1144 2283; x_wconf 89' lang='lat' dir='ltr'><strong>dicenda</strong></span> <span class='ocrx_word' id='word_1_256' title='bbox 1170 2234 1366 2283; x_wconf 84' lang='lat' dir='ltr'><strong>habeaS.</strong></span> <span class='ocrx_word' id='word_1_257' title='bbox 1418 2234 1503 2282; x_wconf 90' lang='lat' dir='ltr'><strong>His</strong></span> <span class='ocrx_word' id='word_1_258' title='bbox 1530 2234 1702 2284; x_wconf 88' lang='lat' dir='ltr'><strong>auditis</strong></span> <span class='ocrx_word' id='word_1_259' title='bbox 1730 2235 1905 2284; x_wconf 84' lang='lat' dir='ltr'><strong>Socra-</strong></span> 
     </span>
     <span class='ocr_line' id='line_1_31' title="bbox 143 2306 1904 2370; baseline 0.001 -16"><span class='ocrx_word' id='word_1_260' title='bbox 143 2312 212 2354; x_wconf 85' lang='lat' dir='ltr'><strong>tes</strong></span> <span class='ocrx_word' id='word_1_261' title='bbox 258 2322 309 2355; x_wconf 90' lang='lat' dir='ltr'><strong>se</strong></span> <span class='ocrx_word' id='word_1_262' title='bbox 357 2311 582 2369; x_wconf 89' lang='lat' dir='ltr'><strong>paratum</strong></span> <span class='ocrx_word' id='word_1_263' title='bbox 625 2306 834 2355; x_wconf 84' lang='lat' dir='ltr'><strong>ostendit</strong></span> <span class='ocrx_word' id='word_1_264' title='bbox 871 2306 931 2354; x_wconf 87' lang='lat' dir='ltr'><strong>ad</strong></span> <span class='ocrx_word' id='word_1_265' title='bbox 967 2306 1279 2370; x_wconf 89' lang='lat' dir='ltr'><strong>exponendas</strong></span> <span class='ocrx_word' id='word_1_266' title='bbox 1313 2306 1386 2354; x_wconf 91' lang='lat' dir='ltr'><strong>rei</strong></span> <span class='ocrx_word' id='word_1_267' title='bbox 1420 2306 1659 2361; x_wconf 91' lang='lat' dir='ltr'><strong>rationes,</strong></span> <span class='ocrx_word' id='word_1_268' title='bbox 1702 2319 1820 2368; x_wconf 91' lang='lat' dir='ltr'><strong>quas</strong></span> <span class='ocrx_word' id='word_1_269' title='bbox 1855 2307 1904 2355; x_wconf 89' lang='lat' dir='ltr'><strong>in</strong></span> 
     </span>
     <span class='ocr_line' id='line_1_32' title="bbox 140 2375 1903 2441; baseline 0 -17"><span class='ocrx_word' id='word_1_270' title='bbox 140 2382 336 2440; x_wconf 86' lang='lat' dir='ltr'><strong>promtu</strong></span> <span class='ocrx_word' id='word_1_271' title='bbox 363 2375 591 2433; x_wconf 88' lang='lat' dir='ltr'><strong>haberet,</strong></span> <span class='ocrx_word' id='word_1_272' title='bbox 623 2391 741 2441; x_wconf 90' lang='lat' dir='ltr'><strong>quas</strong></span> <span class='ocrx_word' id='word_1_273' title='bbox 768 2383 930 2425; x_wconf 89' lang='lat' dir='ltr'><strong>tamen</strong></span> <span class='ocrx_word' id='word_1_274' title='bbox 957 2391 1009 2426; x_wconf 92' lang='lat' dir='ltr'><strong>se</strong></span> <span class='ocrx_word' id='word_1_275' title='bbox 1034 2392 1134 2426; x_wconf 89' lang='lat' dir='ltr'><strong>non</strong></span> <span class='ocrx_word' id='word_1_276' title='bbox 1159 2377 1320 2441; x_wconf 89' lang='lat' dir='ltr'><strong>ipsum</strong></span> <span class='ocrx_word' id='word_1_277' title='bbox 1347 2377 1627 2440; x_wconf 89' lang='lat' dir='ltr'><strong>repperisse</strong></span> <span class='ocrx_word' id='word_1_278' title='bbox 1655 2375 1788 2432; x_wconf 84' lang='lat' dir='ltr'><strong>dixit,</strong></span> <span class='ocrx_word' id='word_1_279' title='bbox 1819 2376 1903 2425; x_wconf 89' lang='lat' dir='ltr'><strong>sed</strong></span> 
     </span>
     <span class='ocr_line' id='line_1_33' title="bbox 139 2446 1905 2512; baseline -0.001 -15"><span class='ocrx_word' id='word_1_280' title='bbox 139 2447 286 2497; x_wconf 79' lang='lat' dir='ltr'><strong>fando</strong></span> <span class='ocrx_word' id='word_1_281' title='bbox 312 2446 372 2496; x_wconf 90' lang='lat' dir='ltr'><strong>ab</strong></span> <span class='ocrx_word' id='word_1_282' title='bbox 401 2446 505 2496; x_wconf 89' lang='lat' dir='ltr'><strong>aliis</strong></span> <span class='ocrx_word' id='word_1_283' title='bbox 531 2449 792 2512; x_wconf 86' lang='lat' dir='ltr'><strong>accepisse.</strong></span> <span class='ocrx_word' id='word_1_284' title='bbox 843 2448 1021 2497; x_wconf 89' lang='lat' dir='ltr'><strong>Mirum</strong></span> <span class='ocrx_word' id='word_1_285' title='bbox 1048 2463 1188 2504; x_wconf 86' lang='lat' dir='ltr'><strong>ver0,</strong></span> <span class='ocrx_word' id='word_1_286' title='bbox 1218 2447 1398 2511; x_wconf 90' lang='lat' dir='ltr'><strong>inquit,</strong></span> <span class='ocrx_word' id='word_1_287' title='bbox 1427 2462 1528 2495; x_wconf 92' lang='lat' dir='ltr'><strong>non</strong></span> <span class='ocrx_word' id='word_1_288' title='bbox 1553 2447 1733 2495; x_wconf 88' lang='lat' dir='ltr'><strong>iniuria</strong></span> <span class='ocrx_word' id='word_1_289' title='bbox 1759 2446 1905 2496; x_wconf 90' lang='lat' dir='ltr'><strong>alicui</strong></span> 
     </span>
     <span class='ocr_line' id='line_1_34' title="bbox 140 2517 1904 2582; baseline 0 -16"><span class='ocrx_word' id='word_1_290' title='bbox 140 2518 383 2574; x_wconf 81' lang='lat' dir='ltr'><strong>videatur,</strong></span> <span class='ocrx_word' id='word_1_291' title='bbox 412 2518 541 2582; x_wconf 90' lang='lat' dir='ltr'><strong>quod</strong></span> <span class='ocrx_word' id='word_1_292' title='bbox 569 2523 709 2567; x_wconf 87' lang='lat' dir='ltr'><strong>antea</strong></span> <span class='ocrx_word' id='word_1_293' title='bbox 737 2518 919 2568; x_wconf 90' lang='lat' dir='ltr'><strong>dictum</strong></span> <span class='ocrx_word' id='word_1_294' title='bbox 948 2523 1048 2575; x_wconf 88' lang='lat' dir='ltr'><strong>est,</strong></span> <span class='ocrx_word' id='word_1_295' title='bbox 1080 2519 1221 2567; x_wconf 89' lang='lat' dir='ltr'><strong>etiam</strong></span> <span class='ocrx_word' id='word_1_296' title='bbox 1249 2519 1307 2567; x_wconf 90' lang='lat' dir='ltr'><strong>iis</strong></span> <span class='ocrx_word' id='word_1_297' title='bbox 1333 2517 1636 2573; x_wconf 77' lang='lat' dir='ltr'><strong>hominihUS,</strong></span> <span class='ocrx_word' id='word_1_298' title='bbox 1666 2518 1748 2582; x_wconf 88' lang='lat' dir='ltr'><strong>qui</strong></span> <span class='ocrx_word' id='word_1_299' title='bbox 1773 2533 1904 2566; x_wconf 89' lang='lat' dir='ltr'><strong>mor-</strong></span> 
     </span>
     <span class='ocr_line' id='line_1_35' title="bbox 142 2587 1905 2653; baseline -0.001 -15"><span class='ocrx_word' id='word_1_300' title='bbox 142 2597 237 2638; x_wconf 86' lang='lat' dir='ltr'><strong>tem</strong></span> <span class='ocrx_word' id='word_1_301' title='bbox 266 2594 510 2653; x_wconf 78' lang='lat' dir='ltr'><strong>tamquam</strong></span> <span class='ocrx_word' id='word_1_302' title='bbox 538 2588 720 2639; x_wconf 90' lang='lat' dir='ltr'><strong>bonum</strong></span> <span class='ocrx_word' id='word_1_303' title='bbox 749 2590 942 2653; x_wconf 82' lang='lat' dir='ltr'><strong>aliquod</strong></span> <span class='ocrx_word' id='word_1_304' title='bbox 971 2596 1223 2653; x_wconf 84' lang='lat' dir='ltr'><strong>expetant,</strong></span> <span class='ocrx_word' id='word_1_305' title='bbox 1264 2588 1399 2638; x_wconf 86' lang='lat' dir='ltr'><strong>nefas</strong></span> <span class='ocrx_word' id='word_1_306' title='bbox 1437 2604 1542 2638; x_wconf 89' lang='lat' dir='ltr'><strong>esse</strong></span> <span class='ocrx_word' id='word_1_307' title='bbox 1570 2587 1763 2638; x_wconf 90' lang='lat' dir='ltr'><strong>sibimet</strong></span> <span class='ocrx_word' id='word_1_308' title='bbox 1788 2590 1905 2652; x_wconf 88' lang='lat' dir='ltr'><strong>ipsis</strong></span> 
     </span>
     <span class='ocr_line' id='line_1_36' title="bbox 140 2659 1904 2726; baseline 0 -17"><span class='ocrx_word' id='word_1_309' title='bbox 140 2660 233 2709; x_wconf 88' lang='lat' dir='ltr'><strong>hoc</strong></span> <span class='ocrx_word' id='word_1_310' title='bbox 260 2659 549 2709; x_wconf 89' lang='lat' dir='ltr'><strong>heneficium</strong></span> <span class='ocrx_word' id='word_1_311' title='bbox 577 2659 809 2717; x_wconf 86' lang='lat' dir='ltr'><strong>tribuere,</strong></span> <span class='ocrx_word' id='word_1_312' title='bbox 838 2661 922 2710; x_wconf 91' lang='lat' dir='ltr'><strong>sed</strong></span> <span class='ocrx_word' id='word_1_313' title='bbox 952 2665 1236 2726; x_wconf 86' lang='lat' dir='ltr'><strong>exspectare</strong></span> <span class='ocrx_word' id='word_1_314' title='bbox 1265 2676 1347 2709; x_wconf 93' lang='lat' dir='ltr'><strong>eos</strong></span> <span class='ocrx_word' id='word_1_315' title='bbox 1371 2659 1567 2716; x_wconf 88' lang='lat' dir='ltr'><strong>debere,</strong></span> <span class='ocrx_word' id='word_1_316' title='bbox 1598 2659 1754 2708; x_wconf 91' lang='lat' dir='ltr'><strong>donec</strong></span> <span class='ocrx_word' id='word_1_317' title='bbox 1781 2659 1904 2709; x_wconf 89' lang='lat' dir='ltr'><strong>alius</strong></span> 
     </span>
     <span class='ocr_line' id='line_1_37' title="bbox 142 2730 1903 2795; baseline 0 -15"><span class='ocrx_word' id='word_1_318' title='bbox 142 2730 311 2780; x_wconf 90' lang='lat' dir='ltr'><strong>eodem</strong></span> <span class='ocrx_word' id='word_1_319' title='bbox 352 2732 483 2795; x_wconf 86' lang='lat' dir='ltr'><strong>ipsos</strong></span> <span class='ocrx_word' id='word_1_320' title='bbox 526 2731 713 2779; x_wconf 85' lang='lat' dir='ltr'><strong>afficiat.</strong></span> <span class='ocrx_word' id='word_1_321' title='bbox 763 2733 823 2781; x_wconf 92' lang='lat' dir='ltr'><strong>At</strong></span> <span class='ocrx_word' id='word_1_322' title='bbox 868 2733 998 2780; x_wconf 88' lang='lat' dir='ltr'><strong>enim</strong></span> <span class='ocrx_word' id='word_1_323' title='bbox 1042 2747 1155 2781; x_wconf 90' lang='lat' dir='ltr'><strong>vero</strong></span> <span class='ocrx_word' id='word_1_324' title='bbox 1190 2731 1337 2780; x_wconf 89' lang='lat' dir='ltr'><strong>habet</strong></span> <span class='ocrx_word' id='word_1_325' title='bbox 1378 2730 1456 2780; x_wconf 91' lang='lat' dir='ltr'><strong>illa</strong></span> <span class='ocrx_word' id='word_1_326' title='bbox 1496 2731 1734 2780; x_wconf 87' lang='lat' dir='ltr'><strong>sententia</strong></span> <span class='ocrx_word' id='word_1_327' title='bbox 1771 2739 1903 2780; x_wconf 87' lang='lat' dir='ltr'><strong>certe</strong></span> 
     </span>
     <span class='ocr_line' id='line_1_38' title="bbox 145 2800 1905 2866; baseline -0.001 -16"><span class='ocrx_word' id='word_1_328' title='bbox 145 2802 343 2850; x_wconf 90' lang='lat' dir='ltr'><strong>idoneas</strong></span> <span class='ocrx_word' id='word_1_329' title='bbox 368 2802 593 2851; x_wconf 83' lang='lat' dir='ltr'><strong>rationes.</strong></span> <span class='ocrx_word' id='word_1_330' title='bbox 646 2802 765 2851; x_wconf 89' lang='lat' dir='ltr'><strong>Nam</strong></span> <span class='ocrx_word' id='word_1_331' title='bbox 792 2802 1015 2852; x_wconf 85' lang='lat' dir='ltr'><strong>homines</strong></span> <span class='ocrx_word' id='word_1_332' title='bbox 1041 2804 1091 2852; x_wconf 88' lang='lat' dir='ltr'><strong>in</strong></span> <span class='ocrx_word' id='word_1_333' title='bbox 1116 2802 1209 2851; x_wconf 92' lang='lat' dir='ltr'><strong>hoc</strong></span> <span class='ocrx_word' id='word_1_334' title='bbox 1235 2817 1443 2866; x_wconf 91' lang='lat' dir='ltr'><strong>corpore</strong></span> <span class='ocrx_word' id='word_1_335' title='bbox 1471 2817 1496 2850; x_wconf 92' lang='lat' dir='ltr'><strong>a</strong></span> <span class='ocrx_word' id='word_1_336' title='bbox 1524 2801 1615 2850; x_wconf 91' lang='lat' dir='ltr'><strong>deo</strong></span> <span class='ocrx_word' id='word_1_337' title='bbox 1641 2800 1905 2850; x_wconf 87' lang='lat' dir='ltr'><strong>immortali</strong></span> 
     </span>
     <span class='ocr_line' id='line_1_39' title="bbox 143 2872 1904 2937; baseline -0.001 -16"><span class='ocrx_word' id='word_1_338' title='bbox 143 2873 280 2936; x_wconf 88' lang='lat' dir='ltr'><strong>quasi</strong></span> <span class='ocrx_word' id='word_1_339' title='bbox 314 2873 364 2919; x_wconf 89' lang='lat' dir='ltr'><strong>in</strong></span> <span class='ocrx_word' id='word_1_340' title='bbox 400 2887 599 2922; x_wconf 88' lang='lat' dir='ltr'><strong>carcere</strong></span> <span class='ocrx_word' id='word_1_341' title='bbox 645 2872 853 2936; x_wconf 90' lang='lat' dir='ltr'><strong>quodam</strong></span> <span class='ocrx_word' id='word_1_342' title='bbox 899 2872 1071 2922; x_wconf 89' lang='lat' dir='ltr'><strong>inclusi</strong></span> <span class='ocrx_word' id='word_1_343' title='bbox 1106 2879 1243 2930; x_wconf 88' lang='lat' dir='ltr'><strong>sunt,</strong></span> <span class='ocrx_word' id='word_1_344' title='bbox 1283 2889 1341 2922; x_wconf 88' lang='lat' dir='ltr'><strong>ex</strong></span> <span class='ocrx_word' id='word_1_345' title='bbox 1375 2888 1471 2937; x_wconf 91' lang='lat' dir='ltr'><strong>quo</strong></span> <span class='ocrx_word' id='word_1_346' title='bbox 1507 2873 1693 2920; x_wconf 86' lang='lat' dir='ltr'><strong>iniussu</strong></span> <span class='ocrx_word' id='word_1_347' title='bbox 1728 2874 1904 2921; x_wconf 91' lang='lat' dir='ltr'><strong>summi</strong></span> 
     </span>
     <span class='ocr_line' id='line_1_40' title="bbox 141 2942 1903 3008; baseline 0.001 -18"><span class='ocrx_word' id='word_1_348' title='bbox 141 2943 448 3005; x_wconf 87' lang='lat' dir='ltr'><strong>imperatoris</strong></span> <span class='ocrx_word' id='word_1_349' title='bbox 485 2944 667 2991; x_wconf 90' lang='lat' dir='ltr'><strong>nemini</strong></span> <span class='ocrx_word' id='word_1_350' title='bbox 702 2943 936 3008; x_wconf 84' lang='lat' dir='ltr'><strong>aufugere</strong></span> <span class='ocrx_word' id='word_1_351' title='bbox 973 2943 1111 3001; x_wconf 93' lang='lat' dir='ltr'><strong>licet;</strong></span> <span class='ocrx_word' id='word_1_352' title='bbox 1151 2949 1295 3008; x_wconf 85' lang='lat' dir='ltr'><strong>atque</strong></span> <span class='ocrx_word' id='word_1_353' title='bbox 1322 2943 1540 3008; x_wconf 90' lang='lat' dir='ltr'><strong>persuasi</strong></span> <span class='ocrx_word' id='word_1_354' title='bbox 1565 2942 1684 2991; x_wconf 90' lang='lat' dir='ltr'><strong>mihi</strong></span> <span class='ocrx_word' id='word_1_355' title='bbox 1709 2944 1903 3007; x_wconf 87' lang='lat' dir='ltr'><strong>penitus</strong></span> 
     </span>
     <span class='ocr_line' id='line_1_41' title="bbox 144 3012 1900 3079; baseline -0.001 -17"><span class='ocrx_word' id='word_1_356' title='bbox 144 3028 248 3062; x_wconf 89' lang='lat' dir='ltr'><strong>esse</strong></span> <span class='ocrx_word' id='word_1_357' title='bbox 274 3027 456 3061; x_wconf 90' lang='lat' dir='ltr'><strong>numen</strong></span> <span class='ocrx_word' id='word_1_358' title='bbox 483 3012 721 3070; x_wconf 82' lang='lat' dir='ltr'><strong>divinum,</strong></span> <span class='ocrx_word' id='word_1_359' title='bbox 750 3015 880 3079; x_wconf 90' lang='lat' dir='ltr'><strong>quod</strong></span> <span class='ocrx_word' id='word_1_360' title='bbox 906 3015 1158 3064; x_wconf 91' lang='lat' dir='ltr'><strong>hominum</strong></span> <span class='ocrx_word' id='word_1_361' title='bbox 1187 3030 1353 3064; x_wconf 87' lang='lat' dir='ltr'><strong>curam</strong></span> <span class='ocrx_word' id='word_1_362' title='bbox 1380 3018 1542 3077; x_wconf 84' lang='lat' dir='ltr'><strong>gerat,</strong></span> <span class='ocrx_word' id='word_1_363' title='bbox 1585 3014 1786 3077; x_wconf 88' lang='lat' dir='ltr'><strong>eiusque</strong></span> <span class='ocrx_word' id='word_1_364' title='bbox 1813 3028 1900 3061; x_wconf 91' lang='lat' dir='ltr'><strong>nu-</strong></span> 
     </span>
     <span class='ocr_line' id='line_1_42' title="bbox 145 3083 1902 3150; baseline 0.001 -19"><span class='ocrx_word' id='word_1_365' title='bbox 145 3083 286 3132; x_wconf 89' lang='lat' dir='ltr'><strong>minis</strong></span> <span class='ocrx_word' id='word_1_366' title='bbox 311 3083 533 3132; x_wconf 89' lang='lat' dir='ltr'><strong>homines</strong></span> <span class='ocrx_word' id='word_1_367' title='bbox 569 3099 674 3134; x_wconf 86' lang='lat' dir='ltr'><strong>esse</strong></span> <span class='ocrx_word' id='word_1_368' title='bbox 700 3100 864 3135; x_wconf 85' lang='lat' dir='ltr'><strong>servos</strong></span> <span class='ocrx_word' id='word_1_369' title='bbox 890 3092 1034 3150; x_wconf 85' lang='lat' dir='ltr'><strong>atque</strong></span> <span class='ocrx_word' id='word_1_370' title='bbox 1061 3087 1321 3135; x_wconf 85' lang='lat' dir='ltr'><strong>ministros.</strong></span> <span class='ocrx_word' id='word_1_371' title='bbox 1374 3084 1612 3142; x_wconf 84' lang='lat' dir='ltr'><strong>Quocirca</strong></span> <span class='ocrx_word' id='word_1_372' title='bbox 1636 3083 1779 3132; x_wconf 89' lang='lat' dir='ltr'><strong>nobis</strong></span> <span class='ocrx_word' id='word_1_373' title='bbox 1804 3099 1902 3133; x_wconf 91' lang='lat' dir='ltr'><strong>non</strong></span> 
     </span>
     <span class='ocr_line' id='line_1_43' title="bbox 142 3153 1899 3219; baseline 0.001 -17"><span class='ocrx_word' id='word_1_374' title='bbox 142 3154 254 3203; x_wconf 91' lang='lat' dir='ltr'><strong>licet</strong></span> <span class='ocrx_word' id='word_1_375' title='bbox 279 3159 447 3203; x_wconf 89' lang='lat' dir='ltr'><strong>nostro</strong></span> <span class='ocrx_word' id='word_1_376' title='bbox 475 3153 710 3203; x_wconf 87' lang='lat' dir='ltr'><strong>arbitratu</strong></span> <span class='ocrx_word' id='word_1_377' title='bbox 738 3171 795 3204; x_wconf 90' lang='lat' dir='ltr'><strong>ex</strong></span> <span class='ocrx_word' id='word_1_378' title='bbox 821 3156 912 3205; x_wconf 86' lang='lat' dir='ltr'><strong>hac</strong></span> <span class='ocrx_word' id='word_1_379' title='bbox 939 3159 1031 3206; x_wconf 82' lang='lat' dir='ltr'><strong>vita</strong></span> <span class='ocrx_word' id='word_1_380' title='bbox 1069 3157 1345 3213; x_wconf 83' lang='lat' dir='ltr'><strong>discedere,</strong></span> <span class='ocrx_word' id='word_1_381' title='bbox 1385 3156 1468 3205; x_wconf 90' lang='lat' dir='ltr'><strong>sed</strong></span> <span class='ocrx_word' id='word_1_382' title='bbox 1506 3154 1899 3219; x_wconf 85' lang='lat' dir='ltr'><strong>exspectandum,</strong></span> 
     </span>
     <span class='ocr_line' id='line_1_44' title="bbox 144 3225 1902 3292; baseline -0.001 -18"><span class='ocrx_word' id='word_1_383' title='bbox 144 3225 299 3274; x_wconf 86' lang='lat' dir='ltr'><strong>donec</strong></span> <span class='ocrx_word' id='word_1_384' title='bbox 332 3226 436 3289; x_wconf 90' lang='lat' dir='ltr'><strong>ipse</strong></span> <span class='ocrx_word' id='word_1_385' title='bbox 472 3225 592 3274; x_wconf 88' lang='lat' dir='ltr'><strong>deus</strong></span> <span class='ocrx_word' id='word_1_386' title='bbox 627 3240 716 3274; x_wconf 88' lang='lat' dir='ltr'><strong>nos</strong></span> <span class='ocrx_word' id='word_1_387' title='bbox 748 3225 922 3276; x_wconf 89' lang='lat' dir='ltr'><strong>liberet</strong></span> <span class='ocrx_word' id='word_1_388' title='bbox 947 3233 1091 3292; x_wconf 87' lang='lat' dir='ltr'><strong>atque</strong></span> <span class='ocrx_word' id='word_1_389' title='bbox 1116 3227 1231 3277; x_wconf 90' lang='lat' dir='ltr'><strong>hinc</strong></span> <span class='ocrx_word' id='word_1_390' title='bbox 1256 3226 1538 3276; x_wconf 88' lang='lat' dir='ltr'><strong>discedendi</strong></span> <span class='ocrx_word' id='word_1_391' title='bbox 1563 3226 1902 3275; x_wconf 88' lang='lat' dir='ltr'><strong>necessitatem</strong></span> 
     </span>
     <span class='ocr_line' id='line_1_45' title="bbox 142 3296 1897 3363; baseline -0.001 -19"><span class='ocrx_word' id='word_1_392' title='bbox 142 3297 381 3345; x_wconf 89' lang='lat' dir='ltr'><strong>immittat.</strong></span> <span class='ocrx_word' id='word_1_393' title='bbox 455 3296 525 3345; x_wconf 88' lang='lat' dir='ltr'><strong>Ad</strong></span> <span class='ocrx_word' id='word_1_394' title='bbox 564 3296 685 3345; x_wconf 89' lang='lat' dir='ltr'><strong>haec</strong></span> <span class='ocrx_word' id='word_1_395' title='bbox 731 3303 891 3347; x_wconf 85' lang='lat' dir='ltr'><strong>autem</strong></span> <span class='ocrx_word' id='word_1_396' title='bbox 938 3298 1116 3355; x_wconf 90' lang='lat' dir='ltr'><strong>Cebes,</strong></span> <span class='ocrx_word' id='word_1_397' title='bbox 1160 3299 1247 3347; x_wconf 88' lang='lat' dir='ltr'><strong>ista</strong></span> <span class='ocrx_word' id='word_1_398' title='bbox 1293 3298 1485 3363; x_wconf 86' lang='lat' dir='ltr'><strong>quidem</strong></span> <span class='ocrx_word' id='word_1_399' title='bbox 1531 3298 1572 3346; x_wconf 90' lang='lat' dir='ltr'><strong>si</strong></span> <span class='ocrx_word' id='word_1_400' title='bbox 1615 3312 1727 3346; x_wconf 89' lang='lat' dir='ltr'><strong>vera</strong></span> <span class='ocrx_word' id='word_1_401' title='bbox 1772 3301 1897 3350; x_wconf 90' lang='lat' dir='ltr'><strong>sunt,</strong></span> 
     </span>
    </p>
   </div>
   <div class='ocr_carea' id='block_1_3' title="bbox 261 3450 792 3503">
    <p class='ocr_par' dir='ltr' id='par_1_4' title="bbox 261 3450 792 3503">
     <span class='ocr_line' id='line_1_46' title="bbox 261 3450 792 3503; baseline 0.009 -13"><span class='ocrx_word' id='word_1_402' title='bbox 261 3450 792 3503; x_wconf 79' lang='lat' dir='ltr'>1)P.6OB—-61D.</span> 
     </span>
    </p>
   </div>
  </div>
 </body>
</html>
