2158 3718
283 110 387 164 184
1004 98 1325 156 PLATONIS‘

240 250 242 254 ’
283 253 419 314 Πῶς
455 252 550 321 δή;
577 250 697 306 Ὅτι
735 251 936 321 ἑκάστη
973 249 1150 320 ἡδονὴ
1176 251 1270 305 καὶ
1295 253 1444 322 λύπη
1480 250 1661 322 ὥςπερ
1685 245 1825 321 ἧλον
1851 252 2053 320 ἔχουσα

283 339 557 406 προςηλοϊ
588 335 765 408 αὐτὴν
803 334 944 407 πρὸς
979 334 1041 389 τὸ
1083 339 1241 406 σῶμα
1278 338 1372 390 καὶ
1408 338 1761 407 προςπερονᾷ
1788 337 1879 389 καὶ
1909 345 2060 390 ποιεῖ
2146 355 2158 385 u

286 423 654 522 σωματοειδῆ,
695 422 1036 488 δοξάζουσαν
1061 424 1237 475 ταῦτα
1263 421 1446 491 ἀληθῆ
1487 418 1650 490 εἶναι,
1689 419 1829 491 ἅπερ
1868 417 1939 474 ἂν
1963 422 2056 474 καὶ

284 504 346 559 τὸ
385 510 543 576 σῶμα
583 511 681 578 φῇ.
738 507 800 560 ἐκ
838 527 944 576 γαρ
983 510 1084 559 τοῦ
1124 504 1414 576 ὁμοδοξεῖν
1450 511 1526 578 τῷ
1566 507 1779 576 σώματι
1817 505 1910 558 καὶ
1943 516 2058 570 τοῖς

285 589 475 654 αὐτοῖς
500 595 715 662 χαίρειν
741 589 1121 660 ἀναγκάζεται,
1162 587 1332 661 οἶμαι,
1372 589 1684 663 ὁμότροπός
1720 611 1779 645 τε
1805 588 1950 644 καὶ“
1923 590 2055 661 ομό-

286 696 498 747 τροφος
543 679 842 745 γίγνεσθαι
891 675 983 730 καὶ
1022 676 1112 730 οιά
1149 677 1423 746 μηδέποτε
1460 681 1725 746 καθαρῶς
1762 677 1840 739 εἰς
1863 675 2059 730 Ἀιδου

285 760 620 831 ἀφικέσθαι,
661 759 785 813 ἀλλ’
826 759 911 815 ἀεὶ
947 764 1049 815 τοῦ
1088 762 1340 831 σώματος
1377 759 1625 815 ἀναπλέα
1666 761 1886 830 ἐξιέναι,
1926 759 2059 824 ὤςτε

289 843 428 914 ταχὺ
467 846 638 899 πάλιν
675 848 899 900 πίπτειν
926 848 1004 910 είς
1030 844 1168 901 ἄλλο
1196 850 1354 916 σῶμα
1376 847 1469 899 καὶ
1507 845 1687 915 ὥςπερ
1726 847 2060 917 σπειρομένη

230 943 264 983 Ε
289 930 636 1001 ἐμφύεσθαι,
688 932 780 984 καὶ
821 932 884 985 ἐκ
922 931 1139 986 τούτων
1177 929 1407 1002 ἄμοιρος
1446 927 1590 984 εἶναι
1626 934 1723 1000 τῆς
1759 935 1860 984 τοῦ
1896 934 2061 985 θείου

287 1035 347 1069 τε
385 1017 478 1069 καὶ
515 1020 776 1086 καθαροῦ
814 1018 907 1070 καὶ
932 1018 1262 1087 μονοειδοῦς
1299 1019 1621 1080 συνουσίας.
1669 1015 2060 1086 Ἀληθέστατα,

289 1103 417 1170 ἔφη,
457 1101 653 1171 λέγεις,
693 1099 721 1166 6
760 1103 960 1172 Κέβης,
1001 1096 1046 1155 c5'
1086 1102 1399 1172 Σώκρατες.

230 1199 232 1201 ’
431 1205 544 1270 Cap.
586 1205 796 1256 XXXIV.
880 1202 1108 1255 Τούτων
1153 1204 1350 1255 τοίνυν
1404 1201 1597 1269 ἕνεκα,
1656 1194 1701 1254 c3'
1747 1201 1955 1270 Κέβης,
2011 1201 2070 1254 οἱ

291 1288 520 1349 δικαίως
558 1290 894 1356 φιλομαθεῖς
931 1286 1158 1356 κόσμιοί
1190 1285 1241 1340 τ’
1283 1287 1390 1340 εἰσὶ
1428 1287 1521 1339 καὶ
1547 1283 1815 1356 ἀνδρεῖοι,
1854 1282 1958 1354 οὐχ
1984 1279 2065 1338 οἷν

204 1371 347 1424 84οί
398 1372 598 1425 πολλοὶ
652 1371 819 1425 ἕνεκά
871 1386 1063 1441 φασιν.
1140 1371 1176 1440 ἢ
1232 1370 1304 1425 σύ
1361 1375 1490 1436 οἰέι;
1553 1369 1637 1424 Οὐ
1685 1371 1823 1439 δῆτα
1871 1372 2061 1439 ἔγωγε.

294 1453 379 1509 Οὐ
423 1456 554 1526 γάρ·
607 1455 732 1509 ἀλλ’
784 1455 932 1510 οὕτω
979 1455 1254 1525 λογίσαιτ’
1294 1455 1365 1510 ἄν
1403 1454 1550 1526 ψυχὴ
1590 1453 1796 1525 ἀνδρὸς
1833 1455 2066 1526 φιλοσό-

292 1561 436 1610 φου,
486 1543 578 1606 καὶ
624 1539 728 1595 οὐκ
777 1541 867 1608 ὀὶνδ
897 1544 1115 1611 οἰηθείη
1163 1539 1266 1611 τὴν
1312 1542 1415 1611 μὲν
1461 1543 1805 1610 φιλοσοφίαν
1865 1544 2067 1611 χρῆναι

293 1624 497 1696 ἑαυτὴν
543 1626 730 1695 λύειν,
783 1627 1029 1697 λυούσης
1078 1627 1139 1681 δὲ
1190 1628 1407 1696 ἐκείνης
1464 1624 1642 1696 αὐτὴν
1693 1626 2066 1696 παραδιδόναι

405 1813 497 1855 οἵα
538 1811 853 1869 μηδέποτε]
898 1816 953 1855 V.
976 1810 1078 1866 οἷα,
1111 1815 1225 1866 quod
1246 1815 1464 1855 Bekke1us
1495 1820 1592 1867 post
1621 1813 1869 1854 Fischemm
1903 1815 2065 1855 eBodl.

293 1871 423 1912 Coisl.
446 1873 553 1913 Ven.
577 1871 622 1918 Ξ
646 1873 774 1912 Vind.
802 1872 888 1913 ΤΦ
918 1873 1011 1912 Par.
1037 1871 1098 1911 GI
1130 1872 1388 1913 emendavit.
1425 1871 1587 1910 Deinde
1609 1869 1694 1911 τοῦ
1716 1881 1928 1924 σωματος
1950 1864 2068 1912 ἀνοι-

291 1923 412 1968 πλέα
449 1928 568 1968 Bodl.
606 1930 712 1969 Ven.
737 1929 787 1970 H
818 1929 926 1969 Tul).
948 1929 1003 1968 al.
1046 1929 1183 1979 Vulgo
1221 1924 1438 1970 ἀναπλέα
1475 1926 1559 1968 τοῦ
1596 1921 1824 1980 σώματος.
1875 1929 2004 1971 Vind.
2027 1929 2066 1970 Φ

293 1977 530 2026 ανάπλεω.
573 1986 686 2039 Aug.
726 1999 779 2025 ex
815 1998 919 2028 cori.
958 1960 1223 2036 ἀνάπλεως,
1261 1985 1376 2037 quod
1411 1985 1579 2024 firmant
1613 1984 1698 2035 alii,
1735 1984 1777 2023 in
1815 1985 1968 2036 quibus
2006 1995 2069 2026 est

293 2034 528 2083 ἀναπλεα.

409 2125 510 2179 Cap.
533 2127 732 2167 XXXIV.
766 2122 1007 2182 κόσμιοί
1032 2120 1074 2168 τ’
1108 2124 1250 2182 εἰσί]
1276 2119 1320 2168 τ’
1351 2128 1490 2167 eVat
1512 2128 1621 2169 Ven.
1645 2126 2068 2170 HVind.<15Par.G

294 2184 440 2226 Ambr.
463 2185 572 2224 Flor.
597 2185 789 2225 detiee.
813 2185 933 2224 Bodl.
958 2185 1164 2227 additum.
1204 2184 1591 2238 Sprevitvoeulam
1613 2184 1754 2223 He1m.
1778 2184 2067 2252 auctoritatem

294 2239 415 2281 Bodl.
437 2254 501 2294 pr
525 2254 595 2293 m„
619 2250 666 2282 ut
688 2243 812 2293 solet,
837 2250 1023 2282 secutus.

407 2326 453 2365 P.
485 2327 554 2366 84
589 2318 804 2381 ἑαυτὴν
827 2321 1004 2381 λύειν]
1031 2319 1185 2381 αὐτήν
1213 2328 1308 2367 Vat.
1331 2327 1424 2367 Par.
1448 2327 1479 2366 L
1500 2327 1609 2369 Ven.
1632 2326 1685 2367 Φ.

353 2496 401 2537 D.
452 2494 552 2538 καὶ
602 2495 695 2539 οἵα
745 2494 1066 2568 μηδέποτε
1089 2519 1142 2525 -—

298 2543 662 2615 ἀφικέσθαι]
699 2554 741 2596 h.
765 2568 800 2597 e.
823 2551 905 2596 καὶ
928 2547 1153 2608 τοιαύτη,

299 2598 414 2655 ω’ςτε
435 2606 675 2661 μηδέποτε
698 2603 790 2662 ἀφ.

357 2662 456 2705 τοῦ
525 2662 785 2717 σώματος
853 2659 1138 2720 ἀναπλέα]

300 2733 524 2773 corpore
546 2722 755 2773 polluta
777 2730 822 2761 et
851 2723 1142 2772 inquinata.

298 2777 386 2818 vid.
420 2776 695 2816 Ruhnken.
726 2779 779 2818 ad
809 2779 913 2818 Tim.
937 2777 1075 2818 Gloss.
1099 2792 1142 2832 p.

298 2835 356 2878 30
377 2845 468 2884 sqq.

359 2887 460 2942 Cap.
483 2889 683 2929 XXXIV.
707 2885 763 2930 οἵ
782 2889 1026 2938 δικαίως
1029 2905 1145 2960 Ηφι-

301 2943 623 3000 λομαθεῖς]
667 2947 838 2998 Intelleg
824 2954 968 2987 untur
997 2942 1045 2988 οἵ
1068 2939 1145 3000 ὄρ

301 3002 405 3051 θῶς
414 3001 819 3066 φιλοσοφοῦντες.
839 3017 879 3042 v,
902 3004 1021 3057 adp.
1031 3005 1141 3046 820.

359 3053 608 3113 κόσμιοι]
646 3059 687 3101 11.
714 3073 750 3101 ι..
780 3053 1036 3126 σώφρονες,
1076 3062 1145 3111 qui

304 3117 605 3170 cupiditatibus
636 3117 860 3165 abstinent,
893 3129 974 3156 non
1004 3118 1054 3157 iis
1076 3118 1142 3158 in-

305 3174 497 3225 dulgent.

363 3225 650 3284 ἀνδρεῖοι]
681 3237 726 3270 ut
756 3231 846 3270 Lat.
877 3229 1043 3271 fortes
1082 3232 1146 3271 di-

305 3289 618 3339 eunt1u,qni
659 3292 865 3342 spe1nu11t
907 3287 1146 3341 voluptates

310 3358 447 3412 neque
468 3358 514 3383 ei
519 3344 622 3384 (lunt
646 3357 788 3384 earum
811 3344 1033 3384 illeeebris.

363 3396 463 3455 οὐχ
505 3390 577 3442 ὧν
619 3397 676 3442 οἷ
720 3397 927 3442 πολλοὶ
977 3395 1147 3442 ένεκοὶ

308 3461 506 3512 φασιν]
538 3459 625 3498 Ηοο
662 3458 762 3498 dicit
791 3457 1008 3498 Socrates:
1055 3458 1147 3498 Sa-

1230 2498 1440 2552 pientes
1463 2502 1590 2538 sunt
1610 2501 1969 2551 temperantes
1992 2504 2071 2538 at-

1231 2567 1327 2605 que
1357 2555 1525 2595 fortes
1556 2566 1657 2593 non
1686 2566 1859 2594 eorum
1885 2566 2067 2606 causa,

1229 2620 1447 2665 propter
1478 2623 1607 2660 quae
1638 2611 1799 2662 vulgo
1829 2609 2070 2652 homines

1230 2681 1283 2707 se
1324 2669 1562 2708 fatentur
1592 2666 1756 2706 fortes
1788 2673 1834 2707 et
1870 2675 2071 2722 tempe-

1229 2732 1406 2764 rantes
1444 2736 1572 2763 esse.
1626 2722 1787 2763 Etenim
1825 2724 1879 2764 ad
1917 2724 2068 2790 φασίν

1229 2780 1367 2847 liquet
1387 2779 1720 2838 intellegendum
1753 2793 1849 2821 esse
1883 2775 2070 2835 κόσμιοι

1231 2833 1315 2877 καὶ
1337 2810 1558 2888 ἀνδρεῖοι
1585 2830 1726 2877 εἶναι.
1757 2837 1870 2881 conf.
1892 2851 1935 2891 p.
1961 2840 2014 2880 68
2035 2839 2069 2879 D

1234 2905 1326 2942 sqq.
1368 2895 1513 2944 ltaque
1536 2906 1616 2933 non
1642 2894 1951 2947 adstipulamur
1973 2908 2070 2935 sen-

1232 2950 1385 2989 tentiae
1427 2949 1477 2989 O.
1519 2950 1593 2992 Fr
1634 2951 1937 3000 tim-manni,
1999 2952 2069 3003 qui

1233 3006 1360 3045 olim
1353 3019 1392 3045 m
1416 3007 1595 3060 Allgem
1610 3007 1873 3075 Schulzeitg.
1895 3019 1932 3049 a.
1947 3009 2068 3050 1830.

1233 3063 1343 3102 Sect.
1358 3065 1407 3103 ΙΙ.
1432 3063 1503 3104 sol.
1516 3066 1568 3104 41
1587 3065 1733 3104 verba:
1758 3058 1898 3105 ένεκα
1921 3076 2069 3117 φασιν

1234 3133 1284 3157 e
1276 3120 1530 3172 glossemate
1552 3128 1641 3161 orta
1669 3121 1890 3170 iudicavit,
1921 3129 2070 3175 postea

1233 3183 1371 3216 autem
1404 3177 1441 3216 in
1475 3177 1524 3220 N.
1555 3177 1700 3217 Rhein.
1732 3177 1841 3219 Mus.
1873 3191 1911 3221 a.
1946 3179 2068 3220 1846.

1232 3233 1328 3273 Vol.
1363 3235 1433 3276 IV.
1462 3246 1504 3286 p.
1528 3235 1611 3274 439
1632 3247 1695 3285 sq.
1726 3241 1764 3273 et
1792 3234 1835 3273 in
1861 3235 1955 3276 Ges.
1980 3235 2067 3274 Ab-

1232 3289 1374 3332 liandl.
1392 3291 1498 3343 p.80
1514 3303 1588 3343 pro
1608 3289 1756 3343 φασίν
1771 3291 1920 3343 reponi
1939 3292 2072 3332 voluit

1235 3346 1509 3399 φαίνονται,
1543 3348 1653 3398 quod
1685 3348 1893 3399 posterius
1916 3348 2067 3388 nollem

1236 3405 1287 3443 ab
1312 3416 1358 3443 eo
1383 3404 1426 3443 in
1450 3404 1632 3444 editione
1653 3403 1949 3444 Teubneriana
1971 3418 2069 3458 pro·

1235 3467 1357 3501 tenus
1379 3459 1539 3500 Platoni
1563 3467 1674 3501 esset
1695 3460 1925 3503 obtrusum.
