2158 3718
718 113 747 126 ⁸
795 113 1059 179 PHARDO
1089 149 1139 192 p.
1159 137 1256 178 116.

1794 134 1899 187 301

6 323 17 359 3
108 259 329 346 οὕτως,
378 274 530 340 ὅπως
575 272 648 329 ἄν
695 288 787 328 σοι
824 276 996 343 φίλον
1032 267 1071 345 ᾗ
1107 274 1203 327 καὶ
1238 273 1478 342 μάλιστα
1513 271 1623 343 ἡγῇ
1660 273 1901 342 νόμιμον
1918 285 2000 324 116

81 425 89 429 ,
115 359 277 416 εἶναι.

258 450 376 515 Cap.
414 448 555 522 LXV.
639 441 811 497 Ταῦτ’
860 441 1036 496 εἰπών
1085 444 1300 506 ἐκεῖνος
1344 442 1448 511 μὲν
1503 440 1766 495 ἀνίστατο
1826 442 1904 504 εἰς

111 528 322 599 οἴκημά
365 548 419 582 τι
465 526 541 591 ὥς
587 527 957 598 λουσόμενος,
1005 528 1100 581 καὶ
1146 523 1176 581 ὁ
1223 529 1449 597 Κρίτων
1498 526 1691 592 εἵπετο
1729 522 1902 595 αὐτῷ,

113 612 258 683 ἡμᾶς
313 610 368 666 δ’
427 613 653 671 ἐκέλευε
709 613 1047 682 περιμένειν.
1125 612 1528 681 περιεμένομεν
1589 603 1698 664 οὖν
1760 606 1902 679 πρὸς

35 746 43 753 .
112 696 257 768 ἡμᾶς
293 695 501 760 αὐτούς
539 697 928 766 διαλεγόμενοι
965 698 1094 767 περὶ
1129 699 1244 749 τῶν
1284 695 1594 766 εἰρημένων
1630 695 1725 748 καὶ
1763 692 1903 747 ἀνα-

112 785 490 850 σκοποῦντες,
537 782 662 858 τοτὲ
709 780 764 833 δ’
804 775 878 834 αὖ
926 782 1054 850 περὶ
1100 783 1197 849 τῆς
1244 780 1534 849 ξυμφορᾶς
1581 777 1901 846 διεξιόντες,

110 863 222 935 ὅση
271 865 407 936 ἡμῖν
455 874 723 934 γεγονυῖα
771 870 885 935 εἴη,
925 863 1168 934 ἀτεχνῶς
1203 864 1534 934 ἡγούμενοι,
1574 862 1755 934 ὥςπερ
1793 880 1903 915 πα-

111 947 245 1021 τρὸς
306 950 700 1020 στερηθέντες,
765 948 976 1013 διάξειν
1038 947 1281 1019 ὀρφανοὶ
1341 946 1441 1001 τὸν
1502 950 1692 1001 ἔπειτα
1751 949 1898 1016 βίον.

113 1032 310 1103 ἐπειδὴ
357 1034 420 1088 δὲ
470 1034 743 1087 έλούσατο
765 1075 781 1103 ,
833 1034 927 1086 καὶ
963 1030 1174 1102 ἠνέχθη
1213 1030 1348 1101 παρ’
1389 1029 1563 1085 αὐτὸν
1601 1030 1668 1084 τοὶ
1705 1032 1902 1084 παιδία
1931 1039 1964 1080 Β

111 1149 184 1158 --
227 1117 332 1171 δύο
379 1116 488 1187 γὰρ
538 1116 690 1187 αὐτῷ
737 1118 879 1180 υἱεῖς
928 1118 1156 1186 σμικροὶ
1193 1109 1370 1185 ἦσαν,
1412 1108 1491 1178 εἷς
1528 1115 1590 1168 δὲ
1626 1116 1797 1184 μέγας
1832 1147 1903 1157 --

111 1202 208 1255 καὶ
244 1202 308 1254 αἱ
340 1203 544 1255 οἰκεῖαι
579 1211 847 1269 γυναῖκες
883 1199 1177 1270 ἀφίκοντο,
1219 1201 1461 1263 ἐκείναις
1501 1200 1762 1253 ἐναντίον
1799 1204 1902 1253 τοῦ

174 1377 178 1386 ·
231 1358 337 1414 Cap.
366 1359 498 1403 LXV.
539 1360 586 1400 P.
621 1360 714 1402 116.
754 1360 800 1400 B.
842 1352 1105 1406 ἐκείναις
1143 1353 1446 1411 ἐναντίον]
1491 1356 1645 1404 &HT
1681 1350 1902 1400 ἐναντίον

114 1410 336 1464 ἐκείναις.
369 1416 490 1460 Bodl.
516 1429 579 1468 pr.
602 1429 659 1460 m.
683 1410 903 1458 ἐναντίον
930 1409 1128 1457 ἐκεῖναι.
1173 1415 1328 1456 Ordine
1357 1416 1525 1455 inverso
1549 1426 1690 1454 autem
1720 1408 1902 1456 ἐκεῖναι

112 1465 337 1515 ἐναντίον
368 1472 732 1517 PAQEGHIL.
773 1473 1022 1525 Legendum
1044 1473 1210 1513 videtur
1231 1464 1448 1519 ἐκείνοις,
1480 1471 1522 1511 h.
1548 1483 1583 1510 e.
1615 1483 1712 1511 cum
1734 1470 1830 1511 filiis
1852 1483 1902 1510 ao

116 1530 379 1570 mulieribus.

113 1655 215 1696 ferri
253 1656 360 1696 illud
408 1663 634 1710 propterea
683 1668 768 1696 non
808 1662 964 1708 potest,

110 1712 229 1763 quod
256 1712 336 1752 hoc
365 1714 540 1753 verbum
570 1712 623 1752 de
652 1713 815 1752 rebus
837 1724 965 1751 usur-

112 1769 207 1824 pari
227 1781 309 1809 non
328 1769 457 1812 solet.

169 1826 216 1868 P.
242 1826 339 1867 116.
381 1825 483 1892 Cap.
509 1824 646 1867 LXV.
685 1817 965 1866 οἷνίστατο

113 1877 200 1930 εἰς
229 1880 447 1935 οἴκημα
478 1878 552 1935 τι]
587 1881 627 1920 h.
654 1893 687 1920 e.
724 1882 966 1921 surrexit

110 1946 165 1978 et
202 1938 340 1978 abiit
377 1939 426 1977 in
460 1938 770 1977 cubiculum
800 1938 963 2003 quod-

112 1994 242 2035 dam.
274 1994 405 2037 Arist.
430 1994 541 2036 Plut.
567 1995 649 2034 683
672 1986 750 2034 ἐπὶ
772 2006 862 2045 την
884 1986 967 2045 χύ-

107 2064 230 2102 τραν
249 2044 339 2102 τὴν
359 2050 445 2104 τῆς
474 2043 666 2115 ἀθάρης
689 2044 965 2101 ἀνίσταμαι.

111 2105 214 2148 Eur.
247 2107 456 2149 Heracliti.
482 2108 536 2148 59
578 2104 880 2147 ανίστασθαί
915 2116 967 2145 σε

114 2157 204 2216 χρὴ
229 2158 296 2210 εἰς
316 2154 492 2216 Ἄργος.
534 2162 646 2202 Haec
670 2163 819 2202 eodem
842 2162 965 2200 modo

40 2228 43 2229 ’
114 2219 372 2270 explicanda
409 2225 523 2264 sunt,
563 2231 644 2269 quo
679 2218 965 2270 explicuimus

112 2288 158 2328 p.
181 2277 235 2316 57
254 2275 291 2314 A
313 2275 443 2314 verba
472 2267 805 2327 ἐπιχωριάζειν
829 2266 966 2326 Ἀθή-

114 2329 241 2381 ναζε.
283 2330 343 2370 De
382 2343 475 2371 voc.
507 2330 687 2383 οἴκημα
718 2343 819 2377 usu,
853 2330 967 2380 quod

115 2387 167 2428 de
209 2387 391 2439 singulis
432 2386 722 2426 aedificiorum
773 2386 965 2438 partibus

115 2443 225 2484 solet
245 2444 460 2497 usurpari,
491 2444 549 2482 ita
571 2449 616 2482 ut
637 2454 713 2495 pro
739 2443 856 2482 varia
878 2443 967 2481 sin-

111 2500 312 2552 gulorum
362 2500 550 2539 locorum
602 2499 764 2544 ratione
807 2499 966 2538 variam

113 2555 270 2596 habeat
290 2556 660 2608 significationem,
686 2555 963 2594 v.Valcke-

115 2624 223 2652 nar,
245 2612 301 2651 ad
323 2614 522 2653 Ammon.
543 2614 614 2651 III.
632 2613 659 2651 4
683 2618 722 2650 et
743 2611 966 2651 Dorvill.

112 2668 170 2708 ad
193 2663 350 2710 Charit.
380 2682 424 2722 p.
446 2670 543 2710 587.
587 2667 779 2707 Ceterum
804 2668 875 2717 qui
900 2668 962 2706 in·-

115 2732 298 2765 stantem
328 2734 506 2765 mortem
539 2725 846 2777 exspectabant
876 2723 962 2763 for-

113 2781 227 2832 titer,
251 2794 300 2822 se
320 2780 462 2821 lavare
491 2781 774 2821 consuevisse
810 2781 966 2820 docent

115 2836 448 2879 Kirchmann.
480 2837 541 2877 De
570 2837 659 2876 fun.
695 2838 723 2878 1.
748 2838 800 2877 10
829 2844 869 2875 et
897 2837 965 2875 in-

115 2898 254 2946 terpp.
276 2894 332 2933 ad
351 2893 453 2936 Eur.
474 2895 630 2934 Alcest.
647 2894 740 2934 159.
766 2893 964 2932 Potter.

116 2948 343 2991 Archaeol.
367 2950 436 2990 lV.
459 2952 503 2990 3.
526 2971 578 2977 ——
605 2949 764 2988 Deinde
795 2949 964 3012 pLenius

117 3005 199 3044 dici
221 3013 406 3056 poterat:
427 3000 769 3057 περιεμένομεν
786 3017 873 3045 ουν
890 3017 964 3047 το-

118 3055 167 3101 τὲ
197 3055 285 3111 μὲν
312 3053 429 3113 πρὸς
465 3054 592 3114 ἡμᾶς
622 3053 799 3107 αὐτοὺς
829 3058 873 3100 ὃ.
913 3081 966 3088 -

117 3111 224 3158 τοτὲ
247 3111 303 3157 δέ
319 3138 387 3160 —.
414 3116 498 3157 Sed
517 3111 620 3157 τοτὲ
637 3112 726 3170 μέν
742 3123 839 3155 ante
861 3113 965 3156 τοτὲ

116 3168 174 3213 δέ
217 3173 351 3212 omitti
392 3173 519 3224 solet,
553 3172 911 3223 quemadmodum
940 3165 965 3212 ὁ

95 3232 99 3241 ’
118 3224 206 3282 μέν
227 3238 324 3268 ante
346 3221 371 3270 ὁ
394 3225 448 3270 δέ
470 3230 605 3268 omitti
627 3229 765 3267 solere
785 3234 964 3270 constat.

118 3298 162 3327 v.
191 3285 463 3325 Hermann.
495 3286 547 3324 ad
572 3285 715 3336 Viger.
748 3297 790 3337 p.
814 3285 895 3325 768
926 3290 966 3323 et

119 3341 391 3384 Heindorf.
417 3343 470 3381 ad
493 3341 534 3382 h.
558 3341 583 3381 l.

178 3396 224 3437 Β.
259 3392 362 3438 δύο
383 3391 488 3452 γὰρ
518 3390 671 3453 αὐτῷ
702 3390 871 3449 υἱεῖς]
897 3393 959 3436 cf.

105 3452 175 3492 ead
194 3453 320 3507 Apol.
343 3453 461 3497 Socr.
484 3467 527 3507 p.
550 3456 604 3494 34
627 3454 673 3496 D.

1106 1651 1208 1695 καὶ
1250 1649 1312 1694 αἱ
1349 1649 1571 1694 οἰκεῖαι
1620 1655 1902 1707 γυναῖκες

1050 1702 1170 1764 οἷφ.]
1203 1709 1284 1758 Qui
1313 1709 1499 1750 fabulam
1530 1710 1583 1750 de
1613 1710 1801 1763 digamia
1822 1709 1900 1750 So-

1050 1768 1175 1806 cratis
1205 1779 1283 1819 pro
1323 1779 1424 1806 vera
1460 1766 1699 1807 habuerunt
1745 1766 1903 1805 creduli

1050 1823 1368 1862 mendaciorum
1397 1823 1586 1875 patroni,
1616 1823 1645 1861 ii
1675 1821 1754 1862 hoc
1778 1823 1903 1861 etiam

1050 1880 1141 1918 loco
1185 1880 1307 1918 abusi
1347 1885 1446 1918 sunt
1486 1879 1541 1918 ad
1579 1890 1752 1917 causam
1782 1890 1904 1918 suam

1051 1935 1382 1975 defendendam.
1448 1936 1491 1973 [n
1533 1935 1684 1974 horum
1726 1946 1901 1974 numero

1052 2004 1146 2031 esse
1169 1991 1333 2030 mireris
1356 1991 1482 2030 etiam
1513 2003 1728 2031 summum
1751 1991 1902 2039 virum,

1051 2048 1230 2087 Tiber.
1252 2046 1732 2094 Hemsterhusium,
1754 2047 1827 2098 qui
1848 2047 1904 2086 ad

1051 2104 1228 2147 Lucian,
1270 2103 1474 2155 Halcyon.
1512 2104 1558 2145 T.
1592 2105 1624 2143 Ι.
1665 2115 1708 2155 p.
1741 2104 1823 2144 184
1862 2111 1904 2142 et

1052 2160 1234 2201 praefat.
1256 2172 1297 2212 p.
1322 2159 1523 2201 XXXul.
1551 2172 1604 2199 ex
1624 2159 1690 2199 his
1712 2159 1902 2199 Platonis

1053 2216 1195 2255 verbis
1213 2216 1371 2254 clarum
1387 2229 1480 2255 esse
1497 2216 1728 2255 arbitratur
1746 2223 1903 2254 utram-

1052 2285 1135 2323 que
1155 2284 1349 2322 uxorem,
1380 2271 1658 2324 Xanthippeu
1683 2278 1722 2310 et
1743 2271 1903 2323 Myrto—

1052 2341 1175 2379 nem,
1207 2329 1355 2367 marito
1396 2329 1669 2381 superstitem
1700 2328 1900 2367 vixissse.

1051 2386 1119 2424 Ad
1160 2397 1284 2435 quam
1316 2397 1403 2423 rem
1434 2384 1790 2436 comprobandam
1830 2383 1903 2423 ille

1052 2440 1133 2481 hoc
1156 2442 1287 2479 utitur
1308 2448 1573 2493 argumento,
1602 2449 1644 2479 ut
1666 2442 1902 2493 γυναῖκας

1052 2498 1165 2536 dicat
1186 2510 1261 2549 per
1283 2509 1479 2537 uxores
1503 2498 1657 2536 debere
1681 2497 1901 2549 explicari.

1052 2553 1185 2601 Quam
1207 2554 1283 2591 viri
1304 2554 1538 2593 doctissimi
1560 2554 1812 2593 senteutiam
1834 2554 1900 2592 [ο.

1050 2610 1317 2649 Luzacius
1356 2610 1398 2648 in
1429 2610 1702 2649 Lectionibus
1734 2608 1902 2658 Atticis,

1051 2666 1091 2704 in
1117 2678 1199 2716 quo
1225 2665 1327 2704 libro
1353 2673 1484 2705 totam
1515 2666 1633 2704 illam
1655 2666 1708 2705 de
1732 2664 1903 2705 Socrate

1051 2722 1239 2762 fabulam
1282 2722 1604 2774 diligentissime
1644 2722 1906 2761 examinavit

1052 2786 1093 2817 et
1122 2778 1381 2818 doctissimis
1411 2779 1677 2830 argumentis
1709 2777 1901 2817 confuta-

1051 2835 1123 2883 vit,
1148 2847 1191 2886 p.
1216 2835 1269 2875 38
1281 2847 1372 2885 sqq.
1398 2836 1454 2874 ita
1476 2835 1706 2887 redarguit,
1731 2842 1777 2874 ut
1798 2835 1904 2874 stul-

1050 2898 1120 2930 tus
1151 2891 1206 2930 sit
1235 2892 1308 2940 qui
1336 2903 1425 2929 eam
1458 2904 1568 2930 nunc
1592 2890 1905 2930 defendendam

1054 2947 1274 2998 suscipiat.
1303 2947 1454 2986 Docuit
1475 2956 1617 2986 autem
1637 2947 1903 2998 Luzacius

1054 2999 1236 3050 οἰκείας
1296 3006 1530 3056 γυναῖκας
1552 3028 1561 3033 -
1582 3016 1675 3042 esse
1731 3002 1902 3041 omniuo

1053 3059 1305 3099 mulieres
1329 3060 1388 3098 de
1418 3061 1568 3100 domo
1594 3066 1642 3098 et
1671 3058 1899 3107 familia,

1054 3114 1283 3154 feminas
1324 3117 1663 3169 propinquas
1698 3114 1776 3153 vel
1809 3114 1903 3152 do—

1053 3172 1323 3214 mesticas.
1347 3171 1450 3212 Nam
1468 3173 1697 3215 Platonem,
1717 3170 1753 3208 si
1776 3181 1900 3208 uxo-

1054 3240 1139 3267 res
1170 3228 1377 3267 voluisset
1412 3227 1623 3278 intellegi,
1656 3225 1903 3277 simpliciter

1054 3284 1188 3324 fuisse
1211 3285 1418 3323 dicturum
1441 3278 1526 3330 τὰς
1546 3284 1797 3335 γυναῖκας,
1818 3292 1898 3320 non

1055 3332 1141 3387 τὰς
1163 3335 1345 3387 οἰκείας
1368 3343 1615 3393 γυναῖκας.
1644 3339 1795 3377 lisdem
1818 3337 1904 3375 sere

1055 3398 1289 3435 rationibus
1311 3397 1344 3436 H
1359 3411 1379 3434 e
1394 3409 1429 3434 m
1444 3395 1586 3435 sterh
1600 3394 1700 3432 usii
1731 3402 1906 3433 senten-

1050 3453 1150 3491 tiam
1170 3452 1431 3506 impugnavit
1447 3449 1720 3491 Heindorf.
1739 3450 1793 3489 ad
1810 3448 1851 3491 h.
1873 3449 1904 3487 1.
