2158 3718
730 135 813 179 AD
843 135 1263 180 PHAEDONEM.
1855 141 1884 193 7

129 287 245 331 tem
286 279 587 331 meditari
652 280 755 329 Hoc
797 285 958 329 autern
1003 281 1105 330 veri
1150 281 1467 344 germanique
1509 279 1785 346 philosophi
1822 284 1884 333 ita

128 353 333 409 faciunt,
361 367 569 417 quorum
595 351 689 400 hoc
714 366 891 400 munus
919 357 966 400 et
991 351 1205 401 officium
1232 366 1338 400 esse
1365 350 1500 400 solet.
1539 352 1611 401 Ex
1638 367 1734 416 quo
1754 361 1886 403 certe

127 425 440 488 perspicuum
475 423 528 471 fit
563 421 707 486 plane
742 421 1003 471 lidiculum
1041 422 1171 478 fore,
1210 423 1250 470 si
1287 423 1395 486 quis
1430 428 1587 472 morte
1621 426 1883 488 appropin-

126 500 302 559 quante
333 493 638 557 indignetur;
676 493 772 542 imo
798 495 899 542 veri
934 499 1065 542 certe
1090 492 1366 558 philosophi
1391 493 1607 543 volentes
1633 509 1688 544 ac
1714 494 1884 544 luben-

127 572 198 615 tes
232 566 347 614 hinc
381 563 656 620 discedent,
695 564 874 628 quippe
914 570 1165 629 sperantes
1201 579 1308 614 sese
1351 564 1446 613 iam
1483 564 1532 612 id
1570 580 1677 614 esse
1713 581 1886 616 conse-

125 642 349 692 cuturOS,
377 635 507 700 quod
533 634 625 682 sihi
651 649 739 698 per
766 640 912 683 totam
941 635 1082 684 vitam
1109 635 1459 684 studiosissime
1487 636 1790 699 expetierint.
1818 667 1886 672 —

125 705 284 763 Quare
309 707 350 755 si
377 720 521 769 quem
547 705 719 754 videtis
739 711 947 755 mortem
977 709 1173 761 timere,
1202 706 1332 755 hunc
1357 721 1420 755 ne
1447 705 1677 755 dubitetis
1703 706 1887 758 hahere

122 779 285 841 potius
320 773 715 842 φιλοσώματον
751 791 895 840 quam
940 774 1275 842 φιλόσοφον.
1337 775 1619 827 Cuiusmodi
1662 777 1886 829 homines

123 849 267 897 sicuti
301 862 398 896 non
424 854 630 911 possunt
662 849 918 910 pervenire
943 847 1000 896 ad
1030 848 1270 896 sinceram
1303 849 1513 896 veritatis
1540 849 1884 911 cognitionem,

123 920 186 968 ita
212 934 303 968 nec
329 920 558 968 virtutem
586 918 751 967 colunt
777 932 940 967 veram
967 933 1153 982 suoque
1180 920 1376 967 nomine
1403 918 1614 981 dignam.
1655 920 1774 969 Nam
1805 922 1888 985 qui

122 991 249 1039 inter
277 1004 364 1038 eos
403 989 554 1038 fortes
582 988 849 1045 habentur,
886 989 920 1037 ii
958 1003 1067 1037 cum
1103 995 1310 1037 mortem
1346 989 1395 1036 in
1422 990 1610 1052 magnis
1634 989 1774 1040 malis
1799 992 1887 1040 du-

121 1068 254 1116 cant,
293 1075 414 1124 prae
448 1065 578 1108 metu
618 1060 853 1108 maiorum
892 1065 1081 1107 tantum
1107 1058 1345 1108 malorum
1373 1064 1581 1108 mortem
1609 1059 1776 1110 subire
1802 1077 1886 1111 au-

119 1131 256 1188 dent,
301 1137 354 1179 ut
394 1145 512 1194 prae
554 1130 813 1179 timiditate
849 1136 895 1179 et
931 1131 1120 1193 ignavia
1157 1129 1308 1178 fortes
1343 1131 1464 1188 sint,
1510 1130 1559 1179 id
1597 1131 1726 1195 quod
1770 1147 1888 1182 sane

119 1216 353 1266 perquam
404 1199 670 1250 absurdum
715 1206 800 1249 est.
874 1202 941 1250 Ac
985 1202 1167 1264 pariter
1213 1202 1356 1250 etiam
1399 1201 1457 1257 ii,
1504 1202 1588 1266 qui
1631 1202 1758 1251 inter
1806 1218 1888 1252 eos

120 1273 341 1322 videntur
378 1277 706 1336 temperantes
743 1286 847 1320 esse
884 1287 940 1320 ac
974 1271 1205 1329 modesti,
1251 1286 1422 1320 revera
1467 1277 1671 1335 propter
1711 1274 1887 1323 intem-

119 1344 388 1408 perantiam
423 1342 589 1392 colunt
622 1343 1011 1406 temperantiam,
1053 1343 1232 1406 quippe
1269 1358 1380 1391 cum
1419 1340 1523 1390 aliis
1560 1342 1888 1408 voluptatibus

119 1414 414 1470 abstineant,
453 1419 507 1462 ut
542 1428 603 1462 ne
630 1412 735 1462 aliis
759 1414 915 1478 iisque
943 1413 1213 1462 maioribus
1239 1416 1506 1476 priventur.
1558 1412 1686 1463 Talis
1723 1420 1886 1464 autem

119 1486 269 1534 virtus
301 1500 411 1534 cum
449 1486 587 1549 quasi
623 1491 897 1533 mercatura
935 1484 1141 1548 quadam
1180 1485 1487 1533 contineatur
1518 1498 1678 1548 neque
1703 1487 1886 1535 nitatur

117 1556 373 1619 sapientia,
413 1571 537 1620 quae
571 1570 667 1604 una
707 1561 781 1604 est
805 1554 1104 1619 reliquarum
1130 1556 1363 1604 virtutum
1391 1556 1611 1604 omnium
1637 1560 1886 1620 tamquam

116 1627 345 1690 magistra
372 1626 608 1691 quaedam
631 1632 776 1691 atque
801 1627 985 1689 regina,
1014 1641 1185 1675 revera
1211 1626 1332 1674 nibil
1353 1631 1423 1675 est
1443 1625 1569 1675 aliud
1597 1626 1691 1676 nisi
1716 1627 1887 1677 adum-

118 1697 254 1747 brata
298 1697 535 1762 quaedam
578 1698 767 1746 virtutis
817 1698 1007 1761 species
1057 1697 1317 1746 admodum
1365 1696 1555 1747 servilis
1600 1702 1648 1746 et
1697 1697 1884 1748 abiecta

117 1767 332 1834 nihilque
366 1769 470 1816 sani
509 1783 564 1818 ac
591 1769 691 1817 veri
716 1769 767 1816 in
794 1783 845 1818 se
873 1769 1142 1817 continens.
1193 1769 1384 1833 Quippe
1409 1783 1523 1818 vera
1550 1769 1725 1827 virtuS,
1763 1774 1885 1819 tem-

117 1840 349 1903 perantia,
377 1839 573 1895 iustitia,
601 1839 834 1888 fortitudo
863 1845 911 1889 et
935 1840 1039 1903 ipsa
1067 1840 1327 1904 sapientia,
1359 1854 1484 1903 quae
1512 1844 1582 1888 est
1609 1845 1882 1890 ceterarum

116 1912 346 1960 virtutum
374 1911 591 1959 omnium
613 1909 708 1958 dux
731 1915 875 1973 atque
901 1911 1147 1974 princepS,
1177 1911 1217 1958 si
1242 1925 1412 1959 verum
1439 1911 1735 1974 quaerimus,
1765 1911 1884 1960 nihil

116 1987 189 2031 est
213 1980 340 2030 aliud
367 1996 511 2046 quam
540 1982 690 2029 animi
722 1981 957 2045 quaedam
996 1996 1020 2030 a
1058 1980 1234 2029 talibus
1270 1981 1419 2030 rebus
1456 1982 1705 2044 purgati0‚
1743 1983 1885 2032 sicuti

115 2053 461 2117 mysteriorum
487 2051 765 2100 conditores
792 2051 976 2101 dudum
1001 2051 1339 2115 prodiderunt.
1378 2052 1547 2115 Itaque
1575 2066 1664 2115 ego
1691 2068 1884 2117 semper

116 2123 163 2172 id
199 2124 299 2186 egi,
343 2128 398 2171 ut
439 2124 487 2171 in
521 2137 749 2171 verorum
785 2122 1188 2185 philosophorum
1224 2136 1430 2171 numero
1466 2122 1691 2171 haberer.
1744 2124 1884 2182 Quod

117 2209 232 2242 num
269 2199 404 2242 recte
440 2199 638 2242 secutus
675 2194 791 2250 sim,
826 2208 941 2241 mox
975 2194 1209 2249 sciemUS,
1247 2192 1331 2241 ubi
1355 2191 1471 2242 illuc
1497 2194 1882 2257 pervenerimus,

116 2264 307 2313 Etenim
336 2271 468 2313 certa
497 2278 574 2312 me
601 2278 712 2327 spes
738 2270 872 2313 tenet
890 2265 1109 2312 futurum
1138 2278 1258 2319 esse,
1287 2269 1340 2312 ut
1365 2264 1493 2328 apud
1521 2264 1703 2313 inferos
1730 2264 1882 2314 multo

117 2336 375 2384 certiorem
409 2333 781 2399 plenioremque
826 2348 1099 2396 consequar
1146 2335 1357 2383 veritatis
1402 2335 1751 2397 cognitionem,
1804 2337 1884 2385 cui

70 2413 74 2416 ’
115 2421 194 2454 me
229 2406 380 2454 nostis
415 2420 504 2468 per
539 2411 689 2454 totam
725 2407 868 2454 vitam
896 2405 1162 2461 studuisse,
1197 2410 1243 2453 et
1269 2405 1492 2454 dominos
1523 2411 1667 2469 atque
1701 2406 1883 2455 amicos

118 2477 259 2526 etiam
294 2475 391 2525 illic
426 2475 633 2525 habeam
661 2477 886 2540 optimos.
940 2476 1071 2525 Haec
1096 2477 1242 2539 igitur
1268 2482 1405 2532 sunt,
1443 2490 1567 2539 quae
1593 2478 1688 2526 mei
1715 2476 1881 2527 defen-

116 2547 261 2596 dendi
308 2561 452 2596 causa
489 2547 617 2611 apud
652 2562 760 2604 vo5,
808 2564 834 2595 0
870 2546 1011 2604 boni,
1060 2547 1263 2596 dicenda
1308 2546 1627 2604 videbantur;
1677 2563 1799 2612 quae
1842 2550 1883 2597 si

116 2617 253 2667 vobis
280 2617 482 2681 probata
509 2618 713 2675 fuerint,
743 2619 925 2681 optime
951 2618 1134 2667 factum
1160 2617 1440 2667 arbitrabor
1455 2616 1506 2683 1).

257 2688 391 2746 Quae
442 2696 697 2753 postquam
754 2690 979 2739 Socrates
1037 2688 1319 2753 disputavit,
1365 2690 1578 2753 primum
1632 2688 1786 2739 Cebes
1839 2691 1883 2739 ei

116 2758 392 2823 respondit:
433 2759 603 2808 Cetera
641 2761 861 2823 quidem,
900 2775 927 2808 o
956 2760 1181 2816 Socrate,
1219 2774 1342 2822 quae
1369 2760 1557 2817 dixisti,
1594 2759 1737 2823 plane
1762 2761 1882 2809 mihi

117 2829 387 2892 probantur
422 2836 469 2878 et
504 2832 698 2894 egregie
725 2831 949 2879 videntur
976 2830 1218 2894 disputata
1255 2845 1374 2880 esse.
1427 2830 1523 2880 Sed
1559 2831 1674 2893 quid
1719 2833 1880 2879 animo

118 2900 335 2950 futurum
364 2900 424 2947 sit
449 2914 476 2948 a
503 2915 712 2964 corpore
738 2907 993 2965 segregato
1030 2907 1076 2950 et
1102 2901 1343 2951 disiuncto
1361 2940 1372 2957 ,
1409 2901 1459 2950 id
1495 2901 1693 2965 quidem
1718 2901 1882 2951 multis

118 2971 401 3034 magnisque
437 2970 708 3020 subiectum
744 2979 817 3022 est
854 2972 1249 3022 dubitationibus,
1302 2971 1456 3035 Vulgo
1485 2973 1613 3021 enim
1640 2978 1877 3028 metuunt,

117 3056 178 3090 ne
206 3057 232 3090 e
258 3055 466 3104 corpore
493 3042 732 3091 excedens
758 3044 948 3103 animus
975 3050 1219 3106 tamquam
1246 3042 1424 3092 halitus
1444 3050 1526 3092 aut
1553 3042 1714 3092 fumus
1741 3043 1878 3092 dissi-

116 3118 259 3177 petur
285 3118 430 3175 atque
454 3114 646 3174 penitus
673 3120 940 3163 evanescat.
991 3114 1158 3178 ltaque
1194 3114 1522 3163 necessarium
1552 3119 1648 3172 est,
1686 3119 1739 3163 ut
1764 3129 1879 3177 pro-

120 3184 260 3232 betur
295 3183 593 3244 argumentis
633 3199 743 3233 eum
781 3186 923 3234 etiam
964 3191 1071 3248 post
1106 3191 1312 3234 mortem
1342 3185 1563 3248 corporis
1588 3186 1652 3233 ita
1678 3199 1879 3234 manere

117 3254 453 3317 superstitem,
491 3261 544 3302 ut
579 3255 622 3302 vi
650 3254 777 3303 vitali
814 3262 861 3304 et
893 3255 1223 3320 intellegentia
1259 3255 1460 3320 polleat3
1499 3256 1698 3320 eiusque
1722 3257 1818 3311 rei,
1849 3270 1876 3303 o

119 3325 344 3381 Socrate,
381 3324 420 3372 si
456 3340 599 3389 quam
626 3331 764 3374 tenes
790 3326 1161 3390 explicationem
1189 3333 1236 3377 et
1261 3327 1747 3383 demonstrationem,
1789 3338 1878 3387 age

232 3480 271 3532 1)
306 3481 354 3519 P.
388 3482 441 3520 64
472 3482 506 3519 B
539 3503 593 3508 —
623 3482 675 3520 oo
706 3481 757 3521 Ε.
