2158 3718
204 245 269 293 :63

311 95 411 147 144
924 93 1402 148 PLATONIS

309 246 588 316 φίσασθτ,
652 240 795 297 ἄλλα
857 248 914 296 τὲ
956 263 1052 312 μοι
1099 240 1272 296 πολλὰ
1315 243 1714 314 ξυμβάλλεται,
1775 245 1869 298 καὶ
1911 243 2011 300 οὐκ

315 324 648 382 ἀνέλπιστόν
691 349 788 397 μοι
832 335 1020 396 γέγονε
1066 325 1129 381 τὸ
1178 327 1405 395 γεγονὸς
1446 331 1634 390 τοῦτο,
1678 325 1825 381 ἀλλὰ
1866 326 2013 384 πολὺ

306 415 523 482 μᾶλλον
568 410 846 481 θαυμάζω
893 417 1163 480 ἑκατέρων
1204 414 1316 465 τῶν
1343 410 1553 488 ψήφων
1599 409 1700 466 τὸν
1743 409 2018 480 γεγονότα

313 579 440 618 Bodl.
471 577 608 618 Coisl.
643 577 749 617 Ven.
781 576 865 617 Ab.
895 578 995 617 Vat.
1035 579 1167 618 Yiud.
1210 577 1253 620 1.
1291 577 1334 621 4.
1374 578 1415 621 6.
1454 579 1577 620 Elor.
1609 591 1648 619 a.
1681 579 1723 618 b.
1756 591 1793 618 c.
1825 579 1869 622 d.
1901 591 1940 619 e.
1969 579 2022 618 h.

309 636 411 675 Zitt.
442 636 560 686 Ang.
598 634 697 674 Par.
734 633 950 674 BCDEH.
985 635 1125 687 Vulgo
1157 641 1273 676 erat:
1295 683 1298 686 Δ
1324 632 1397 685 Τὸχ
1431 636 1507 686 μὲν
1541 630 1622 677 οὖν
1651 634 1708 689 μὴ
1742 631 1808 688 dy.
1875 634 2016 677 Verba

311 691 376 733 ὅτι
424 706 509 741 μου
563 691 943 744 κατεψηφίσασθεε
995 698 1202 745 tanquam
1255 694 1474 746 glossema
1523 695 1686 734 delevit
1729 693 2015 746 Hirschig.

311 752 476 791 iniuria
505 751 706 802 quiderm
744 750 922 801 gravius
965 751 1082 791 enim
1119 751 1308 791 efferunt
1339 753 1460 804 quod
1490 754 1735 792 indicatum.
1761 759 1829 791 est
1867 751 2014 792 verbis

311 808 378 847 ἐπὶ
411 809 469 862 τῷ
498 804 708 861 γεγονότι.

428 923 478 964 P.
510 921 581 965 36.
626 921 676 961 εἰ
703 918 989 975 τριάκοντα
1019 919 1210 976 μόναι]
1253 924 1327 964 Sic
1364 924 1494 964 Bodl.
1523 926 1635 965 Ven.
1666 927 1707 966 b.
1740 927 1843 968 Vat.
1878 925 2016 966 Vind-

312 981 353 1023 1.
394 981 436 1023 6.
466 981 588 1020 Flor.
629 993 668 1020 a.
702 993 736 1020 c.
768 993 810 1032 g.
843 982 886 1021 h.
920 982 948 1021 i.
982 981 1084 1022 Par.
1122 980 1274 1022 BCDS
1318 995 1414 1022 cum
1454 983 1522 1024 ed.
1552 983 1656 1024 Bas.
1701 984 1740 1026 2.

314 1043 425 1090 τρεῖς
453 1035 595 1088 μόναι.

315 1156 498 1197 crimine
556 1154 789 1194 damnatus
841 1161 958 1206 erat,
1005 1156 1126 1195 cuius

321 1225 419 1253 eum
460 1212 649 1252 Meletus
691 1218 986 1255 accusaverat.
1049 1213 1126 1252 Se-

320 1277 420 1311 cuta
451 1271 567 1310 enim
599 1282 715 1310 nunc
746 1276 812 1310 est
842 1284 963 1310 more
995 1277 1038 1311 et
1058 1273 1126 1310 in-

320 1331 474 1370 stituto
532 1329 797 1368 iudiciorum
861 1329 1126 1379 Atticorum,

322 1389 376 1428 de
409 1399 496 1439 quo
528 1399 570 1425 v.
610 1387 739 1426 etiam
773 1386 882 1441 Cic.
916 1388 969 1427 de
1001 1386 1124 1427 Orat.

321 1447 356 1485 I.
390 1444 477 1494 54„
509 1442 975 1495 poenae‘aestimatio.
1022 1445 1127 1484 Ete-

324 1505 413 1543 nim
445 1504 532 1542 duo
563 1501 743 1543 fuerunt
773 1514 1024 1543 caussarum
1052 1516 1127 1555 ge-

323 1574 445 1610 nera,
467 1561 651 1599 alterum
671 1555 884 1612 ἀτίμητον,
918 1563 955 1601 si
984 1574 1130 1612 poena

322 1619 494 1671 legibus
526 1623 641 1658 esset
661 1621 912 1668 constituta,
943 1619 1130 1659 alterum
1160 1624 1165 1627 “

325 1673 517 1728 τιμητόν,
551 1677 587 1715 si
619 1677 839 1716 iudicibus
870 1678 1130 1728 permissum

324 1741 441 1775 esset
469 1746 662 1786 poenam
699 1735 872 1784 legibus
903 1748 993 1774 non
1025 1735 1130 1776 defi-

323 1794 460 1833 nitam
491 1797 696 1834 statuere.
753 1793 1018 1833 Posterioris
1057 1806 1130 1844 ge-

323 1851 442 1891 neris
470 1850 548 1889 'ubi
570 1861 726 1890 caussa
743 1856 852 1901 erat,
885 1851 969 1891 hoc
996 1852 1127 1891 modo

322 1921 391 1948 res
423 1908 730 1960 peragebatur.
796 1908 1035 1960 Postquam
1059 1921 1130 1949 ac-

325 1971 502 2007 cusator
544 1971 589 2004 et
617 1978 718 2005 reus
749 1966 886 2006 verba
918 1967 1128 2016 fecerant,

322 2024 491 2065 iudices
521 2024 675 2075 primis
694 2024 924 2064 sententiis
947 2026 1126 2064 omnino

323 2082 594 2129 statuebant,
629 2082 888 2121 damnarent
921 2095 1043 2123 reum
1064 2095 1128 2132 ,an

325 2136 619 2181 absolverent.
678 2138 852 2180 Deinde
870 2140 1005 2181 fiebat
1023 2152 1129 2192 poe-

324 2211 407 2238 nae
437 2197 709 2244 aestimatio,
738 2197 780 2239 h.
814 2210 850 2237 e.
889 2199 1131 2250 iuterroga-

326 2257 454 2297 batur
487 2268 604 2306 reus,
638 2267 769 2307 quam
798 2268 986 2306 poenam
1017 2269 1134 2296 com-

325 2313 539 2354 meruisse
586 2325 632 2353 se
677 2314 866 2354 maxime
909 2315 1134 2363 fateretur,

327 2384 495 2422 eamne,
515 2384 647 2423 quam
665 2376 895 2412 accusator
906 2373 1135 2421 voluisset,

327 2443 385 2470 an
430 2430 560 2469 aliam
611 2430 864 2468 iustiorem:
917 2431 964 2470 id
998 2430 1136 2499 quod

328 2488 555 2528 dicebatur
607 2485 813 2535 τιμᾶσθαι
858 2488 929 2526 vel
983 2481 1133 2527 ἀντιτι-

328 2543 509 2595 μᾶσθαι.
552 2557 591 2583 v.
622 2543 812 2584 Meier.
862 2549 904 2585 et
934 2542 1133 2586 Schoe-

330 2615 503 2643 mann.
547 2602 575 2643 1.
609 2615 644 2641 c.
687 2615 730 2653 p.
763 2599 847 2644 724
877 2615 972 2654 sqq.
1034 2601 1132 2650 Quo

332 2661 449 2700 facto
491 2659 656 2699 iudices
698 2660 902 2699 iterum
933 2659 1136 2700 ferebant

333 2717 587 2766 sententias,
619 2729 904 2768 caussamque
930 2717 1135 2758 decerne-

331 2776 450 2816 bant.
512 2774 581 2813 De
612 2774 846 2826 generibus
884 2786 1136 2816 caussarum

335 2827 544 2886 ἀτιμήτων
574 2837 617 2871 et
648 2831 827 2883 τιμητῶν
857 2827 1137 2884 disputarunt

334 2890 606 2931 Heraldus
644 2889 774 2930 Obss.
823 2890 880 2929 ad
923 2891 950 2930 Ι.
994 2893 1052 2931 A.
1093 2898 1136 2932 et

334 2948 388 2988 R.
427 2948 516 2988 III.
556 2948 596 2990 2.
637 2945 915 2987 Matthiae
946 2949 1134 2990 Mis'cell.

336 3007 560 3058 Philolog.
603 3005 694 3046 Vol.
742 3005 778 3044 I.
826 3017 869 3057 p.
916 3005 1002 3049 275
1040 3020 1134 3060 sqq,

334 3065 528 3104 Meier.
580 3064 634 3103 de
681 3063 810 3103 bonis
857 3063 1047 3105 damnat.
1091 3079 1135 3119 p.

334 3121 420 3164 152
461 3135 556 3175 sqq.
615 3120 806 3161 Meier.
851 3126 893 3161 et
941 3121 1136 3164 Schoe-

335 3192 507 3220 mann.
551 3184 654 3220 Att.
708 3182 854 3219 Proc.
906 3193 947 3231 p.
995 3181 1137 3224 171-

337 3237 436 3281 193.
471 3260 527 3282 ,--
587 3235 732 3284 Quum
779 3249 884 3276 vero
932 3237 1136 3280 Socrates

336 3295 573 3349 impietatis
613 3294 748 3336 fuerit
785 3300 1037 3347 accusatus,
1088 3295 1159 3338 id·

340 3353 458 3406 quod
476 3354 572 3406 ipse
593 3353 759 3397 indicat
777 3352 947 3396 verbis:
975 3351 1031 3406 μὴ
1052 3350 1134 3395 οὖν

1811 983 1950 1035 Vulgo
1980 996 2017 1022 ει

1212 1149 1386 1224 ἀξιοῦτέ
1413 1167 1464 1204 με
1503 1178 1540 1182 ——
1583 1170 1758 1211 τοιαιτᾳ
1789 1155 1876 1198 δεῖν
1907 1154 2020 1208 πρὸς

1217 1207 1325 1261 imis*
1385 1210 1580 1264 πράττειν
1640 1239 1692 1244 --
1742 1204 2020 1266 ἀσεβείας

1215 1267 1319 1323 φεῖ)
1320 1284 1433 1309 οντα
1477 1265 1565 1310 ὑπὸ
1598 1270 1798 1325 ,Μελήτου
1831 1272 2019 1320 τουτουΐ,

1214 1329 1439 1380 quaeiitur
1478 1328 1597 1368 haud
1635 1331 1876 1381 immerito,
1916 1343 2020 1371 num

1211 1387 1290 1426 illa
1320 1387 1541 1427 accusatio
1581 1388 1638 1427 ad
1669 1401 1807 1439 genus
1844 1400 2022 1429 caussa-

1213 1457 1310 1484 rum
1342 1444 1523 1496 τιμητῶν
1551 1447 1832 1496 pertinuerit,
1867 1458 2020 1487 necne.

1215 1501 1331 1542 Nam
1362 1502 1492 1542 facile
1537 1504 1635 1554 quis
1677 1505 1921 1556 suspicetur
1953 1517 2022 1545 ca-

1213 1561 1319 1612 pitis
1345 1573 1537 1612 poenam
1573 1561 1615 1600 in
1647 1563 1813 1613 patriae
1843 1563 2022 1615 religio-

1214 1619 1282 1658 nis
1314 1619 1592 1658 adversarios
1616 1620 1771 1671 utique
1789 1619 1927 1661 fuisse
1959 1622 2023 1660 le-

1216 1676 1344 1727 gibus
1401 1677 1706 1727 constitutam,
1765 1679 2023 1730 praesertim

1218 1738 1350 1786 quum
1380 1735 1530 1787 plures
1547 1735 1737 1776 sciamus
1755 1742 1896 1776 morte
1911 1736 2022 1776 mul-

1215 1797 1332 1831 tatos
1365 1805 1482 1839 esse,
1522 1793 1596 1844 qui
1637 1792 1877 1845 impietatis
1915 1794 2024 1835 fnis-

1214 1855 1312 1889 sent
1330 1850 1537 1890 accusati.
1590 1850 1747 1891 Verum
1767 1853 1882 1892 enim
1902 1855 2022 1899 vero,

1215 1908 1336 1959 quod
1367 1920 1421 1947 ex
1439 1908 1521 1947 hac
1540 1905 1737 1949 Socratis
1764 1910 2025 1954 defensione

1216 1966 1439 2015 discimus,
1470 1966 1561 2005 litis
1593 1967 1942 2007 aestimationem
1975 1968 2023 2008 in

1216 2035 1371 2063 caussa
1387 2024 1626 2076 impietatis
1642 2025 1783 2064 locum
1802 2025 2022 2076 habuisse,

1214 2081 1261 2119 id
1301 2082 1446 2132 ipsum
1484 2085 1671 2121 testatur
1722 2084 1853 2123 etia'm
1897 2083 2023 2124 locus

1217 2138 1495 2179 Demosth.
1537 2141 1583 2178 in
1614 2138 1809 2180 Timoer.
1836 2154 1880 2194 p.
1923 2138 2021 2184 702

1218 2197 1259 2239 5.
1310 2191 1512 2248 ἀσεβείας
1555 2193 1731 2249 γραφὴν
1762 2197 2024 2239 κατασκευά-

1221 2265 1301 2293 aas·
1329 2253 1394 2294 eli:
1421 2249 1568 2307 ἀγῶνα
1601 2254 1866 2324 κατέστησεν.
1899 2255 1947 2298 ἐν
1977 2254 2026 2296 δὲ

1222 2309 1359 2366 τούτῳ
1408 2310 1457 2352 τὸ
1514 2311 1703 2362 πέμπτον
1761 2313 1892 2382 μέρος
1940 2316 2028 2354 των·

1221 2368 1384 2422 ψήφων
1416 2384 1471 2410 ov
1491 2369 1740 2422 μεταλαβὼν
1758 2367 1878 2424 ὦφλε
1891 2374 2026 2424 χιλίας

1223 2429 1304 2470 κτλ.
1366 2428 1504 2468 Plura
1543 2429 1598 2468 de
1636 2429 1718 2469 hac
1746 2443 1794 2470 re
1824 2430 2022 2483 disputa-

1221 2491 1325 2525 runt
1353 2485 1509 2526 Matt.
1543 2487 1572 2528 l.
1598 2498 1634 2525 c.
1666 2487 1902 2529 Meierus
1933 2489 1962 2528 1.
1983 2501 2021 2529 c.

1221 2543 1464 2584 Boeckh.
1498 2541 1662 2583 Oecon.
1683 2548 1776 2584 Att.
1797 2546 1833 2589 Ι.
1860 2559 1904 2599 p.
1931 2545 2025 2590 410

1221 2614 1317 2653 sqq.
1350 2600 1400 2642 1¹.
1435 2614 1475 2653 p.
1499 2600 1594 2643 -237
1625 2614 1688 2653 sq.

1283 2659 1329 2698 Ρ.
1371 2657 1441 2701 36.
1505 2658 1591 2698 καὶ
1655 2654 1754 2700 οὐκ
1814 2655 2029 2701 ἀνέλοιμ-

1222 2712 1350 2756 στόν
1379 2729 1467 2765 μοι
1498 2714 1723 2772 γέγονε]
1762 2719 1803 2758 h.
1835 2731 1872 2759 e.
1910 2731 2023 2760 non

1220 2775 1430 2815 accidit
1468 2775 1600 2815 mihi
1643 2783 1868 2826 praeter
1910 2778 2024 2829 opi-

1219 2833 1311 2872 nio
1324 2846 1354 2872 n
1367 2844 1389 2872 e
1402 2846 1456 2872 m.
1497 2832 1612 2872 Nam
1630 2830 1759 2882 ἐλπίς,
1778 2820 1957 2886 ἐλπίζειν
1981 2842 2028 2875 et

1219 2891 1435 2931 vocabula
1461 2891 1562 2930 inde
1581 2891 1708 2945 ducta
1739 2893 1944 2937 dicuntur
1969 2894 2023 2933 in

1220 2954 1449 3000 utramque
1478 2954 1674 3001 partem,
1719 2956 1763 2990 et
1788 2952 1845 2992 de
1874 2962 1951 3003 spe
1981 2958 2028 2991 et

1222 3008 1276 3046 de
1295 3011 1426 3045 metu.
1443 3021 1484 3046 v.
1503 3007 1643 3058 intpp.
1658 3009 1716 3047 ad
1730 3007 1873 3049 Thom
1899 3008 2023 3061 Mag.

1220 3079 1262 3117 p.
1292 3063 1399 3107 299.
1418 3078 1516 3117 sqq.
1563 3065 1663 3118 Ipse
1697 3065 1858 3106 Plato
1883 3065 2022 3119 Legg.

1222 3126 1254 3164 1.
1294 3135 1335 3173 p
1375 3121 1470 3164 644.
1510 3122 1568 3164 D.
1622 3135 1676 3175 πρ
1681 3119 1732 3163 hs
1772 3121 1822 3163 δὲ
1853 3120 2029 3164 τούτοιν

1223 3177 1385 3231 ἀμφοῖν
1415 3173 1473 3219 αὖ
1505 3177 1640 3231 δόξας-
1665 3177 1922 3230 μελλόντων,
1955 3177 2027 3222 οἶν

1223 3234 1409 3280 κοινὸν
1440 3234 1754 3288 ὅνομαέλάτίς.
1807 3239 2023 3280 Animad-

1219 3296 1431 3338 vertenda
1452 3302 1520 3337 est
1545 3302 1690 3337 autem
1715 3297 2024 3349 breviloquen-

1218 3357 1300 3403 tia3
1320 3355 1504 3405 plenius
1537 3356 1652 3396 enim
1674 3355 1758 3396 hoc
1778 3351 1913 3395 modo
1930 3360 2026 3396 erat
