2158 3718
362 161 431 210 72
994 160 1409 211 PLATOMS

367 302 606 377 τούτοις,
637 302 823 376 ,ὥςπερ
870 306 996 370 ἰ’σως
1040 308 1132 359 καὶ
1168 302 1527 374 (Ηράκλειτος
1549 303 1813 375 βούλεται
1856 307 2042 374 λέγειν,
2110 355 2123 368 2

366 392 479 445 ἐπεὶ
524 399 643 454 τοῖς
683 412 742 461 γε
788 388 1031 463 ῥήμασιν
1075 388 1141 443 οὐ
1186 390 1364 452 καλῶς
1396 391 1557 458 λέγει.
1599 385 1662 443 τὸ
1688 389 1746 442 ἓν
1774 385 1879 459 γάρ
1910 409 2047 465 φησι

369 471 771 548 διαφερόμενον
816 469 956 528 αὐτὸ
1001 469 1154 541 αὐτῷ
1197 471 1608 547 ξυμφέρεσθαι,
1653 469 1828 544 ὥςπερ
1867 470 2044 545 ἁρμο-

368 561 495 612 νίαν
538 556 701 622 τόξου
746 578 802 612 τε
845 561 937 611 καὶ
979 555 1166 626 λύρας.
1206 559 1322 611 ἔστι
1350 557 1405 610 δὲ
1438 554 1615 623 πολλὴ
1641 552 1839 624 ἀλογία
1869 554 2048 628 ἁρμο·

369 645 497 696 νιάν
536 640 715 715 φάναι
762 644 1132 716 διαφέρεσθαι
1179 637 1212 706 ἢ
1253 646 1310 694 ἐκ
1353 642 1759 714 διαφερομένων
1782 643 1858 695 ἔτι
1890 640 2047 698 εἶναι.

368 722 495 778 ἀλλ’
546 723 673 788 ἰ’σως
715 724 839 780 τόδε
882 723 1141 794 ἐβούλετο
1184 727 1370 793 λέγειν,
1413 721 1500 778 ὅτι
1540 731 1597 778 ἐκ
1637 726 2049 799 διαφερομένων

371 805 642 882 πρότερον
684 812 784 864 τοῦ
828 809 978 876 ὀξέος
1019 813 1110 863 καὶ
1152 811 1367 879 βαρέος,
1414 812 1595 862 ἔπειτα
1633 805 1864 881 ὕστερον
1909 806 2048 880 ὁμο-

372 890 746 961 λογησάντων,
788 902 1008 963 γέγονεν
1051 890 1159 948 ὑπὸ
1187 895 1286 959 τῆς
1311 894 1575 963 μουσικῆς
1600 898 1802 963 τέχνης.
1847 892 1912 947 οὐ
1939 890 2045 966 γὰρ

374 973 554 1042 δήπου
597 982 654 1031 ἐκ
697 980 1109 1053 διαφερομένων
1151 998 1208 1046 γε
1252 979 1331 1030 ἔτι
1372 978 1472 1032 τοῦ
1516 974 1670 1042 ὀξέος
1713 977 1806 1030 καὶ
1846 979 2048 1048 βαρέος

370 1058 612 1131 ἁρμονία
626 1057 701 1116 ἂν
713 1061 812 1129 εἴη.
838 1061 873 1130 ἡ
898 1059 1004 1134 γὰρ
1021 1060 1263 1135 ἁρμονία
1291 1065 1582 1134 συμφωνία
1601 1062 1729 1124 ἐστι’,
1756 1064 2046 1135 συμφωνία

370 1147 428 1199 δὲ
455 1141 722 1216 ὁμολογία
753 1167 835 1210 τις
853 1165 866 1178 ·
896 1145 1204 1218 ὁμολογίαν
1227 1147 1287 1200 δὲ
1312 1150 1368 1199 ὲκ
1396 1146 1824 1219 διαφερομένων,
1851 1148 1950 1209 ἕως
1972 1140 2047 1200 ἂν

370 1231 755 1303 διαφέρωνται,
797 1229 1084 1286 ἀδύνατον
1127 1228 1295 1284 εἶναι’
1343 1227 1745 1303 διαφερόμενον
1767 1229 1823 1283 δὲ
1853 1219 1927 1283 αὖ
1953 1232 2048 1284 καὶ
2087 1247 2089 1250 ⁴

368 1309 445 1384 μὴ
501 1310 812 1384 ὁμολογοῦν
868 1313 1154 1370 ἀδύνατον
1195 1310 1466 1386 ἁρμόσαι,
1530 1309 1706 1383 ὥςπερ
1760 1332 1820 1381 γε
1877 1315 1971 1368 καὶ
2013 1310 2044 1370 ὁ

368 1393 594 1472 ῥυθμὸς
636 1403 693 1452 ἐκ
737 1403 837 1454 τοῦ
884 1404 1072 1470 ταχὲος
1096 1401 1186 1452 καὶ
1212 1399 1447 1467 βραδέος
1472 1398 1888 1466 διενηνεγμένων
1911 1395 2049 1470 πρό-

488 1562 546 1603 τὸ
581 1562 629 1603 {a
659 1561 758 1617 γάρ
794 1564 947 1617 φησί]
991 1565 1064 1605 Sic
1096 1563 1216 1604 codd.
1250 1567 1419 1616 praeter
1450 1562 1549 1603 Par.
1571 1560 1622 1603 E.
1655 1565 1699 1603 et
1727 1558 1913 1603 sortasse
1942 1573 2051 1614 pau-

375 1633 451 1662 cos
480 1620 692 1673 quosdam
725 1622 858 1672 alios,
901 1621 971 1693 qui
1003 1635 1096 1662 cun·
1130 1635 1181 1662 vc
1186 1625 1234 1661 tt
1265 1620 1387 1661 editt.
1422 1618 1576 1660 liabent
1607 1617 1657 1659 τὸ
1689 1615 1731 1661 ἓν
1757 1614 1864 1672 γάρ,
1901 1618 2048 1660 Astius

372 1677 482 1720 coni.
514 1676 567 1717 ὅν
597 1679 662 1719 vel
694 1681 780 1718 πᾶν
792 1691 887 1748 *pro
917 1677 970 1718 ε’ν.
1031 1679 1135 1720 Dein
1173 1678 1300 1732 ξιμφ.
1333 1676 1402 1717 καὶ
1431 1675 1487 1723 ὠς
1516 1677 1611 1718 Vat.
1622 1673 1675 1717 A.
1697 1677 1804 1728 Aug.
1818 1687 1866 1715 w.

485 1734 539 1779 Β.
598 1733 700 1776 ὑπο
749 1739 842 1786 τῆς
880 1751 981 1789 μου
994 1752 1145 1787 σικι]ς
1176 1734 1392 1788 τέχνης]
1434 1734 1518 1775 His
1546 1735 1674 1786 vulgo
1705 1731 1878 1774 additur
1905 1731 2047 1788 ἅρμο-

369 1794 464 1843 νία,
499 1792 614 1846 quod
657 1797 775 1835 recte
813 1799 1018 1846 spernunt
1061 1793 1184 1834 Bodl.
1215 1793 1347 1834 Coisl
1371 1791 1470 1833 Vat.
1492 1791 1543 1833 A.
1573 1791 1674 1832 Par.
1693 1789 1837 1832 DFK
1869 1790 1974 1844 Aug.
1997 1803 2045 1832 w.

365 1850 516 1903 Vat.p.
539 1848 821 1894 vind.1.2.7.
843 1850 1010 1893 Florsa.
1026 1852 1137 1892 b.c.
1126 1865 1152 1892 ι.

477 1908 530 1947 ἐκ
560 1906 968 1962 διαφερομένων
996 1912 1074 1961 γε]
1107 1923 1151 1960 γε
1185 1919 1270 1947 οιιι.
1294 1903 1450 1947 Vat.A.
1471 1904 1872 1958 Par-DK.Ang.W.
1894 1905 2045 1959 Vatp.

366 1969 410 2007 et
438 1964 603 2022 Putat,
634 1966 709 2019 qui
740 1964 866 2013 ὀξέως
896 1966 968 2005 καὶ
997 1969 1158 2021 βαρέως
1189 1964 1351 2006 scribit.

362 2078 438 2119 καὶ
464 2084 728 2133 γυμναστικῇ
760 2081 831 2119 καὶ
857 2083 1051 2134 γεωργίᾳ.
1098 2081 1165 2121 De

362 2135 586 2179 Heraclito
633 2136 850 2192 Ephesio,
901 2139 972 2190 qui
1026 2138 1165 2179 dictus

364 2198 433 2236 est
462 2194 696 2247 σκοτεινός,
734 2194 966 2249 disputavit
996 2202 1166 2249 praeter

363 2251 473 2293 alios
525 2251 1082 2295 Schleiermacherus
1124 2253 1164 2294 in

363 2308 557 2351 Museo
627 2310 990 2364 antiquitatis
1052 2316 1162 2352 stu-

365 2365 577 2408 diorum
624 2382 650 2409 a
693 2367 891 2410 Wolfio
932 2374 977 2409 et
1011 2368 1162 2410 Butt-

363 2436 560 2466 manno
616 2425 684 2466 ed.
733 2424 786 2466 T.
835 2425 866 2465 l.
910 2426 959 2467 P.
1012 2426 1084 2466 111.
1125 2440 1164 2479 p.

364 2481 445 2525 401
478 2493 573 2535 sqq

418 2537 478 2581 τὸ
512 2537 562 2579 ἓν
589 2539 693 2593 γάρ
723 2554 768 2593 φ.
802 2539 865 2588 δ.Ι
898 2540 962 2580 De
987 2538 1068 2580 hoc
1101 2539 1162 2580 ef·

363 2595 452 2637 fato
482 2595 714 2647 Heracliti,
745 2596 859 2649 quod
889 2598 1018 2638 etiam
1053 2598 1163 2638 Ari-

364 2654 559 2694 stotel.
591 2652 730 2694 Ethic.
761 2652 815 2694 ad
845 2653 1013 2695 Nicom.
1052 2654 1162 2695 Vlll.

361 2709 402 2751 2.
436 2713 480 2749 et
508 2708 562 2750 ad
588 2709 774 2750 Eudem.
790 2710 879 2751 Vll.
908 2710 946 2751 1.
975 2709 1161 2761 attingit,

364 2764 563 2806 dixerunt
601 2765 922 2807 Creuzerus
973 2765 1013 2806 in
1054 2766 1161 2806 Stu-

365 2821 471 2863 dior.
492 2820 548 2863 T.
573 2821 625 2864 ll.
650 2835 690 2875 p.
713 2821 811 2865 2154.
846 2821 1083 2873 Mytliolog.
1105 2821 1157 2862 T.

363 2878 415 2921 II.
435 2878 578 2932 p.184
597 2883 688 2931 sqq.
724 2879 758 2919 B
774 2878 960 2920 oeckh.
995 2878 1034 2918 in
1055 2879 1158 2920 Stu-

363 2935 456 2977 diis.
484 2937 519 2978 1.
549 2935 693 2978 T.lll.
717 2949 752 2989 p·
787 2936 851 2979 13.
881 2934 1158 2977 Sclileier-

363 2991 603 3036 macher.
646 2993 685 3034 in
722 2993 875 3034 Museo
907 2991 1098 3035 Studior.
1130 2995 1155 3035 l.

365 3063 403 3092 c.
438 3049 589 3104 p..413
609 3062 702 3103 sqq.
735 3055 779 3091 et
810 3050 1003 3092 Aetius
1036 3050 1089 3092 ad
1121 3050 1160 3092 lu.

367 3109 391 3150 Ι.
410 3107 606 3150 Venion,
620 3121 662 3162 p.
677 3106 760 3152 303
779 3121 873 3161 sqq.
923 3107 1057 3148 Nobis
1079 3107 1159 3149 hoc

364 3164 534 3207 videtur
571 3164 756 3208 voluisse
799 3165 1074 3210 Heraclitus:
1119 3167 1157 3206 in

365 3227 459 3265 tota
504 3235 646 3266 rerum
693 3222 970 3264 universitate
1025 3221 1186 3274 (llaec

364 3280 476 3322 enim
509 3292 617 3323 nunc
646 3286 822 3323 vocatur
864 3277 914 3320 τὰ
948 3279 1012 3332 ἵν)
1053 3278 1158 3321 lianc

360 3337 572 3380 ‘dominari
632 3339 799 3392 legem,
854 3341 901 3379 ut
947 3338 1157 3378 contraria

348 3400 552 3450 pugnent
583 3408 680 3439 cum
720 3394 940 3438 contrariis
951 3423 964 3446 ‚
1003 3394 1059 3435 ita
1091 3399 1154 3436 ta—

1251 2091 1375 2131 men,
1412 2082 1458 2117 ut
1488 2090 1539 2117 ea
1568 2088 1618 2118 se
1648 2087 1732 2117 non
1762 2077 1915 2118 tollant
1943 2077 2047 2119 invi-

1251 2149 1375 2187 cem,
1417 2133 1494 2175 sed
1532 2133 1574 2174 in
1615 2133 1710 2186 ipso
1740 2133 1973 2176 certamine
2003 2140 2049 2177 et

1251 2205 1390 2248 pugna
1427 2189 1691 2234 concordent
1736 2190 1792 2233 ad
1831 2203 2048 2245 unumque

1250 2252 1376 2292 finem
1407 2253 1603 2290 extremo
1632 2247 1834 2301 tendant,
1871 2261 2048 2302 prorsus

1250 2313 1297 2349 ut
1326 2307 1479 2349 fidibus
1511 2307 1626 2362 lyrae
1654 2305 1696 2347 in
1727 2305 1918 2348 diversas
1948 2320 2047 2361 par-

1251 2371 1318 2407 tes
1349 2363 1522 2406 intentis
1558 2361 1789 2416 efficiatur,
1828 2369 1876 2405 ut
1911 2377 2046 2407 sonus

1250 2429 1294 2465 et
1325 2421 1542 2464 harmonia
1571 2420 1774 2472 exsistat,
1803 2425 1876 2462 aut
1904 2422 2046 2464 nervis

1249 2493 1373 2522 arcus
1420 2479 1461 2520 in
1500 2479 1736 2520 contrarias
1775 2483 1920 2532 partes
1957 2479 2074 2532 dis-f

1250 2537 1398 2579 tractis
1447 2537 1540 2578 eius
1599 2535 1776 2586 intentio
1835 2535 2043 2588 quaedam

1249 2595 1426 2636 oriatur.
1486 2593 1627 2636 Quam
1665 2589 1832 2645 quidem
1871 2598 2044 2634 senten-

1249 2653 1347 2693 tiam
1389 2654 1580 2692 nostram
1621 2648 1748 2690 etiam
1787 2648 1891 2690 illud
1939 2663 2043 2691 con·

1247 2709 1416 2749 firmare
1445 2705 1635 2757 videtur,
1677 2703 1792 2757 quod
1824 2703 2042 2749 harmonia

1246 2765 1348 2815 illa,
1385 2775 1510 2816 quam
1541 2761 1788 2803 Heraclitus
1828 2763 1869 2804 in
1899 2776 2041 2806 rerum

1246 2826 1393 2861 natura
1430 2821 1572 2860 inesse
1615 2819 1820 2872 putabat.
1860 2826 2041 2864 vocatur

1244 2878 1510 2922 παλίντονος.
1542 2875 1724 2918 Accedit
1745 2877 2037 2920 testiinonium

1242 2933 1529 2989 Simplicii
1555 2933 1610 2975 ad
1635 2934 1811 2975 Aristot.
1843 2934 1970 2988 Phys.
1996 2949 2038 2990 p.

1246 2991 1689 3035 11.8.ἒνεδείκιυτο
1728 2991 1773 3032 δὲ
1800 2979 2041 3046 (Ηράκλει-

1244 3050 1341 3102 τος)
1374 3066 1454 3100 την
1483 3051 1526 3089 ἐν
1547 3052 1600 3101 τῇ
1616 3051 1770 3102 γενέσει
1787 3049 2040 3104 ἐναρμόνιον

1243 3109 1356 3160 μῖξιν
1384 3111 1467 3148 τῶν
1496 3107 1708 3147 ἐναντίων.
1758 3105 2039 3151 Commemo-

1243 3172 1309 3207 rat
1340 3171 1482 3207 autem
1506 3162 1813 3216 Eryximachus
1834 3163 1912 3206 hoc
1943 3167 2036 3218 pla-

1243 3225 1393 3265 citum·
1416 3220 1652 3276 philosophi
1701 3219 1781 3262 lioc
1823 3224 1919 3263 loco
1957 3223 2035 3275 sic,

1242 3287 1289 3322 ut
1317 3279 1420 3323 illud
1447 3279 1501 3320 ad
1532 3291 1658 3320 unam
1679 3278 1877 3322 musicam
1896 3285 2038 3320 trana-

1243 3338 1365 3391 l‘erat,
1397 3338 1453 3378 de
1482 3347 1565 3387 qua
1595 3334 1740 3376 dicere
1771 3335 2038 3387 instituerat3

1243 3395 1353 3438 unde
1383 3392 1535 3438 deinde
1574 3397 1673 3446 post
1711 3393 1753 3433 ἐκ
1782 3392 2037 3450 διαφερομέ-
