<?xml version="1.0" encoding="UTF-8"?>
<!DOCTYPE html PUBLIC "-//W3C//DTD XHTML 1.0 Transitional//EN"
    "http://www.w3.org/TR/xhtml1/DTD/xhtml1-transitional.dtd">
<html xmlns="http://www.w3.org/1999/xhtml" xml:lang="en" lang="en">
 <head>
  <title>
</title>
<meta http-equiv="Content-Type" content="text/html;charset=utf-8" />
  <meta name='ocr-system' content='tesseract 3.04.00' />
  <meta name='ocr-capabilities' content='ocr_page ocr_carea ocr_par ocr_line ocrx_word'/>
</head>
<body>
  <div class='ocr_page' id='page_1' title='image "./operaomniarecens01platuoft/operaomniarecens01platuoft_0904.png"; bbox 0 0 2158 3718; ppageno 0'>
   <div class='ocr_carea' id='block_1_1' title="bbox 425 193 1459 246">
    <p class='ocr_par' dir='ltr' id='par_1_1' title="bbox 425 193 1459 246">
     <span class='ocr_line' id='line_1_1' title="bbox 425 193 1459 246; baseline 0.002 -2"><span class='ocrx_word' id='word_1_1' title='bbox 425 194 530 244; x_wconf 80' lang='lat'><strong>182</strong></span> <span class='ocrx_word' id='word_1_2' title='bbox 1033 193 1459 246; x_wconf 82' lang='lat' dir='ltr'>PLATONIS</span> 
     </span>
    </p>
   </div>
   <div class='ocr_carea' id='block_1_2' title="bbox 422 331 2112 1173">
    <p class='ocr_par' dir='ltr' id='par_1_2' title="bbox 422 331 2112 1173">
     <span class='ocr_line' id='line_1_2' title="bbox 434 331 2108 423; baseline 0.002 -29"><span class='ocrx_word' id='word_1_3' title='bbox 434 335 616 395; x_wconf 80' lang='grc' dir='ltr'><strong><em>αὐτὸν</em></strong></span> <span class='ocrx_word' id='word_1_4' title='bbox 639 342 837 411; x_wconf 79' lang='grc' dir='ltr'><strong><em>μένειν.</em></strong></span> <span class='ocrx_word' id='word_1_5' title='bbox 881 335 1192 394; x_wconf 78' lang='grc' dir='ltr'><em>ἀνεπαύετο</em></span> <span class='ocrx_word' id='word_1_6' title='bbox 1221 331 1322 394; x_wconf 75' lang='grc' dir='ltr'><strong>οὖν</strong></span> <span class='ocrx_word' id='word_1_7' title='bbox 1347 346 1409 395; x_wconf 79' lang='grc' dir='ltr'><strong>ὲν</strong></span> <span class='ocrx_word' id='word_1_8' title='bbox 1432 344 1498 420; x_wconf 78' lang='grc' dir='ltr'><strong><em>τῆ</em></strong></span> <span class='ocrx_word' id='word_1_9' title='bbox 1526 346 1749 419; x_wconf 73' lang='grc' dir='ltr'><strong><em>ἐχομένῃ</em></strong></span> <span class='ocrx_word' id='word_1_10' title='bbox 1781 346 1914 411; x_wconf 71' lang='grc' dir='ltr'><strong><em>ἐμοῦ</em></strong></span> <span class='ocrx_word' id='word_1_11' title='bbox 1940 346 2108 423; x_wconf 77' lang='grc' dir='ltr'><strong><em>κλίνῃ,</em></strong></span> 
     </span>
     <span class='ocr_line' id='line_1_3' title="bbox 427 414 2110 500; baseline 0.003 -21"><span class='ocrx_word' id='word_1_12' title='bbox 427 428 488 479; x_wconf 75' lang='grc' dir='ltr'><strong>ἐν</strong></span> <span class='ocrx_word' id='word_1_13' title='bbox 527 414 662 500; x_wconf 71' lang='grc' dir='ltr'><strong><em>ᾗπερ</em></strong></span> <span class='ocrx_word' id='word_1_14' title='bbox 706 425 963 488; x_wconf 77' lang='grc' dir='ltr'><strong><em>ἐδείπνει,</em></strong></span> <span class='ocrx_word' id='word_1_15' title='bbox 1013 425 1116 477; x_wconf 87' lang='grc' dir='ltr'><strong><em>καὶ</em></strong></span> <span class='ocrx_word' id='word_1_16' title='bbox 1173 421 1352 488; x_wconf 85' lang='grc' dir='ltr'><strong><em>οὐδεὶς</em></strong></span> <span class='ocrx_word' id='word_1_17' title='bbox 1403 431 1463 480; x_wconf 78' lang='grc' dir='ltr'><strong>ἐν</strong></span> <span class='ocrx_word' id='word_1_18' title='bbox 1516 430 1592 496; x_wconf 78' lang='grc' dir='ltr'><strong><em>τῷ</em></strong></span> <span class='ocrx_word' id='word_1_19' title='bbox 1640 424 1897 498; x_wconf 77' lang='grc' dir='ltr'><strong><em>οἰκήματι</em></strong></span> <span class='ocrx_word' id='word_1_20' title='bbox 1939 424 2110 495; x_wconf 76' lang='grc' dir='ltr'><strong><em>ἄλλος</em></strong></span> 
     </span>
     <span class='ocr_line' id='line_1_4' title="bbox 430 500 2109 584; baseline 0.003 -21"><span class='ocrx_word' id='word_1_21' title='bbox 430 509 721 575; x_wconf 75' lang='grc' dir='ltr'><em>καθηῦδεν</em></span> <span class='ocrx_word' id='word_1_22' title='bbox 764 502 800 573; x_wconf 81' lang='grc' dir='ltr'>ἢ</span> <span class='ocrx_word' id='word_1_23' title='bbox 844 503 1016 576; x_wconf 81' lang='grc' dir='ltr'><em>ἡμεῖς.</em></span> <span class='ocrx_word' id='word_1_24' title='bbox 1069 510 1224 579; x_wconf 82' lang='grc' dir='ltr'><em>μέχρι</em></span> <span class='ocrx_word' id='word_1_25' title='bbox 1265 511 1366 576; x_wconf 80' lang='grc' dir='ltr'><strong>μὲν</strong></span> <span class='ocrx_word' id='word_1_26' title='bbox 1410 500 1512 564; x_wconf 73' lang='grc' dir='ltr'><strong>οὖν</strong></span> <span class='ocrx_word' id='word_1_27' title='bbox 1553 508 1620 578; x_wconf 91' lang='grc' dir='ltr'><strong>δὴ</strong></span> <span class='ocrx_word' id='word_1_28' title='bbox 1664 513 1824 584; x_wconf 82' lang='grc' dir='ltr'><strong><em>δεῦρο</em></strong></span> <span class='ocrx_word' id='word_1_29' title='bbox 1869 515 1970 568; x_wconf 84' lang='grc' dir='ltr'><strong>τοῦ</strong></span> <span class='ocrx_word' id='word_1_30' title='bbox 2014 512 2109 569; x_wconf 85' lang='grc' dir='ltr'><strong>λό-</strong></span> 
     </span>
     <span class='ocr_line' id='line_1_5' title="bbox 426 586 2101 667; baseline 0.003 -19"><span class='ocrx_word' id='word_1_31' title='bbox 426 612 531 659; x_wconf 76' lang='grc' dir='ltr'><strong><em>γου</em></strong></span> <span class='ocrx_word' id='word_1_32' title='bbox 590 592 770 655; x_wconf 74' lang='grc' dir='ltr'><strong><em>καλῶς</em></strong></span> <span class='ocrx_word' id='word_1_33' title='bbox 810 586 885 645; x_wconf 81' lang='grc' dir='ltr'><strong>ἂν</strong></span> <span class='ocrx_word' id='word_1_34' title='bbox 927 594 1043 662; x_wconf 75' lang='grc' dir='ltr'><strong><em>ἔχοι</em></strong></span> <span class='ocrx_word' id='word_1_35' title='bbox 1086 594 1179 667; x_wconf 65' lang='grc' dir='ltr'><strong>καὶ</strong></span> <span class='ocrx_word' id='word_1_36' title='bbox 1221 588 1362 662; x_wconf 82' lang='grc' dir='ltr'><strong><em>πρὸς</em></strong></span> <span class='ocrx_word' id='word_1_37' title='bbox 1401 590 1660 650; x_wconf 82' lang='grc' dir='ltr'><strong><em>ὁντινοῦν</em></strong></span> <span class='ocrx_word' id='word_1_38' title='bbox 1701 599 1904 664; x_wconf 79' lang='grc' dir='ltr'><strong><em>λέγειν·</em></strong></span> <span class='ocrx_word' id='word_1_39' title='bbox 1948 593 2013 652; x_wconf 83' lang='grc' dir='ltr'><strong><em>τὸ</em></strong></span> <span class='ocrx_word' id='word_1_40' title='bbox 2058 595 2101 652; x_wconf 84' lang='grc' dir='ltr'><strong>δ’</strong></span> 
     </span>
     <span class='ocr_line' id='line_1_6' title="bbox 425 670 2112 754; baseline 0.004 -23"><span class='ocrx_word' id='word_1_41' title='bbox 425 677 694 731; x_wconf 73' lang='grc' dir='ltr'><strong><em>ἐντεῦθεν</em></strong></span> <span class='ocrx_word' id='word_1_42' title='bbox 738 671 839 729; x_wconf 81' lang='grc' dir='ltr'><strong><em>οὐκ</em></strong></span> <span class='ocrx_word' id='word_1_43' title='bbox 882 670 957 730; x_wconf 75' lang='grc' dir='ltr'><strong>ἄν</strong></span> <span class='ocrx_word' id='word_1_44' title='bbox 992 696 1101 746; x_wconf 87' lang='grc' dir='ltr'><strong><em>μου</em></strong></span> <span class='ocrx_word' id='word_1_45' title='bbox 1136 674 1409 743; x_wconf 77' lang='grc' dir='ltr'><strong><em>ἠκούσατε</em></strong></span> <span class='ocrx_word' id='word_1_46' title='bbox 1446 680 1716 746; x_wconf 76' lang='grc' dir='ltr'><strong><em>λέγοντος,</em></strong></span> <span class='ocrx_word' id='word_1_47' title='bbox 1758 685 1804 735; x_wconf 82' lang='grc' dir='ltr'><strong>εὶ</strong></span> <span class='ocrx_word' id='word_1_48' title='bbox 1844 676 1921 752; x_wconf 85' lang='grc' dir='ltr'><strong>μὴ</strong></span> <span class='ocrx_word' id='word_1_49' title='bbox 1963 682 2112 754; x_wconf 78' lang='grc' dir='ltr'><strong><em>πρῶ-</em></strong></span> 
     </span>
     <span class='ocr_line' id='line_1_7' title="bbox 427 755 2111 831; baseline 0.004 -17"><span class='ocrx_word' id='word_1_50' title='bbox 427 779 532 816; x_wconf 91' lang='grc' dir='ltr'><strong>τον</strong></span> <span class='ocrx_word' id='word_1_51' title='bbox 573 762 701 831; x_wconf 80' lang='grc' dir='ltr'><strong><em>μέν,</em></strong></span> <span class='ocrx_word' id='word_1_52' title='bbox 742 755 821 826; x_wconf 58' lang='grc' dir='ltr'><strong>Υτὸ</strong></span> <span class='ocrx_word' id='word_1_53' title='bbox 869 757 1195 830; x_wconf 77' lang='grc' dir='ltr'><strong><em>λεγόμενον,</em></strong></span> <span class='ocrx_word' id='word_1_54' title='bbox 1261 760 1410 825; x_wconf 82' lang='grc' dir='ltr'><strong><em>οἶνος</em></strong></span> <span class='ocrx_word' id='word_1_55' title='bbox 1465 757 1599 817; x_wconf 76' lang='grc' dir='ltr'><strong><em>ἄνευ</em></strong></span> <span class='ocrx_word' id='word_1_56' title='bbox 1649 783 1706 818; x_wconf 81' lang='grc' dir='ltr'><strong><em>τε</em></strong></span> <span class='ocrx_word' id='word_1_57' title='bbox 1762 767 1976 819; x_wconf 79' lang='grc' dir='ltr'><strong><em>παίδων</em></strong></span> <span class='ocrx_word' id='word_1_58' title='bbox 2018 768 2111 821; x_wconf 81' lang='grc' dir='ltr'><strong><em>καὶ</em></strong></span> 
     </span>
     <span class='ocr_line' id='line_1_8' title="bbox 425 835 2110 922; baseline 0.003 -24"><span class='ocrx_word' id='word_1_59' title='bbox 425 837 565 914; x_wconf 77' lang='grc' dir='ltr'><strong><em>μετὰ</em></strong></span> <span class='ocrx_word' id='word_1_60' title='bbox 624 845 839 898; x_wconf 81' lang='grc' dir='ltr'><strong><em>παίδων</em></strong></span> <span class='ocrx_word' id='word_1_61' title='bbox 892 835 963 911; x_wconf 78' lang='grc' dir='ltr'><strong>ἦν</strong></span> <span class='ocrx_word' id='word_1_62' title='bbox 1004 842 1269 911; x_wconf 82' lang='grc' dir='ltr'><strong><em>ἀληθής,</em></strong></span> <span class='ocrx_word' id='word_1_63' title='bbox 1323 850 1507 901; x_wconf 73' lang='grc' dir='ltr'><strong><em>ἔπειτα</em></strong></span> <span class='ocrx_word' id='word_1_64' title='bbox 1548 845 1825 922; x_wconf 80' lang='grc' dir='ltr'><strong><em>ἀφανίσαι</em></strong></span> <span class='ocrx_word' id='word_1_65' title='bbox 1867 848 2110 919; x_wconf 79' lang='grc' dir='ltr'><strong><em>Σωκρά-</em></strong></span> 
     </span>
     <span class='ocr_line' id='line_1_9' title="bbox 422 925 2109 1003; baseline 0.003 -21"><span class='ocrx_word' id='word_1_66' title='bbox 422 948 554 992; x_wconf 83' lang='grc' dir='ltr'><strong><em>τους</em></strong></span> <span class='ocrx_word' id='word_1_67' title='bbox 588 931 750 999; x_wconf 70' lang='grc' dir='ltr'><strong><em>ἔργον</em></strong></span> <span class='ocrx_word' id='word_1_68' title='bbox 793 925 1165 1003; x_wconf 73' lang='grc' dir='ltr'><strong><em>ὑπερήφανον</em></strong></span> <span class='ocrx_word' id='word_1_69' title='bbox 1214 934 1289 993; x_wconf 74' lang='grc' dir='ltr'><strong>εἰς</strong></span> <span class='ocrx_word' id='word_1_70' title='bbox 1345 933 1576 986; x_wconf 74' lang='grc' dir='ltr'><strong><em>ἔπαινον</em></strong></span> <span class='ocrx_word' id='word_1_71' title='bbox 1617 929 1871 987; x_wconf 73' lang='grc' dir='ltr'><strong><em>ἐλθόντα</em></strong></span> <span class='ocrx_word' id='word_1_72' title='bbox 1913 929 2109 988; x_wconf 80' lang='grc' dir='ltr'><strong><em>ἄδικόν</em></strong></span> 
     </span>
     <span class='ocr_line' id='line_1_10' title="bbox 422 1009 2110 1087; baseline 0.002 -19"><span class='ocrx_word' id='word_1_73' title='bbox 422 1034 523 1082; x_wconf 78' lang='grc' dir='ltr'><strong><em>μοι</em></strong></span> <span class='ocrx_word' id='word_1_74' title='bbox 566 1015 846 1087; x_wconf 79' lang='grc' dir='ltr'><strong><em>φαίνεται.</em></strong></span> <span class='ocrx_word' id='word_1_75' title='bbox 889 1019 970 1067; x_wconf 75' lang='grc' dir='ltr'><strong><em>ἔτι</em></strong></span> <span class='ocrx_word' id='word_1_76' title='bbox 1014 1015 1070 1067; x_wconf 85' lang='grc' dir='ltr'><strong>δὲ</strong></span> <span class='ocrx_word' id='word_1_77' title='bbox 1111 1009 1174 1068; x_wconf 85' lang='grc' dir='ltr'><strong><em>τὸ</em></strong></span> <span class='ocrx_word' id='word_1_78' title='bbox 1220 1015 1320 1069; x_wconf 83' lang='grc' dir='ltr'><strong>τοῦ</strong></span> <span class='ocrx_word' id='word_1_79' title='bbox 1349 1017 1658 1085; x_wconf 73' lang='grc' dir='ltr'><strong><em>δηχθέντος</em></strong></span> <span class='ocrx_word' id='word_1_80' title='bbox 1681 1011 1792 1071; x_wconf 80' lang='grc' dir='ltr'><strong>ὑπὸ</strong></span> <span class='ocrx_word' id='word_1_81' title='bbox 1829 1019 1927 1072; x_wconf 81' lang='grc' dir='ltr'><strong>τοῦ</strong></span> <span class='ocrx_word' id='word_1_82' title='bbox 1957 1020 2110 1087; x_wconf 73' lang='grc' dir='ltr'><em>ἔχεως</em></span> 
     </span>
     <span class='ocr_line' id='line_1_11' title="bbox 422 1093 2107 1173; baseline 0.002 -21"><span class='ocrx_word' id='word_1_83' title='bbox 422 1093 624 1161; x_wconf 75' lang='grc' dir='ltr'><strong><em>πάθος</em></strong></span> <span class='ocrx_word' id='word_1_84' title='bbox 666 1093 804 1168; x_wconf 81' lang='grc' dir='ltr'><strong>κάμὲ</strong></span> <span class='ocrx_word' id='word_1_85' title='bbox 852 1100 970 1169; x_wconf 74' lang='grc' dir='ltr'><strong>ἔχει.</strong></span> <span class='ocrx_word' id='word_1_86' title='bbox 1016 1100 1156 1173; x_wconf 75' lang='grc' dir='ltr'><strong><em>φασὶ</em></strong></span> <span class='ocrx_word' id='word_1_87' title='bbox 1195 1095 1305 1170; x_wconf 77' lang='grc' dir='ltr'><strong>γάρ</strong></span> <span class='ocrx_word' id='word_1_88' title='bbox 1333 1096 1443 1154; x_wconf 85' lang='grc' dir='ltr'><strong><em>πού</em></strong></span> <span class='ocrx_word' id='word_1_89' title='bbox 1472 1119 1599 1154; x_wconf 83' lang='grc' dir='ltr'><strong><em>τινα</em></strong></span> <span class='ocrx_word' id='word_1_90' title='bbox 1626 1101 1799 1156; x_wconf 87' lang='grc' dir='ltr'><strong><em>τοῦτο</em></strong></span> <span class='ocrx_word' id='word_1_91' title='bbox 1833 1098 2107 1157; x_wconf 77' lang='grc' dir='ltr'><strong><em>παθόντα</em></strong></span> 
     </span>
    </p>
   </div>
   <div class='ocr_carea' id='block_1_3' title="bbox 532 1257 1869 1346">
    <p class='ocr_par' dir='ltr' id='par_1_3' title="bbox 532 1257 1869 1346">
     <span class='ocr_line' id='line_1_12' title="bbox 532 1257 1869 1346; baseline 0.002 -17"><span class='ocrx_word' id='word_1_92' title='bbox 532 1288 596 1330; x_wconf 74' lang='grc' dir='ltr'><strong>ἅ).</strong></span> <span class='ocrx_word' id='word_1_93' title='bbox 609 1289 667 1330; x_wconf 87' lang='grc' dir='ltr'><strong><em>λο</em></strong></span> <span class='ocrx_word' id='word_1_94' title='bbox 681 1306 701 1337; x_wconf 75' lang='grc' dir='ltr'><em>ς</em></span> <span class='ocrx_word' id='word_1_95' title='bbox 729 1304 789 1330; x_wconf 77' lang='grc' dir='ltr'><strong><em>κα</em></strong></span> <span class='ocrx_word' id='word_1_96' title='bbox 804 1257 876 1342; x_wconf 11' lang='grc' dir='ltr'><strong>θλη</strong></span> <span class='ocrx_word' id='word_1_97' title='bbox 891 1293 918 1332; x_wconf 78' lang='grc' dir='ltr'><strong><em>ὕ</em></strong></span> <span class='ocrx_word' id='word_1_98' title='bbox 936 1285 1054 1343; x_wconf 56' lang='grc' dir='ltr'><strong><em>δέν]</em></strong></span> <span class='ocrx_word' id='word_1_99' title='bbox 1086 1289 1305 1331; x_wconf 80' lang='grc' dir='ltr'><strong><em>καθεῦδεν</em></strong></span> <span class='ocrx_word' id='word_1_100' title='bbox 1335 1289 1471 1333; x_wconf 85' lang='lat' dir='ltr'><strong>Coisl·</strong></span> <span class='ocrx_word' id='word_1_101' title='bbox 1505 1290 1675 1337; x_wconf 82' lang='lat' dir='ltr'><strong>Par..D.</strong></span> <span class='ocrx_word' id='word_1_102' title='bbox 1713 1291 1808 1333; x_wconf 76' lang='lat' dir='ltr'><strong>Vnt.</strong></span> <span class='ocrx_word' id='word_1_103' title='bbox 1828 1305 1869 1346; x_wconf 89' lang='lat' dir='ltr'><strong>p.</strong></span> 
     </span>
    </p>
   </div>
   <div class='ocr_carea' id='block_1_4' title="bbox 531 1372 2106 1430">
    <p class='ocr_par' dir='ltr' id='par_1_4' title="bbox 531 1372 2106 1430">
     <span class='ocr_line' id='line_1_13' title="bbox 531 1372 2106 1430; baseline 0.002 -13"><span class='ocrx_word' id='word_1_104' title='bbox 531 1375 585 1417; x_wconf 83' lang='grc' dir='ltr'><strong>Ε.</strong></span> <span class='ocrx_word' id='word_1_105' title='bbox 642 1373 780 1429; x_wconf 71' lang='grc' dir='ltr'><strong>κάμὲ</strong></span> <span class='ocrx_word' id='word_1_106' title='bbox 818 1374 957 1427; x_wconf 59' lang='grc' dir='ltr'><strong><em>ἔχει]</em></strong></span> <span class='ocrx_word' id='word_1_107' title='bbox 1000 1372 1108 1430; x_wconf 72' lang='grc' dir='ltr'><strong>κᾶμ’</strong></span> <span class='ocrx_word' id='word_1_108' title='bbox 1140 1377 1224 1426; x_wconf 66' lang='grc' dir='ltr'><strong>ἔχει</strong></span> <span class='ocrx_word' id='word_1_109' title='bbox 1255 1380 1350 1417; x_wconf 79' lang='lat' dir='ltr'><strong>vat.</strong></span> <span class='ocrx_word' id='word_1_110' title='bbox 1373 1373 1424 1420; x_wconf 80' lang='lat' dir='ltr'><strong>A.</strong></span> <span class='ocrx_word' id='word_1_111' title='bbox 1457 1377 1625 1430; x_wconf 82' lang='lat' dir='ltr'><strong>Ang.w.</strong></span> <span class='ocrx_word' id='word_1_112' title='bbox 1652 1376 1796 1420; x_wconf 66' lang='lat' dir='ltr'><strong>Vats.</strong></span> <span class='ocrx_word' id='word_1_113' title='bbox 1831 1381 1876 1419; x_wconf 80' lang='lat' dir='ltr'><strong>et</strong></span> <span class='ocrx_word' id='word_1_114' title='bbox 1905 1377 1967 1419; x_wconf 76' lang='lat' dir='ltr'><strong>sle</strong></span> <span class='ocrx_word' id='word_1_115' title='bbox 1997 1379 2106 1421; x_wconf 76' lang='lat' dir='ltr'><strong>scri-</strong></span> 
     </span>
    </p>
   </div>
   <div class='ocr_carea' id='block_1_5' title="bbox 417 1433 674 1488">
    <p class='ocr_par' dir='ltr' id='par_1_5' title="bbox 417 1433 674 1488">
     <span class='ocr_line' id='line_1_14' title="bbox 417 1433 674 1488; baseline 0.004 -14"><span class='ocrx_word' id='word_1_116' title='bbox 417 1433 506 1488; x_wconf 84' lang='lat' dir='ltr'><strong>psit</strong></span> <span class='ocrx_word' id='word_1_117' title='bbox 534 1433 674 1476; x_wconf 81' lang='lat' dir='ltr'><strong>Bekk.</strong></span> 
     </span>
    </p>
   </div>
   <div class='ocr_carea' id='block_1_6' title="bbox 529 1513 2104 1573">
    <p class='ocr_par' dir='ltr' id='par_1_6' title="bbox 529 1513 2104 1573">
     <span class='ocr_line' id='line_1_15' title="bbox 529 1513 2104 1573; baseline 0.001 -15"><span class='ocrx_word' id='word_1_118' title='bbox 529 1518 586 1562; x_wconf 88' lang='lat' dir='ltr'><strong>P.</strong></span> <span class='ocrx_word' id='word_1_119' title='bbox 615 1516 717 1562; x_wconf 85' lang='grc'><strong>218.</strong></span> <span class='ocrx_word' id='word_1_120' title='bbox 777 1513 881 1558; x_wconf 64' lang='grc' dir='ltr'><strong><em>ν’πό</em></strong></span> <span class='ocrx_word' id='word_1_121' title='bbox 925 1515 1247 1572; x_wconf 74' lang='grc' dir='ltr'><strong><em>ἅλγεινοτέρ</em></strong></span> <span class='ocrx_word' id='word_1_122' title='bbox 1261 1516 1349 1571; x_wconf 65' lang='lat' dir='ltr'><strong>ov]</strong></span> <span class='ocrx_word' id='word_1_123' title='bbox 1390 1516 1540 1572; x_wconf 84' lang='lat' dir='ltr'><strong>Steph.</strong></span> <span class='ocrx_word' id='word_1_124' title='bbox 1569 1517 1755 1560; x_wconf 86' lang='lat' dir='ltr'><strong>coniecit</strong></span> <span class='ocrx_word' id='word_1_125' title='bbox 1781 1516 2104 1573; x_wconf 76' lang='grc' dir='ltr'><strong><em>α’λγεινοτοὶτου,</em></strong></span> 
     </span>
    </p>
   </div>
   <div class='ocr_carea' id='block_1_7' title="bbox 391 1655 1220 3489">
    <p class='ocr_par' dir='ltr' id='par_1_7' title="bbox 412 1655 1212 1886">
     <span class='ocr_line' id='line_1_16' title="bbox 413 1655 1208 1713; baseline -0.003 -13"><span class='ocrx_word' id='word_1_126' title='bbox 413 1673 452 1701; x_wconf 80' lang='grc' dir='ltr'><strong>ιιι</strong></span> <span class='ocrx_word' id='word_1_127' title='bbox 468 1673 492 1700; x_wconf 82' lang='lat' dir='ltr'>a</span> <span class='ocrx_word' id='word_1_128' title='bbox 516 1672 540 1700; x_wconf 84' lang='lat' dir='ltr'><strong>e</strong></span> <span class='ocrx_word' id='word_1_129' title='bbox 559 1670 586 1700; x_wconf 86' lang='lat' dir='ltr'><strong>u</strong></span> <span class='ocrx_word' id='word_1_130' title='bbox 607 1671 627 1699; x_wconf 80' lang='lat' dir='ltr'><strong>s</strong></span> <span class='ocrx_word' id='word_1_131' title='bbox 693 1658 843 1701; x_wconf 83' lang='lat' dir='ltr'><strong>Gloss.</strong></span> <span class='ocrx_word' id='word_1_132' title='bbox 902 1655 1208 1713; x_wconf 76' lang='grc' dir='ltr'><strong><em>σκηπτόμενος·</em></strong></span> 
     </span>
     <span class='ocr_line' id='line_1_17' title="bbox 412 1712 1212 1770; baseline 0.001 -13"><span class='ocrx_word' id='word_1_133' title='bbox 412 1712 813 1770; x_wconf 71' lang='grc' dir='ltr'><strong><em>προφασιζόμενος.</em></strong></span> <span class='ocrx_word' id='word_1_134' title='bbox 846 1716 968 1757; x_wconf 86' lang='lat' dir='ltr'><strong>cuius</strong></span> <span class='ocrx_word' id='word_1_135' title='bbox 999 1717 1212 1767; x_wconf 73' lang='lat' dir='ltr'><strong>sionifiea-</strong></span> 
     </span>
     <span class='ocr_line' id='line_1_18' title="bbox 412 1773 1212 1828; baseline 0.001 -13"><span class='ocrx_word' id='word_1_136' title='bbox 412 1774 547 1815; x_wconf 83' lang='lat' dir='ltr'><strong>tionis</strong></span> <span class='ocrx_word' id='word_1_137' title='bbox 587 1774 787 1827; x_wconf 80' lang='lat' dir='ltr'><strong>exempla</strong></span> <span class='ocrx_word' id='word_1_138' title='bbox 830 1774 1006 1828; x_wconf 79' lang='lat' dir='ltr'><strong>collegit</strong></span> <span class='ocrx_word' id='word_1_139' title='bbox 1033 1773 1212 1816; x_wconf 82' lang='lat' dir='ltr'><strong>Ruhn-</strong></span> 
     </span>
     <span class='ocr_line' id='line_1_19' title="bbox 412 1829 735 1886; baseline 0.006 -12"><span class='ocrx_word' id='word_1_140' title='bbox 412 1832 530 1874; x_wconf 81' lang='lat' dir='ltr'><strong>ken.</strong></span> <span class='ocrx_word' id='word_1_141' title='bbox 562 1845 603 1886; x_wconf 90' lang='lat' dir='ltr'><strong>p.</strong></span> <span class='ocrx_word' id='word_1_142' title='bbox 635 1829 735 1875; x_wconf 78' lang='lat'>232-</span> 
     </span>
    </p>

    <p class='ocr_par' dir='ltr' id='par_1_8' title="bbox 391 1887 1220 2231">
     <span class='ocr_line' id='line_1_20' title="bbox 391 1887 1214 1942; baseline -0.001 -12"><span class='ocrx_word' id='word_1_143' title='bbox 391 1906 400 1909; x_wconf 65' lang='grc'><em>’</em></span> <span class='ocrx_word' id='word_1_144' title='bbox 470 1889 526 1930; x_wconf 74' lang='grc' dir='ltr'><strong>ἓν</strong></span> <span class='ocrx_word' id='word_1_145' title='bbox 563 1891 625 1941; x_wconf 74' lang='grc' dir='ltr'><strong><em>τῇ</em></strong></span> <span class='ocrx_word' id='word_1_146' title='bbox 664 1890 892 1942; x_wconf 69' lang='grc' dir='ltr'><strong><em>ἐχομένη</em></strong></span> <span class='ocrx_word' id='word_1_147' title='bbox 931 1887 1066 1942; x_wconf 74' lang='grc' dir='ltr'><strong><em>ἐμοῦ·</em></strong></span> <span class='ocrx_word' id='word_1_148' title='bbox 1109 1887 1214 1942; x_wconf 53' lang='lat' dir='ltr'><strong>uk]</strong></span> 
     </span>
     <span class='ocr_line' id='line_1_21' title="bbox 415 1945 1217 2002; baseline 0 -14"><span class='ocrx_word' id='word_1_149' title='bbox 415 1946 467 1997; x_wconf 86' lang='lat' dir='ltr'><strong>in</strong></span> <span class='ocrx_word' id='word_1_150' title='bbox 508 1947 660 1989; x_wconf 85' lang='lat' dir='ltr'><strong>lecto</strong></span> <span class='ocrx_word' id='word_1_151' title='bbox 702 1945 828 1988; x_wconf 87' lang='lat' dir='ltr'><strong>mihi</strong></span> <span class='ocrx_word' id='word_1_152' title='bbox 860 1945 918 2002; x_wconf 82' lang='lat' dir='ltr'><strong>(i.</strong></span> <span class='ocrx_word' id='word_1_153' title='bbox 952 1959 989 1987; x_wconf 91' lang='lat' dir='ltr'><strong>e.</strong></span> <span class='ocrx_word' id='word_1_154' title='bbox 1023 1958 1121 1987; x_wconf 89' lang='lat' dir='ltr'><strong>meo</strong></span> <span class='ocrx_word' id='word_1_155' title='bbox 1152 1946 1217 1988; x_wconf 92' lang='lat' dir='ltr'><strong>le-</strong></span> 
     </span>
     <span class='ocr_line' id='line_1_22' title="bbox 416 2001 1220 2059; baseline -0.004 -14"><span class='ocrx_word' id='word_1_156' title='bbox 416 2002 561 2059; x_wconf 86' lang='lat' dir='ltr'><strong>ctulo)</strong></span> <span class='ocrx_word' id='word_1_157' title='bbox 596 2004 864 2057; x_wconf 87' lang='lat' dir='ltr'><strong>proximo.</strong></span> <span class='ocrx_word' id='word_1_158' title='bbox 894 2001 1003 2044; x_wconf 84' lang='lat' dir='ltr'><strong>Nam</strong></span> <span class='ocrx_word' id='word_1_159' title='bbox 1034 2002 1220 2055; x_wconf 64' lang='grc' dir='ltr'><strong><em>ἔχεσθαί</em></strong></span> 
     </span>
     <span class='ocr_line' id='line_1_23' title="bbox 415 2060 1215 2114; baseline 0 -12"><span class='ocrx_word' id='word_1_160' title='bbox 415 2076 532 2107; x_wconf 82' lang='grc' dir='ltr'><strong><em>τινος</em></strong></span> <span class='ocrx_word' id='word_1_161' title='bbox 562 2066 631 2104; x_wconf 89' lang='lat' dir='ltr'><strong>est</strong></span> <span class='ocrx_word' id='word_1_162' title='bbox 660 2073 771 2102; x_wconf 85' lang='lat' dir='ltr'><strong>cum</strong></span> <span class='ocrx_word' id='word_1_163' title='bbox 805 2061 990 2114; x_wconf 82' lang='lat' dir='ltr'><strong>aliquo</strong></span> <span class='ocrx_word' id='word_1_164' title='bbox 1022 2060 1215 2103; x_wconf 83' lang='lat' dir='ltr'><strong>cohae-</strong></span> 
     </span>
     <span class='ocr_line' id='line_1_24' title="bbox 416 2118 1212 2173; baseline -0.001 -13"><span class='ocrx_word' id='word_1_165' title='bbox 416 2131 562 2169; x_wconf 87' lang='lat' dir='ltr'><strong>rere,</strong></span> <span class='ocrx_word' id='word_1_166' title='bbox 634 2118 886 2172; x_wconf 82' lang='lat' dir='ltr'>proxime</span> <span class='ocrx_word' id='word_1_167' title='bbox 947 2119 1112 2173; x_wconf 88' lang='lat' dir='ltr'><strong>sequi.</strong></span> <span class='ocrx_word' id='word_1_168' title='bbox 1172 2131 1212 2159; x_wconf 83' lang='lat' dir='ltr'><strong>v.</strong></span> 
     </span>
     <span class='ocr_line' id='line_1_25' title="bbox 415 2174 988 2231; baseline 0.004 -13"><span class='ocrx_word' id='word_1_169' title='bbox 415 2177 529 2218; x_wconf 76' lang='lat' dir='ltr'><strong>Ast.</strong></span> <span class='ocrx_word' id='word_1_170' title='bbox 558 2174 613 2218; x_wconf 86' lang='lat' dir='ltr'><strong>ad</strong></span> <span class='ocrx_word' id='word_1_171' title='bbox 643 2175 780 2229; x_wconf 84' lang='lat' dir='ltr'><strong>Legg.</strong></span> <span class='ocrx_word' id='word_1_172' title='bbox 814 2189 855 2231; x_wconf 93' lang='lat' dir='ltr'><strong>p.</strong></span> <span class='ocrx_word' id='word_1_173' title='bbox 887 2174 988 2220; x_wconf 79' lang='lat'>366.</span> 
     </span>
    </p>

    <p class='ocr_par' dir='ltr' id='par_1_9' title="bbox 406 2230 1218 3489">
     <span class='ocr_line' id='line_1_26' title="bbox 474 2230 1218 2289; baseline -0.001 -15"><span class='ocrx_word' id='word_1_174' title='bbox 474 2233 528 2276; x_wconf 89' lang='grc' dir='ltr'><strong>Ε.</strong></span> <span class='ocrx_word' id='word_1_175' title='bbox 585 2237 798 2287; x_wconf 79' lang='grc' dir='ltr'><strong><em>πρῶτον</em></strong></span> <span class='ocrx_word' id='word_1_176' title='bbox 827 2234 938 2289; x_wconf 74' lang='grc' dir='ltr'><strong><em>μέν,</em></strong></span> <span class='ocrx_word' id='word_1_177' title='bbox 968 2231 1028 2274; x_wconf 79' lang='grc' dir='ltr'><strong><em>τὸ</em></strong></span> <span class='ocrx_word' id='word_1_178' title='bbox 1067 2230 1218 2286; x_wconf 78' lang='grc' dir='ltr'><strong><em>λεγό-</em></strong></span> 
     </span>
     <span class='ocr_line' id='line_1_27' title="bbox 414 2289 1214 2346; baseline -0.001 -14"><span class='ocrx_word' id='word_1_179' title='bbox 414 2305 608 2346; x_wconf 80' lang='grc' dir='ltr'><strong><em>μενον,</em></strong></span> <span class='ocrx_word' id='word_1_180' title='bbox 650 2290 799 2337; x_wconf 79' lang='grc' dir='ltr'><strong><em>οἶνος</em></strong></span> <span class='ocrx_word' id='word_1_181' title='bbox 838 2289 930 2345; x_wconf 89' lang='grc'><strong>-]</strong></span> <span class='ocrx_word' id='word_1_182' title='bbox 990 2290 1214 2333; x_wconf 76' lang='lat' dir='ltr'><strong>Phaedon.</strong></span> 
     </span>
     <span class='ocr_line' id='line_1_28' title="bbox 414 2346 1213 2421; baseline -0.004 -32"><span class='ocrx_word' id='word_1_183' title='bbox 414 2361 452 2391; x_wconf 85' lang='lat' dir='ltr'><strong>c.</strong></span> <span class='ocrx_word' id='word_1_184' title='bbox 496 2348 574 2391; x_wconf 88' lang='lat' dir='ltr'><strong>XI.</strong></span> <span class='ocrx_word' id='word_1_185' title='bbox 612 2349 668 2390; x_wconf 75' lang='lat' dir='ltr'><strong>in.</strong></span> <span class='ocrx_word' id='word_1_186' title='bbox 714 2346 843 2397; x_wconf 76' lang='grc' dir='ltr'><strong><em>ω’ςτε,</em></strong></span> <span class='ocrx_word' id='word_1_187' title='bbox 880 2347 931 2389; x_wconf 77' lang='grc' dir='ltr'><strong><em>τὸ</em></strong></span> <span class='ocrx_word' id='word_1_188' title='bbox 973 2346 1213 2421; x_wconf 59' lang='grc' dir='ltr'><strong><em>λεῖόμειον,</em></strong></span> 
     </span>
     <span class='ocr_line' id='line_1_29' title="bbox 411 2404 1213 2461; baseline -0.001 -14"><span class='ocrx_word' id='word_1_189' title='bbox 411 2405 470 2452; x_wconf 75' lang='grc' dir='ltr'><strong>ὡς</strong></span> <span class='ocrx_word' id='word_1_190' title='bbox 507 2404 685 2459; x_wconf 80' lang='grc' dir='ltr'><strong><em>ἀληθῶς</em></strong></span> <span class='ocrx_word' id='word_1_191' title='bbox 722 2410 782 2461; x_wconf 80' lang='grc' dir='ltr'><strong><em>τῷ</em></strong></span> <span class='ocrx_word' id='word_1_192' title='bbox 823 2404 920 2446; x_wconf 57' lang='lat' dir='ltr'><strong>&amp;vn</strong></span> <span class='ocrx_word' id='word_1_193' title='bbox 948 2404 1010 2446; x_wconf 76' lang='grc' dir='ltr'><strong>ὁτι</strong></span> <span class='ocrx_word' id='word_1_194' title='bbox 1068 2405 1213 2446; x_wconf 74' lang='grc' dir='ltr'><strong><em>αὐτοῦ</em></strong></span> 
     </span>
     <span class='ocr_line' id='line_1_30' title="bbox 413 2461 1212 2520; baseline 0.001 -18"><span class='ocrx_word' id='word_1_195' title='bbox 413 2462 514 2505; x_wconf 69' lang='grc' dir='ltr'><strong><em>οὐδὲ</em></strong></span> <span class='ocrx_word' id='word_1_196' title='bbox 551 2467 765 2520; x_wconf 77' lang='grc' dir='ltr'><strong><em>φρονῆσαι</em></strong></span> <span class='ocrx_word' id='word_1_197' title='bbox 813 2461 914 2515; x_wconf 81' lang='grc' dir='ltr'><strong><em>ἡμῖν</em></strong></span> <span class='ocrx_word' id='word_1_198' title='bbox 951 2464 1212 2518; x_wconf 65' lang='grc' dir='ltr'><strong><em>ἐγγίγνεται,</em></strong></span> 
     </span>
     <span class='ocr_line' id='line_1_31' title="bbox 414 2521 1213 2576; baseline -0.001 -14"><span class='ocrx_word' id='word_1_199' title='bbox 414 2521 487 2563; x_wconf 89' lang='lat' dir='ltr'><strong>ubi</strong></span> <span class='ocrx_word' id='word_1_200' title='bbox 524 2534 565 2562; x_wconf 89' lang='lat' dir='ltr'><strong>v.</strong></span> <span class='ocrx_word' id='word_1_201' title='bbox 604 2525 748 2563; x_wconf 80' lang='lat' dir='ltr'><strong>annot.</strong></span> <span class='ocrx_word' id='word_1_202' title='bbox 819 2521 1072 2575; x_wconf 83' lang='lat' dir='ltr'><strong>Respicitur</strong></span> <span class='ocrx_word' id='word_1_203' title='bbox 1111 2533 1213 2576; x_wconf 88' lang='lat' dir='ltr'><strong>pro-</strong></span> 
     </span>
     <span class='ocr_line' id='line_1_32' title="bbox 414 2577 1217 2633; baseline 0.001 -14"><span class='ocrx_word' id='word_1_204' title='bbox 414 2579 607 2620; x_wconf 81' lang='lat' dir='ltr'><strong>verbium</strong></span> <span class='ocrx_word' id='word_1_205' title='bbox 642 2577 757 2624; x_wconf 80' lang='grc' dir='ltr'><strong><em>οἶνος</em></strong></span> <span class='ocrx_word' id='word_1_206' title='bbox 775 2578 846 2618; x_wconf 78' lang='grc' dir='ltr'><strong><em>καὶ</em></strong></span> <span class='ocrx_word' id='word_1_207' title='bbox 860 2577 1069 2631; x_wconf 73' lang='grc' dir='ltr'><strong><em>ἀλήθεια,</em></strong></span> <span class='ocrx_word' id='word_1_208' title='bbox 1101 2578 1217 2633; x_wconf 89' lang='lat' dir='ltr'><strong>quod</strong></span> 
     </span>
     <span class='ocr_line' id='line_1_33' title="bbox 414 2633 1216 2688; baseline 0 -12"><span class='ocrx_word' id='word_1_209' title='bbox 414 2637 600 2688; x_wconf 77' lang='lat' dir='ltr'><strong>explicat</strong></span> <span class='ocrx_word' id='word_1_210' title='bbox 636 2633 779 2677; x_wconf 86' lang='lat' dir='ltr'><strong>Schol.</strong></span> <span class='ocrx_word' id='word_1_211' title='bbox 824 2636 1054 2678; x_wconf 73' lang='lat' dir='ltr'><strong>Alcibiadis</strong></span> <span class='ocrx_word' id='word_1_212' title='bbox 1095 2649 1216 2678; x_wconf 85' lang='lat' dir='ltr'><strong>men-</strong></span> 
     </span>
     <span class='ocr_line' id='line_1_34' title="bbox 412 2692 1214 2746; baseline 0.002 -14"><span class='ocrx_word' id='word_1_213' title='bbox 412 2697 502 2735; x_wconf 89' lang='lat' dir='ltr'><strong>tem</strong></span> <span class='ocrx_word' id='word_1_214' title='bbox 557 2693 697 2746; x_wconf 79' lang='lat' dir='ltr'><strong>aperit</strong></span> <span class='ocrx_word' id='word_1_215' title='bbox 761 2692 1003 2734; x_wconf 86' lang='lat' dir='ltr'><strong>Photius</strong></span> <span class='ocrx_word' id='word_1_216' title='bbox 1062 2692 1214 2735; x_wconf 79' lang='lat' dir='ltr'><strong>Lexic.</strong></span> 
     </span>
     <span class='ocr_line' id='line_1_35' title="bbox 414 2747 1213 2802; baseline 0 -14"><span class='ocrx_word' id='word_1_217' title='bbox 414 2747 579 2793; x_wconf 77' lang='grc' dir='ltr'><strong><em>Οἴνος</em></strong></span> <span class='ocrx_word' id='word_1_218' title='bbox 616 2748 743 2788; x_wconf 75' lang='grc' dir='ltr'><strong><em>ἄνευ</em></strong></span> <span class='ocrx_word' id='word_1_219' title='bbox 795 2749 1036 2789; x_wconf 74' lang='grc' dir='ltr'><strong><em>παιδευτῶν</em></strong></span> <span class='ocrx_word' id='word_1_220' title='bbox 1078 2751 1213 2802; x_wconf 86' lang='lat' dir='ltr'><strong>(corr.</strong></span> 
     </span>
     <span class='ocr_line' id='line_1_36' title="bbox 410 2804 1213 2858; baseline -0.002 -14"><span class='ocrx_word' id='word_1_221' title='bbox 410 2805 627 2858; x_wconf 80' lang='grc' dir='ltr'><strong><em>παίδων),</em></strong></span> <span class='ocrx_word' id='word_1_222' title='bbox 671 2805 742 2857; x_wconf 71' lang='lat' dir='ltr'><strong>qui</strong></span> <span class='ocrx_word' id='word_1_223' title='bbox 783 2804 892 2854; x_wconf 77' lang='grc' dir='ltr'><strong>δυό,</strong></span> <span class='ocrx_word' id='word_1_224' title='bbox 933 2805 1088 2858; x_wconf 68' lang='lat' dir='ltr'><strong>inquit,</strong></span> <span class='ocrx_word' id='word_1_225' title='bbox 1129 2820 1213 2844; x_wconf 79' lang='grc' dir='ltr'><strong><em>πα-</em></strong></span> 
     </span>
     <span class='ocr_line' id='line_1_37' title="bbox 411 2859 1210 2931; baseline -0.003 -29"><span class='ocrx_word' id='word_1_226' title='bbox 411 2865 607 2931; x_wconf 81' lang='grc' dir='ltr'><strong><em>ροιμίαι·</em></strong></span> <span class='ocrx_word' id='word_1_227' title='bbox 655 2860 676 2913; x_wconf 77' lang='grc' dir='ltr'><em>ἡ</em></span> <span class='ocrx_word' id='word_1_228' title='bbox 708 2863 810 2915; x_wconf 65' lang='grc' dir='ltr'><strong><em>μὲν,</em></strong></span> <span class='ocrx_word' id='word_1_229' title='bbox 851 2877 891 2901; x_wconf 73' lang='grc' dir='ltr'><strong><em>οι</em></strong></span> <span class='ocrx_word' id='word_1_230' title='bbox 881 2861 966 2907; x_wconf 59' lang='lat' dir='ltr'><strong>hoe</strong></span> <span class='ocrx_word' id='word_1_231' title='bbox 1004 2861 1082 2901; x_wconf 75' lang='grc' dir='ltr'><strong><em>καῖ</em></strong></span> <span class='ocrx_word' id='word_1_232' title='bbox 1103 2859 1210 2914; x_wconf 59' lang='lat' dir='ltr'><strong>aiij-</strong></span> 
     </span>
     <span class='ocr_line' id='line_1_38' title="bbox 411 2916 1208 2972; baseline 0.001 -14"><span class='ocrx_word' id='word_1_233' title='bbox 411 2921 536 2972; x_wconf 73' lang='grc' dir='ltr'><strong><em>θεια,</em></strong></span> <span class='ocrx_word' id='word_1_234' title='bbox 567 2936 589 2971; x_wconf 81' lang='grc' dir='ltr'>η</span> <span class='ocrx_word' id='word_1_235' title='bbox 623 2918 678 2966; x_wconf 73' lang='grc' dir='ltr'><strong>δὲ,</strong></span> <span class='ocrx_word' id='word_1_236' title='bbox 700 2933 740 2957; x_wconf 93' lang='grc' dir='ltr'><strong><em>οι</em></strong></span> <span class='ocrx_word' id='word_1_237' title='bbox 726 2916 906 2964; x_wconf 75' lang='grc' dir='ltr'><strong><em>ἷνοςκαὶ</em></strong></span> <span class='ocrx_word' id='word_1_238' title='bbox 923 2919 1077 2964; x_wconf 76' lang='grc' dir='ltr'><strong><em>παῖδες</em></strong></span> <span class='ocrx_word' id='word_1_239' title='bbox 1107 2916 1208 2972; x_wconf 76' lang='grc' dir='ltr'><em>ἄλη·</em></span> 
     </span>
     <span class='ocr_line' id='line_1_39' title="bbox 411 2974 1211 3047; baseline -0.001 -31"><span class='ocrx_word' id='word_1_240' title='bbox 411 2979 521 3023; x_wconf 75' lang='grc' dir='ltr'><strong><em>θεῖς.</em></strong></span> <span class='ocrx_word' id='word_1_241' title='bbox 556 2974 836 3047; x_wconf 70' lang='grc' dir='ltr'><strong><em>λαμβάνεται</em></strong></span> <span class='ocrx_word' id='word_1_242' title='bbox 851 2975 895 3016; x_wconf 76' lang='grc' dir='ltr'><strong>δὲ</strong></span> <span class='ocrx_word' id='word_1_243' title='bbox 924 2977 994 3016; x_wconf 78' lang='grc' dir='ltr'><strong>καὶ</strong></span> <span class='ocrx_word' id='word_1_244' title='bbox 1023 2976 1098 3016; x_wconf 68' lang='grc' dir='ltr'><strong>ἐπὶ</strong></span> <span class='ocrx_word' id='word_1_245' title='bbox 1126 2981 1211 3017; x_wconf 82' lang='grc' dir='ltr'><strong>τῶν</strong></span> 
     </span>
     <span class='ocr_line' id='line_1_40' title="bbox 406 3028 1209 3087; baseline -0.004 -11"><span class='ocrx_word' id='word_1_246' title='bbox 406 3032 727 3087; x_wconf 68' lang='grc' dir='ltr'><strong><em>ἁπλοίζομένων</em></strong></span> <span class='ocrx_word' id='word_1_247' title='bbox 766 3030 838 3072; x_wconf 82' lang='grc' dir='ltr'><strong><em>καὶ</em></strong></span> <span class='ocrx_word' id='word_1_248' title='bbox 876 3028 954 3085; x_wconf 74' lang='grc' dir='ltr'><strong>τήν</strong></span> <span class='ocrx_word' id='word_1_249' title='bbox 988 3031 1068 3086; x_wconf 65' lang='lat' dir='ltr'><strong>«ibi</strong></span> <span class='ocrx_word' id='word_1_250' title='bbox 1077 3037 1209 3075; x_wconf 74' lang='grc' dir='ltr'><strong><em>9ειαν</em></strong></span> 
     </span>
     <span class='ocr_line' id='line_1_41' title="bbox 411 3089 1207 3147; baseline 0.003 -16"><span class='ocrx_word' id='word_1_251' title='bbox 411 3090 633 3147; x_wconf 75' lang='grc' dir='ltr'><strong><em>λεγόντων.</em></strong></span> <span class='ocrx_word' id='word_1_252' title='bbox 703 3089 803 3131; x_wconf 85' lang='lat' dir='ltr'><strong>Hoc</strong></span> <span class='ocrx_word' id='word_1_253' title='bbox 842 3102 925 3132; x_wconf 89' lang='lat' dir='ltr'><strong>nou</strong></span> <span class='ocrx_word' id='word_1_254' title='bbox 966 3091 1207 3146; x_wconf 84' lang='lat' dir='ltr'><strong>intelligens</strong></span> 
     </span>
     <span class='ocr_line' id='line_1_42' title="bbox 410 3147 1208 3191; baseline -0.001 0"><span class='ocrx_word' id='word_1_255' title='bbox 410 3147 756 3191; x_wconf 84' lang='lat' dir='ltr'><strong>Hommelius</strong></span> <span class='ocrx_word' id='word_1_256' title='bbox 777 3148 931 3190; x_wconf 81' lang='lat' dir='ltr'><strong>misere</strong></span> <span class='ocrx_word' id='word_1_257' title='bbox 953 3147 1007 3190; x_wconf 93' lang='lat' dir='ltr'><strong>de</strong></span> <span class='ocrx_word' id='word_1_258' title='bbox 1026 3154 1121 3191; x_wconf 86' lang='lat' dir='ltr'><strong>toto</strong></span> <span class='ocrx_word' id='word_1_259' title='bbox 1142 3150 1208 3190; x_wconf 90' lang='lat' dir='ltr'><strong>lo-</strong></span> 
     </span>
     <span class='ocr_line' id='line_1_43' title="bbox 414 3205 1207 3262; baseline 0 -15"><span class='ocrx_word' id='word_1_260' title='bbox 414 3220 466 3248; x_wconf 86' lang='lat' dir='ltr'><strong>co</strong></span> <span class='ocrx_word' id='word_1_261' title='bbox 498 3210 684 3262; x_wconf 80' lang='lat' dir='ltr'><strong>nugatus</strong></span> <span class='ocrx_word' id='word_1_262' title='bbox 713 3210 794 3247; x_wconf 87' lang='lat' dir='ltr'><strong>est.</strong></span> <span class='ocrx_word' id='word_1_263' title='bbox 857 3205 1087 3247; x_wconf 80' lang='lat' dir='ltr'><strong>Praeterea</strong></span> <span class='ocrx_word' id='word_1_264' title='bbox 1127 3207 1207 3247; x_wconf 83' lang='lat' dir='ltr'><strong>ad-</strong></span> 
     </span>
     <span class='ocr_line' id='line_1_44' title="bbox 411 3262 1206 3307; baseline 0 -3"><span class='ocrx_word' id='word_1_265' title='bbox 411 3269 555 3307; x_wconf 78' lang='lat' dir='ltr'><strong>vertes</strong></span> <span class='ocrx_word' id='word_1_266' title='bbox 587 3263 734 3306; x_wconf 77' lang='lat' dir='ltr'><strong>aoristi</strong></span> <span class='ocrx_word' id='word_1_267' title='bbox 772 3273 893 3305; x_wconf 86' lang='lat' dir='ltr'><strong>usum</strong></span> <span class='ocrx_word' id='word_1_268' title='bbox 928 3263 969 3303; x_wconf 89' lang='lat' dir='ltr'><strong>in</strong></span> <span class='ocrx_word' id='word_1_269' title='bbox 1000 3262 1086 3305; x_wconf 83' lang='lat' dir='ltr'><strong>his:</strong></span> <span class='ocrx_word' id='word_1_270' title='bbox 1125 3264 1206 3305; x_wconf 74' lang='grc' dir='ltr'><strong><em>οὐκ</em></strong></span> 
     </span>
     <span class='ocr_line' id='line_1_45' title="bbox 411 3317 1206 3376; baseline -0.004 -15"><span class='ocrx_word' id='word_1_271' title='bbox 411 3321 466 3361; x_wconf 79' lang='grc' dir='ltr'><strong>ἅν</strong></span> <span class='ocrx_word' id='word_1_272' title='bbox 495 3336 583 3376; x_wconf 84' lang='grc' dir='ltr'><strong><em>μου</em></strong></span> <span class='ocrx_word' id='word_1_273' title='bbox 614 3317 831 3374; x_wconf 72' lang='grc' dir='ltr'><strong><em>ἠκούσατε</em></strong></span> <span class='ocrx_word' id='word_1_274' title='bbox 863 3319 1082 3374; x_wconf 66' lang='grc' dir='ltr'><strong><em>λέγοντος,</em></strong></span> <span class='ocrx_word' id='word_1_275' title='bbox 1126 3335 1206 3375; x_wconf 83' lang='lat' dir='ltr'><strong>pro</strong></span> 
     </span>
     <span class='ocr_line' id='line_1_46' title="bbox 407 3376 1206 3432; baseline 0.001 -13"><span class='ocrx_word' id='word_1_276' title='bbox 407 3391 493 3432; x_wconf 83' lang='lat' dir='ltr'><strong>quo</strong></span> <span class='ocrx_word' id='word_1_277' title='bbox 532 3379 629 3432; x_wconf 86' lang='lat' dir='ltr'><strong>quis</strong></span> <span class='ocrx_word' id='word_1_278' title='bbox 673 3382 740 3419; x_wconf 89' lang='lat' dir='ltr'><strong>est</strong></span> <span class='ocrx_word' id='word_1_279' title='bbox 769 3376 838 3432; x_wconf 83' lang='lat' dir='ltr'><strong>qui</strong></span> <span class='ocrx_word' id='word_1_280' title='bbox 867 3389 951 3419; x_wconf 88' lang='lat' dir='ltr'><strong>non</strong></span> <span class='ocrx_word' id='word_1_281' title='bbox 983 3384 1206 3432; x_wconf 83' lang='lat' dir='ltr'><strong>exspectn—</strong></span> 
     </span>
     <span class='ocr_line' id='line_1_47' title="bbox 409 3434 1206 3489; baseline 0.003 -12"><span class='ocrx_word' id='word_1_282' title='bbox 409 3436 516 3479; x_wconf 82' lang='lat' dir='ltr'><strong>verit</strong></span> <span class='ocrx_word' id='word_1_283' title='bbox 557 3434 767 3489; x_wconf 60' lang='grc' dir='ltr'><strong><em>ἦκούετεὲ</em></strong></span> <span class='ocrx_word' id='word_1_284' title='bbox 835 3435 893 3477; x_wconf 74' lang='lat' dir='ltr'><strong>At</strong></span> <span class='ocrx_word' id='word_1_285' title='bbox 932 3435 1043 3478; x_wconf 87' lang='lat' dir='ltr'><strong>enim</strong></span> <span class='ocrx_word' id='word_1_286' title='bbox 1085 3442 1206 3480; x_wconf 81' lang='lat' dir='ltr'><strong>recte</strong></span> 
     </span>
    </p>
   </div>
   <div class='ocr_carea' id='block_1_8' title="bbox 1289 1658 2102 3493">
    <p class='ocr_par' dir='ltr' id='par_1_10' title="bbox 1298 1658 2102 1875">
     <span class='ocr_line' id='line_1_48' title="bbox 1299 1658 2102 1716; baseline 0.006 -16"><span class='ocrx_word' id='word_1_287' title='bbox 1299 1659 1437 1701; x_wconf 88' lang='lat' dir='ltr'><strong>utitur</strong></span> <span class='ocrx_word' id='word_1_288' title='bbox 1467 1659 1627 1702; x_wconf 84' lang='lat' dir='ltr'><strong>aoristo</strong></span> <span class='ocrx_word' id='word_1_289' title='bbox 1648 1658 1728 1702; x_wconf 87' lang='lat' dir='ltr'><strong>hoc</strong></span> <span class='ocrx_word' id='word_1_290' title='bbox 1756 1660 1923 1704; x_wconf 79' lang='lat' dir='ltr'><strong>dicens:</strong></span> <span class='ocrx_word' id='word_1_291' title='bbox 1956 1662 2102 1716; x_wconf 86' lang='lat' dir='ltr'><strong>quod</strong></span> 
     </span>
     <span class='ocr_line' id='line_1_49' title="bbox 1298 1717 2102 1772; baseline 0.005 -14"><span class='ocrx_word' id='word_1_292' title='bbox 1298 1722 1474 1759; x_wconf 82' lang='lat' dir='ltr'><strong>autem</strong></span> <span class='ocrx_word' id='word_1_293' title='bbox 1506 1717 1775 1772; x_wconf 81' lang='lat' dir='ltr'><strong>deinceps</strong></span> <span class='ocrx_word' id='word_1_294' title='bbox 1806 1718 2008 1772; x_wconf 79' lang='lat' dir='ltr'><strong>dicam,</strong></span> <span class='ocrx_word' id='word_1_295' title='bbox 2048 1720 2102 1762; x_wconf 89' lang='lat' dir='ltr'><strong>id</strong></span> 
     </span>
     <span class='ocr_line' id='line_1_50' title="bbox 1298 1774 2101 1820; baseline 0.006 -5"><span class='ocrx_word' id='word_1_296' title='bbox 1298 1787 1407 1816; x_wconf 85' lang='lat' dir='ltr'><strong>non</strong></span> <span class='ocrx_word' id='word_1_297' title='bbox 1437 1774 1515 1816; x_wconf 87' lang='lat' dir='ltr'><strong>sic</strong></span> <span class='ocrx_word' id='word_1_298' title='bbox 1555 1777 1742 1819; x_wconf 85' lang='lat' dir='ltr'><strong>statim</strong></span> <span class='ocrx_word' id='word_1_299' title='bbox 1771 1788 1800 1818; x_wconf 74' lang='lat' dir='ltr'>a</span> <span class='ocrx_word' id='word_1_300' title='bbox 1828 1787 1907 1820; x_wconf 82' lang='lat' dir='ltr'><strong>me</strong></span> <span class='ocrx_word' id='word_1_301' title='bbox 1946 1777 2101 1820; x_wconf 79' lang='lat' dir='ltr'><strong>audi-</strong></span> 
     </span>
     <span class='ocr_line' id='line_1_51' title="bbox 1299 1832 1455 1875; baseline -0.006 0"><span class='ocrx_word' id='word_1_302' title='bbox 1299 1832 1455 1875; x_wconf 88' lang='lat' dir='ltr'><strong>retis.</strong></span> 
     </span>
    </p>

    <p class='ocr_par' dir='ltr' id='par_1_11' title="bbox 1298 1887 2100 2162">
     <span class='ocr_line' id='line_1_52' title="bbox 1356 1887 2100 1948; baseline 0.007 -19"><span class='ocrx_word' id='word_1_303' title='bbox 1356 1889 1543 1931; x_wconf 77' lang='grc' dir='ltr'><strong><em>ἔπειτα</em></strong></span> <span class='ocrx_word' id='word_1_304' title='bbox 1592 1887 1864 1944; x_wconf 74' lang='grc' dir='ltr'><strong><em>ἀφανίσαι</em></strong></span> <span class='ocrx_word' id='word_1_305' title='bbox 1895 1914 1946 1924; x_wconf 89' lang='lat'><strong>—-</strong></span> <span class='ocrx_word' id='word_1_306' title='bbox 1979 1892 2100 1948; x_wconf 83' lang='grc' dir='ltr'><strong><em>φαί-</em></strong></span> 
     </span>
     <span class='ocr_line' id='line_1_53' title="bbox 1299 1945 2096 2001; baseline 0.006 -14"><span class='ocrx_word' id='word_1_307' title='bbox 1299 1945 1477 2001; x_wconf 79' lang='grc' dir='ltr'><strong><em>νεται]</em></strong></span> <span class='ocrx_word' id='word_1_308' title='bbox 1538 1946 1663 1990; x_wconf 82' lang='lat' dir='ltr'><strong>Haec</strong></span> <span class='ocrx_word' id='word_1_309' title='bbox 1711 1947 1925 1991; x_wconf 80' lang='lat' dir='ltr'><strong>adduntur</strong></span> <span class='ocrx_word' id='word_1_310' title='bbox 1981 1951 2096 1993; x_wconf 84' lang='lat' dir='ltr'><strong>nulla</strong></span> 
     </span>
     <span class='ocr_line' id='line_1_54' title="bbox 1299 2003 2098 2059; baseline 0.008 -14"><span class='ocrx_word' id='word_1_311' title='bbox 1299 2005 1485 2059; x_wconf 81' lang='lat' dir='ltr'><strong>amplius</strong></span> <span class='ocrx_word' id='word_1_312' title='bbox 1515 2003 1656 2049; x_wconf 77' lang='lat' dir='ltr'><strong>habita</strong></span> <span class='ocrx_word' id='word_1_313' title='bbox 1687 2005 1944 2048; x_wconf 89' lang='lat' dir='ltr'><strong>conditionis</strong></span> <span class='ocrx_word' id='word_1_314' title='bbox 1963 2007 2098 2050; x_wconf 70' lang='lat' dir='ltr'><strong>ratio-</strong></span> 
     </span>
     <span class='ocr_line' id='line_1_55' title="bbox 1299 2063 2094 2114; baseline 0.005 -11"><span class='ocrx_word' id='word_1_315' title='bbox 1299 2074 1368 2114; x_wconf 82' lang='lat' dir='ltr'><strong>ne,</strong></span> <span class='ocrx_word' id='word_1_316' title='bbox 1401 2074 1525 2104; x_wconf 84' lang='lat' dir='ltr'><strong>cursu</strong></span> <span class='ocrx_word' id='word_1_317' title='bbox 1546 2063 1751 2105; x_wconf 82' lang='lat' dir='ltr'><strong>orationis</strong></span> <span class='ocrx_word' id='word_1_318' title='bbox 1781 2063 1964 2106; x_wconf 88' lang='lat' dir='ltr'><strong>nonnihil</strong></span> <span class='ocrx_word' id='word_1_319' title='bbox 1995 2078 2094 2107; x_wconf 90' lang='lat' dir='ltr'><strong>mu-</strong></span> 
     </span>
     <span class='ocr_line' id='line_1_56' title="bbox 1298 2123 1407 2162; baseline 0.009 -1"><span class='ocrx_word' id='word_1_320' title='bbox 1298 2123 1407 2162; x_wconf 81' lang='lat' dir='ltr'><strong>tato.</strong></span> 
     </span>
    </p>

    <p class='ocr_par' dir='ltr' id='par_1_12' title="bbox 1289 2174 2097 3262">
     <span class='ocr_line' id='line_1_57' title="bbox 1359 2174 2097 2233; baseline 0.001 -16"><span class='ocrx_word' id='word_1_321' title='bbox 1359 2174 1421 2217; x_wconf 82' lang='grc' dir='ltr'>τὸ</span> <span class='ocrx_word' id='word_1_322' title='bbox 1482 2181 1604 2218; x_wconf 76' lang='grc' dir='ltr'><strong><em>τοῦ·’</em></strong></span> <span class='ocrx_word' id='word_1_323' title='bbox 1644 2176 1954 2232; x_wconf 73' lang='grc' dir='ltr'><strong><em>δηχθέντος</em></strong></span> <span class='ocrx_word' id='word_1_324' title='bbox 2001 2179 2097 2233; x_wconf 89' lang='lat'><strong>—]</strong></span> 
     </span>
     <span class='ocr_line' id='line_1_58' title="bbox 1301 2234 2096 2289; baseline 0.004 -14"><span class='ocrx_word' id='word_1_325' title='bbox 1301 2234 1430 2276; x_wconf 87' lang='lat' dir='ltr'><strong>Hunc</strong></span> <span class='ocrx_word' id='word_1_326' title='bbox 1458 2235 1602 2276; x_wconf 85' lang='lat' dir='ltr'><strong>locum</strong></span> <span class='ocrx_word' id='word_1_327' title='bbox 1635 2235 1765 2277; x_wconf 87' lang='lat' dir='ltr'><strong>docte</strong></span> <span class='ocrx_word' id='word_1_328' title='bbox 1786 2235 2096 2289; x_wconf 74' lang='lat' dir='ltr'><strong>interpretatus</strong></span> 
     </span>
     <span class='ocr_line' id='line_1_59' title="bbox 1301 2292 2094 2338; baseline 0.005 -4"><span class='ocrx_word' id='word_1_329' title='bbox 1301 2296 1370 2334; x_wconf 87' lang='lat' dir='ltr'><strong>est</strong></span> <span class='ocrx_word' id='word_1_330' title='bbox 1402 2292 1629 2334; x_wconf 90' lang='lat' dir='ltr'><strong>Petitus</strong></span> <span class='ocrx_word' id='word_1_331' title='bbox 1664 2293 1845 2336; x_wconf 84' lang='lat' dir='ltr'><strong>Miscell.</strong></span> <span class='ocrx_word' id='word_1_332' title='bbox 1878 2293 2009 2336; x_wconf 87' lang='lat' dir='ltr'><strong>Obss.</strong></span> <span class='ocrx_word' id='word_1_333' title='bbox 2041 2294 2094 2338; x_wconf 90' lang='lat'><strong>11.</strong></span> 
     </span>
     <span class='ocr_line' id='line_1_60' title="bbox 1302 2350 2096 2405; baseline 0 -11"><span class='ocrx_word' id='word_1_334' title='bbox 1302 2350 1367 2394; x_wconf 88' lang='lat'><strong>15.</strong></span> <span class='ocrx_word' id='word_1_335' title='bbox 1441 2350 1584 2394; x_wconf 82' lang='lat' dir='ltr'><strong>Quum</strong></span> <span class='ocrx_word' id='word_1_336' title='bbox 1643 2351 1754 2392; x_wconf 90' lang='lat' dir='ltr'><strong>enim</strong></span> <span class='ocrx_word' id='word_1_337' title='bbox 1807 2352 1878 2404; x_wconf 85' lang='lat' dir='ltr'><strong>qui</strong></span> <span class='ocrx_word' id='word_1_338' title='bbox 1922 2352 2096 2405; x_wconf 80' lang='lat' dir='ltr'><strong>viperae</strong></span> 
     </span>
     <span class='ocr_line' id='line_1_61' title="bbox 1297 2408 2094 2462; baseline 0.001 -13"><span class='ocrx_word' id='word_1_339' title='bbox 1297 2420 1446 2450; x_wconf 88' lang='lat' dir='ltr'><strong>morsu</strong></span> <span class='ocrx_word' id='word_1_340' title='bbox 1478 2408 1689 2450; x_wconf 84' lang='lat' dir='ltr'><strong>vulnerati</strong></span> <span class='ocrx_word' id='word_1_341' title='bbox 1726 2413 1850 2450; x_wconf 80' lang='lat' dir='ltr'><strong>erant</strong></span> <span class='ocrx_word' id='word_1_342' title='bbox 1883 2410 2094 2462; x_wconf 88' lang='lat' dir='ltr'><strong>supersti-</strong></span> 
     </span>
     <span class='ocr_line' id='line_1_62' title="bbox 1295 2465 2095 2521; baseline 0.003 -15"><span class='ocrx_word' id='word_1_343' title='bbox 1295 2465 1412 2507; x_wconf 82' lang='lat' dir='ltr'><strong>tione</strong></span> <span class='ocrx_word' id='word_1_344' title='bbox 1461 2465 1579 2507; x_wconf 87' lang='lat' dir='ltr'><strong>ducti</strong></span> <span class='ocrx_word' id='word_1_345' title='bbox 1622 2466 1814 2508; x_wconf 81' lang='lat' dir='ltr'><strong>solerent</strong></span> <span class='ocrx_word' id='word_1_346' title='bbox 1862 2466 2095 2521; x_wconf 79' lang='lat' dir='ltr'><strong>confugere</strong></span> 
     </span>
     <span class='ocr_line' id='line_1_63' title="bbox 1298 2522 2092 2575; baseline 0 -11"><span class='ocrx_word' id='word_1_347' title='bbox 1298 2522 1352 2564; x_wconf 88' lang='lat' dir='ltr'><strong>ad</strong></span> <span class='ocrx_word' id='word_1_348' title='bbox 1402 2536 1525 2565; x_wconf 87' lang='lat' dir='ltr'><strong>usum</strong></span> <span class='ocrx_word' id='word_1_349' title='bbox 1583 2535 1731 2565; x_wconf 85' lang='lat' dir='ltr'><strong>eorum</strong></span> <span class='ocrx_word' id='word_1_350' title='bbox 1790 2522 2092 2575; x_wconf 85' lang='lat' dir='ltr'><strong>remediorum,</strong></span> 
     </span>
     <span class='ocr_line' id='line_1_64' title="bbox 1298 2579 2092 2635; baseline 0.001 -15"><span class='ocrx_word' id='word_1_351' title='bbox 1298 2593 1408 2633; x_wconf 81' lang='lat' dir='ltr'><strong>quae</strong></span> <span class='ocrx_word' id='word_1_352' title='bbox 1448 2579 1796 2635; x_wconf 79' lang='lat' dir='ltr'><strong>prudentioribus</strong></span> <span class='ocrx_word' id='word_1_353' title='bbox 1835 2581 1965 2622; x_wconf 80' lang='lat' dir='ltr'><strong>risum</strong></span> <span class='ocrx_word' id='word_1_354' title='bbox 1997 2592 2092 2621; x_wconf 93' lang='lat' dir='ltr'><strong>mo-</strong></span> 
     </span>
     <span class='ocr_line' id='line_1_65' title="bbox 1298 2637 2094 2689; baseline 0.003 -12"><span class='ocrx_word' id='word_1_355' title='bbox 1298 2642 1446 2679; x_wconf 85' lang='lat' dir='ltr'><strong>verent</strong></span> <span class='ocrx_word' id='word_1_356' title='bbox 1485 2637 1670 2689; x_wconf 88' lang='lat' dir='ltr'><strong>ideoque</strong></span> <span class='ocrx_word' id='word_1_357' title='bbox 1709 2637 1801 2679; x_wconf 77' lang='lat' dir='ltr'><strong>aliis</strong></span> <span class='ocrx_word' id='word_1_358' title='bbox 1838 2637 2008 2679; x_wconf 79' lang='lat' dir='ltr'><strong>indicari</strong></span> <span class='ocrx_word' id='word_1_359' title='bbox 2050 2644 2094 2679; x_wconf 89' lang='lat' dir='ltr'><strong>et</strong></span> 
     </span>
     <span class='ocr_line' id='line_1_66' title="bbox 1297 2694 2091 2749; baseline 0.003 -15"><span class='ocrx_word' id='word_1_360' title='bbox 1297 2695 1456 2735; x_wconf 80' lang='lat' dir='ltr'><strong>narrari</strong></span> <span class='ocrx_word' id='word_1_361' title='bbox 1487 2706 1569 2734; x_wconf 92' lang='lat' dir='ltr'><strong>non</strong></span> <span class='ocrx_word' id='word_1_362' title='bbox 1601 2694 1724 2736; x_wconf 80' lang='lat' dir='ltr'><strong>facile</strong></span> <span class='ocrx_word' id='word_1_363' title='bbox 1753 2698 1955 2749; x_wconf 85' lang='lat' dir='ltr'><strong>possent,</strong></span> <span class='ocrx_word' id='word_1_364' title='bbox 2000 2696 2091 2736; x_wconf 90' lang='lat' dir='ltr'><strong>ele—</strong></span> 
     </span>
     <span class='ocr_line' id='line_1_67' title="bbox 1296 2749 2091 2806; baseline 0.005 -16"><span class='ocrx_word' id='word_1_365' title='bbox 1296 2754 1448 2802; x_wconf 81' lang='lat' dir='ltr'><strong>ganter</strong></span> <span class='ocrx_word' id='word_1_366' title='bbox 1488 2749 1732 2791; x_wconf 77' lang='lat' dir='ltr'><strong>Alcibiades</strong></span> <span class='ocrx_word' id='word_1_367' title='bbox 1780 2763 1829 2793; x_wconf 85' lang='lat' dir='ltr'><strong>se</strong></span> <span class='ocrx_word' id='word_1_368' title='bbox 1867 2757 2091 2806; x_wconf 75' lang='lat' dir='ltr'><strong>comparat</strong></span> 
     </span>
     <span class='ocr_line' id='line_1_68' title="bbox 1298 2807 2090 2862; baseline 0.005 -15"><span class='ocrx_word' id='word_1_369' title='bbox 1298 2818 1395 2848; x_wconf 88' lang='lat' dir='ltr'><strong>cum</strong></span> <span class='ocrx_word' id='word_1_370' title='bbox 1449 2807 1662 2848; x_wconf 88' lang='lat' dir='ltr'><strong>eiusmodi</strong></span> <span class='ocrx_word' id='word_1_371' title='bbox 1703 2807 1966 2861; x_wconf 85' lang='lat' dir='ltr'><strong>bominibus,</strong></span> <span class='ocrx_word' id='word_1_372' title='bbox 2018 2810 2090 2862; x_wconf 87' lang='lat' dir='ltr'><strong>qui</strong></span> 
     </span>
     <span class='ocr_line' id='line_1_69' title="bbox 1291 2864 2088 2918; baseline 0.005 -14"><span class='ocrx_word' id='word_1_373' title='bbox 1291 2868 1340 2904; x_wconf 89' lang='lat' dir='ltr'><strong>ut</strong></span> <span class='ocrx_word' id='word_1_374' title='bbox 1398 2864 1601 2918; x_wconf 83' lang='lat' dir='ltr'><strong>vipereos</strong></span> <span class='ocrx_word' id='word_1_375' title='bbox 1651 2864 1825 2907; x_wconf 87' lang='lat' dir='ltr'><strong>dolores</strong></span> <span class='ocrx_word' id='word_1_376' title='bbox 1885 2866 2088 2918; x_wconf 83' lang='lat' dir='ltr'><strong>lenirent,</strong></span> 
     </span>
     <span class='ocr_line' id='line_1_70' title="bbox 1293 2921 2088 2977; baseline 0.004 -15"><span class='ocrx_word' id='word_1_377' title='bbox 1293 2921 1434 2962; x_wconf 78' lang='lat' dir='ltr'><strong>omnia</strong></span> <span class='ocrx_word' id='word_1_378' title='bbox 1458 2922 1695 2976; x_wconf 78' lang='lat' dir='ltr'><strong>tentabant,</strong></span> <span class='ocrx_word' id='word_1_379' title='bbox 1712 2923 1854 2976; x_wconf 78' lang='lat' dir='ltr'><strong>aitque</strong></span> <span class='ocrx_word' id='word_1_380' title='bbox 1871 2935 1934 2975; x_wconf 90' lang='lat' dir='ltr'><strong>se,</strong></span> <span class='ocrx_word' id='word_1_381' title='bbox 1951 2936 2088 2977; x_wconf 75' lang='lat' dir='ltr'><strong>quen-—</strong></span> 
     </span>
     <span class='ocr_line' id='line_1_71' title="bbox 1292 2979 2086 3046; baseline 0.005 -27"><span class='ocrx_word' id='word_1_382' title='bbox 1292 2984 1443 3046; x_wconf 86' lang='lat' dir='ltr'><strong>topere</strong></span> <span class='ocrx_word' id='word_1_383' title='bbox 1474 2979 1669 3021; x_wconf 77' lang='lat' dir='ltr'><strong>Socratis</strong></span> <span class='ocrx_word' id='word_1_384' title='bbox 1702 2993 1925 3022; x_wconf 86' lang='lat' dir='ltr'><strong>sermones</strong></span> <span class='ocrx_word' id='word_1_385' title='bbox 1952 2981 2086 3036; x_wconf 82' lang='lat' dir='ltr'><strong>ipsius</strong></span> 
     </span>
     <span class='ocr_line' id='line_1_72' title="bbox 1291 3037 2087 3094; baseline 0.005 -18"><span class='ocrx_word' id='word_1_386' title='bbox 1291 3037 1478 3078; x_wconf 77' lang='lat' dir='ltr'><strong>animum</strong></span> <span class='ocrx_word' id='word_1_387' title='bbox 1518 3037 1829 3079; x_wconf 89' lang='lat' dir='ltr'><strong>momorderint</strong></span> <span class='ocrx_word' id='word_1_388' title='bbox 1867 3042 1912 3079; x_wconf 90' lang='lat' dir='ltr'><strong>et</strong></span> <span class='ocrx_word' id='word_1_389' title='bbox 1948 3051 2087 3094; x_wconf 87' lang='lat' dir='ltr'><strong>pupu-</strong></span> 
     </span>
     <span class='ocr_line' id='line_1_73' title="bbox 1290 3093 2086 3151; baseline 0.005 -17.01"><span class='ocrx_word' id='word_1_390' title='bbox 1290 3093 1445 3146; x_wconf 78' lang='lat' dir='ltr'><strong>gerint,</strong></span> <span class='ocrx_word' id='word_1_391' title='bbox 1477 3095 1664 3135; x_wconf 88' lang='lat' dir='ltr'><strong>convivis</strong></span> <span class='ocrx_word' id='word_1_392' title='bbox 1693 3100 1954 3138; x_wconf 76' lang='lat' dir='ltr'><strong>narraturum</strong></span> <span class='ocrx_word' id='word_1_393' title='bbox 1981 3109 2086 3151; x_wconf 88' lang='lat' dir='ltr'><strong>pro-</strong></span> 
     </span>
     <span class='ocr_line' id='line_1_74' title="bbox 1289 3123 2087 3207; baseline 0.005 -15"><span class='ocrx_word' id='word_1_394' title='bbox 1289 3123 1464 3204; x_wconf 66' lang='lat' dir='ltr'><strong>pterea&#39;,</strong></span> <span class='ocrx_word' id='word_1_395' title='bbox 1510 3151 1626 3204; x_wconf 87' lang='lat' dir='ltr'><strong>quod</strong></span> <span class='ocrx_word' id='word_1_396' title='bbox 1664 3156 1709 3193; x_wconf 90' lang='lat' dir='ltr'><strong>et</strong></span> <span class='ocrx_word' id='word_1_397' title='bbox 1736 3153 1818 3206; x_wconf 88' lang='lat' dir='ltr'><strong>ipsi</strong></span> <span class='ocrx_word' id='word_1_398' title='bbox 1849 3154 1934 3195; x_wconf 78' lang='lat' dir='ltr'><strong>tale</strong></span> <span class='ocrx_word' id='word_1_399' title='bbox 1963 3152 2087 3207; x_wconf 84' lang='lat' dir='ltr'><strong>quid-</strong></span> 
     </span>
     <span class='ocr_line' id='line_1_75' title="bbox 1292 3207 1983 3262; baseline 0.004 -13"><span class='ocrx_word' id='word_1_400' title='bbox 1292 3207 1390 3249; x_wconf 84' lang='lat' dir='ltr'><strong>dam</strong></span> <span class='ocrx_word' id='word_1_401' title='bbox 1423 3209 1588 3262; x_wconf 86' lang='lat' dir='ltr'><strong>experti</strong></span> <span class='ocrx_word' id='word_1_402' title='bbox 1619 3222 1715 3251; x_wconf 89' lang='lat' dir='ltr'><strong>esse</strong></span> <span class='ocrx_word' id='word_1_403' title='bbox 1744 3209 1983 3254; x_wconf 81' lang='lat' dir='ltr'><strong>videantur.</strong></span> 
     </span>
    </p>

    <p class='ocr_par' dir='ltr' id='par_1_13' title="bbox 1289 3261 2086 3493">
     <span class='ocr_line' id='line_1_76' title="bbox 1348 3261 2084 3323; baseline 0.001 -15"><span class='ocrx_word' id='word_1_404' title='bbox 1348 3265 1400 3308; x_wconf 87' lang='lat' dir='ltr'><strong>P·</strong></span> <span class='ocrx_word' id='word_1_405' title='bbox 1421 3264 1519 3310; x_wconf 78' lang='lat'>218.</span> <span class='ocrx_word' id='word_1_406' title='bbox 1571 3265 1666 3319; x_wconf 74' lang='grc' dir='ltr'><strong>ἐγὼ</strong></span> <span class='ocrx_word' id='word_1_407' title='bbox 1698 3261 1792 3306; x_wconf 81' lang='grc' dir='ltr'><strong>ουν</strong></span> <span class='ocrx_word' id='word_1_408' title='bbox 1824 3267 2084 3323; x_wconf 66' lang='grc' dir='ltr'><strong>δεδηγμέ-</strong></span> 
     </span>
     <span class='ocr_line' id='line_1_77' title="bbox 1289 3322 2086 3378; baseline 0.003 -15"><span class='ocrx_word' id='word_1_409' title='bbox 1289 3338 1378 3369; x_wconf 82' lang='grc' dir='ltr'><strong>νος</strong></span> <span class='ocrx_word' id='word_1_410' title='bbox 1425 3323 1510 3378; x_wconf 92' lang='lat'><strong>—]</strong></span> <span class='ocrx_word' id='word_1_411' title='bbox 1574 3322 1875 3373; x_wconf 70' lang='lat' dir='ltr'><strong>Anacoluthia..</strong></span> <span class='ocrx_word' id='word_1_412' title='bbox 1909 3337 2086 3378; x_wconf 86' lang='lat' dir='ltr'><strong>prorsus</strong></span> 
     </span>
     <span class='ocr_line' id='line_1_78' title="bbox 1290 3379 2085 3435; baseline 0.003 -13"><span class='ocrx_word' id='word_1_413' title='bbox 1290 3379 1482 3434; x_wconf 83' lang='lat' dir='ltr'><strong>egregia</strong></span> <span class='ocrx_word' id='word_1_414' title='bbox 1493 3385 1537 3422; x_wconf 90' lang='lat' dir='ltr'><strong>et</strong></span> <span class='ocrx_word' id='word_1_415' title='bbox 1575 3380 1636 3423; x_wconf 90' lang='lat' dir='ltr'><strong>rei</strong></span> <span class='ocrx_word' id='word_1_416' title='bbox 1665 3381 1744 3435; x_wconf 86' lang='lat' dir='ltr'><strong>ipsi</strong></span> <span class='ocrx_word' id='word_1_417' title='bbox 1780 3382 2085 3424; x_wconf 80' lang='lat' dir='ltr'><strong>accommoda-</strong></span> 
     </span>
     <span class='ocr_line' id='line_1_79' title="bbox 1291 3438 2086 3493; baseline 0.005 -14"><span class='ocrx_word' id='word_1_418' title='bbox 1291 3442 1357 3491; x_wconf 81' lang='lat' dir='ltr'><strong>ta,</strong></span> <span class='ocrx_word' id='word_1_419' title='bbox 1395 3438 1555 3493; x_wconf 84' lang='lat' dir='ltr'><strong>quippe</strong></span> <span class='ocrx_word' id='word_1_420' title='bbox 1592 3450 1701 3493; x_wconf 81' lang='lat' dir='ltr'><strong>quae</strong></span> <span class='ocrx_word' id='word_1_421' title='bbox 1749 3439 1963 3493; x_wconf 82' lang='lat' dir='ltr'><strong>loquentis</strong></span> <span class='ocrx_word' id='word_1_422' title='bbox 2003 3440 2086 3483; x_wconf 92' lang='lat' dir='ltr'><strong>im-</strong></span> 
     </span>
    </p>
   </div>
   <div class='ocr_carea' id='block_1_9' title="bbox 1450 3622 1459 3643">
    <p class='ocr_par' dir='ltr' id='par_1_14' title="bbox 1450 3622 1459 3643">
     <span class='ocr_line' id='line_1_80' title="bbox 1450 3622 1459 3643; baseline 0 0"><span class='ocrx_word' id='word_1_423' title='bbox 1450 3622 1459 3643; x_wconf 77' lang='grc' dir='ltr'><strong><em>Ι</em></strong></span> 
     </span>
    </p>
   </div>
  </div>
 </body>
</html>
