2158 3718
1828 10 1834 21 ι
1865 0 1883 16 «’
1916 0 2158 40 ·ν«“-ϋ«“ἡ-·.ᾞΨ<ῆςτκ»·τῃ

309 102 373 154 12
935 79 1424 145 PaoLEGoMnNA

307 247 622 296 diuturnitate
666 245 863 295 tandem
906 244 1094 294 fatiscat
1133 248 1180 292 et
1225 249 1521 296 conteratur.
1573 243 1691 301 Quis
1734 243 1881 308 igitur
1923 242 2066 294 nobis

306 322 520 383 praestet
544 318 652 375 hoc,
680 317 730 366 in
757 331 852 381 quo
878 331 1009 365 nunc
1036 315 1270 379 degimus,
1299 330 1478 379 corpus
1503 329 1603 363 non
1630 329 1736 363 esse
1761 313 2011 364 ultimum?
2028 312 2062 379 ¹)

445 389 531 438 His
565 404 680 438 vero
718 387 892 437 auditis
928 400 1121 444 omneS,
1151 386 1231 451 qui
1258 385 1528 444 aderamuS,
1555 385 1872 435 vehementer
1898 400 2067 435 sumus

304 459 593 525 perturbati.
668 459 790 508 Nam
835 472 945 506 cum
995 462 1136 507 antea
1181 456 1393 506 Socratis
1435 457 1694 522 disputatio
1737 455 1878 505 nobis
1921 454 2066 519 plane

306 531 617 581 satisfecisset
643 529 945 592 mirificeque
970 528 1258 593 placuisset,
1292 534 1396 577 tum
1422 543 1554 576 nunc
1582 527 1813 577 Simmiae
1839 532 1886 576 et
1917 526 2067 577 Cebe-

306 603 365 652 tis
392 601 629 651 dubitatio
657 615 763 650 eam
788 598 959 650 habuit
983 601 1094 656 vim,
1123 605 1176 648 ut
1203 598 1390 647 consilii
1415 614 1619 663 prorsus
1645 600 1814 663 inopes
1839 597 2070 647 haerere-

305 670 427 722 mus.
479 673 706 722 Socrates
748 686 864 721 vero
917 676 1101 720 tantum
1138 669 1306 726 abfuit,
1344 674 1397 719 ut
1432 670 1491 719 de
1525 685 1668 719 causa
1695 684 1779 718 sua
1822 668 2069 718 videretur

306 759 412 793 esse
438 742 695 799 sollicituS,
734 747 788 792 ut
823 757 1073 807 nunquam
1100 742 1254 805 magis
1280 740 1544 790 admiratus
1571 741 1659 789 sim
1687 741 1774 790 viri
1799 738 2069 805 tranquilli-

306 821 452 863 tatem
480 820 625 878 atque
654 813 990 862 constantiam.
1037 812 1160 862 Nam
1185 826 1284 860 non
1310 811 1467 861 solum
1493 810 1728 860 benevole
1755 816 2071 874 amanterque

307 886 498 949 excepit
539 884 646 934 illas
691 883 883 934 Cebetis
928 890 975 932 et
1011 884 1240 933 Simmiae
1278 882 1630 939 dubitationeS‚
1678 882 1763 932 sed
1801 882 1946 930 etiam
1982 895 2072 930 nos

307 972 418 1005 cum
445 955 866 1006 animadvertisset
891 955 1166 1004 vehementi
1193 952 1361 1003 dolore
1386 953 1639 1018 perculsos
1667 967 1796 1011 esse,
1825 952 1884 1001 ad
1909 952 2072 1016 pristi-

308 1043 419 1077 nam
444 1026 819 1076 immortalitatis
846 1042 981 1092 spem
1011 1031 1058 1075 et
1082 1026 1309 1075 fiduciam
1338 1026 1509 1075 erexit.
1560 1024 1747 1073 Monuit
1771 1027 1934 1073 autem
1962 1027 2074 1072 ante

308 1099 494 1156 omnia,
522 1105 575 1148 ut
598 1097 741 1148 nobis
769 1112 1066 1155 caveremus,
1094 1111 1170 1154 ne,
1199 1098 1239 1145 si
1265 1096 1459 1161 quando
1495 1097 1545 1143 in
1571 1097 1674 1144 veri
1709 1094 2073 1158 investigatione

308 1169 665 1234 deciperemur,
704 1170 864 1219 animo
891 1168 1079 1218 abiecto
1106 1169 1307 1218 rationis
1336 1174 1382 1216 et
1407 1166 1744 1231 philosophiae
1772 1180 1940 1216 osores
1967 1179 2073 1214 eva-

307 1241 553 1291 deremus.
604 1239 1025 1299 Quemadmodum
1062 1241 1192 1288 enim
1228 1239 1482 1287 hominum
1519 1252 1711 1295 osoreS,
1748 1237 1929 1302 inquit,
1967 1236 2076 1284 fieri

308 1311 466 1361 solent
496 1313 557 1369 ii,
598 1312 705 1376 qui,
744 1326 856 1360 cum
893 1311 953 1361 de
990 1309 1209 1375 quolibet
1245 1311 1426 1374 optima
1463 1323 1683 1373 quaeque
1710 1312 2012 1371 sperassent,
2049 1323 2076 1356 a

307 1382 531 1448 pluribus
567 1383 679 1432 dein
720 1381 911 1447 decepti
947 1388 1060 1431 sunt
1093 1387 1139 1430 et
1172 1382 1221 1430 in
1247 1380 1470 1430 fraudem
1494 1380 1703 1436 inducti,
1733 1380 1796 1428 ita
1824 1379 1966 1428 etiam
1994 1378 2078 1442 qui

308 1455 570 1504 sententias
598 1468 704 1512 eaS,
735 1468 855 1518 quas
890 1453 1102 1502 maxime
1128 1451 1478 1516 probaverant,
1515 1450 1772 1514 postmodo
1798 1448 1943 1499 falsas
1970 1463 2078 1498 esse

310 1531 665 1590 cognoverunt,
694 1539 1051 1588 saepenumero
1076 1525 1128 1572 in
1155 1538 1261 1574 eam
1287 1522 1589 1572 inducuntur
1615 1522 1910 1586 opinionem,
1938 1524 1992 1570 ut
2017 1518 2078 1568 de

309 1598 510 1647 veritate
545 1595 848 1660 exquirenda
886 1602 934 1645 et
968 1595 1256 1644 invenienda
1292 1595 1491 1643 omnino
1525 1592 1889 1658 desperandum
1916 1591 2078 1641 existi-

309 1673 444 1717 ment
479 1667 700 1732 adeoque
734 1667 1004 1717 rationis
1034 1672 1091 1715 et
1117 1667 1470 1731 sapientiae
1506 1679 1719 1714 osores
1757 1660 2075 1731 (μισόλογοι)

311 1740 558 1789 exsistant.
609 1739 775 1804 ltaque
812 1753 902 1787 nos
939 1753 1159 1802 quoque,
1197 1752 1225 1786 o
1261 1736 1400 1794 boni,
1430 1735 1571 1784 nobis
1602 1750 1857 1785 caveamus
1892 1733 1951 1783 ab
1988 1734 2079 1782 isto

312 1826 483 1860 errore
524 1825 646 1860 neve
691 1824 781 1859 nos
823 1824 1038 1874 unquam
1073 1808 1315 1874 patiamur
1352 1822 1378 1856 a
1414 1806 1751 1873 philosophiae
1797 1805 1956 1856 studio
1993 1804 2078 1853 de-

310 1882 488 1931 terreri
501 1879 556 1947 2).

452 1952 549 2002 Sed
582 1952 844 2002 redeamus
880 1952 940 2001 ad
975 1966 1254 2000 sermonem
1290 1950 1612 2014 superiorem.
1682 1946 1891 1997 Putabat
1932 1946 2079 2009 igitur

312 2025 536 2075 Simmias
582 2023 798 2072 animum
844 2023 1084 2072 contineri
1116 2022 1396 2078 harmonia,
1445 2036 1567 2084 quae
1612 2018 1816 2083 singulis
1860 2018 2081 2082 corporis

312 2094 535 2162 partibus
583 2094 710 2144 bene
759 2095 1045 2159 temperatis
1098 2093 1392 2143 efficeretur.
1470 2089 1624 2147 Quam
1673 2091 1913 2139 rationem
1963 2088 2082 2136 mihi

312 2167 478 2216 videor
504 2164 579 2216 vel
604 2181 700 2216 una
726 2163 1193 2229 interrogatiuncula
1237 2178 1380 2228 posse
1418 2162 1686 2212 confutare.
1760 2159 1886 2217 Quid
1923 2158 2082 2208 enim?

312 2253 477 2287 nonne
501 2238 553 2286 in
579 2238 835 2303 superiore
861 2237 1187 2300 disputatione
1215 2249 1500 2285 concessum
1519 2241 1591 2283 est
1613 2233 1829 2282 animum
1855 2231 2080 2293 viguisse,

314 2316 574 2374 antequam
609 2310 660 2357 in
697 2323 875 2372 corpus
911 2308 1127 2358 veniret?
1160 2306 1266 2356 Hoc
1299 2306 1444 2370 igitur
1480 2306 1519 2353 si
1556 2320 1669 2354 vere
1705 2303 1930 2358 diximus,
1969 2316 2082 2350 eum

312 2380 581 2446 plurimum
620 2378 679 2429 ab
716 2379 973 2429 harmonia
1009 2379 1204 2428 differre
1238 2392 1383 2426 nemo
1420 2381 1493 2426 est
1527 2377 1640 2440 quin
1670 2374 1842 2424 videat.
1894 2372 2083 2437 Quippe

314 2451 568 2501 harmonia
604 2452 761 2500 oritur
797 2458 900 2500 tum
938 2450 1159 2507 demum,
1198 2464 1307 2498 cum
1341 2448 1474 2513 lyrae
1510 2452 1674 2512 partes
1710 2444 2008 2508 compositae
2036 2448 2083 2491 et

315 2527 683 2587 coagmentatae
728 2528 865 2579 sunt,
895 2522 1112 2570 animum
1148 2527 1311 2569 autem
1349 2519 1647 2567 affirmamus
1693 2530 1903 2580 corpore
1945 2514 2082 2578 prius

314 2590 527 2657 fuisse-⁹2).
578 2593 838 2642 Praeterea
878 2593 1049 2648 etiam,
1089 2591 1174 2640 ubi
1208 2591 1495 2639 harmoniae
1522 2590 1614 2637 vim
1653 2592 1974 2650 naturamque
2002 2599 2081 2634 ac-

316 2665 531 2713 curatius
559 2663 1032 2712 consideraverimus
1067 2669 1114 2711 et
1141 2678 1248 2710 cum
1272 2662 1431 2709 animo
1461 2658 1878 2714 contenderimus,
1906 2670 2082 2719 magna

315 2736 441 2784 inter
468 2741 731 2797 utrumque
758 2733 1084 2797 discrepantia
1121 2732 1342 2781 obtinere
1367 2730 1625 2780 videbitur.
1677 2729 1799 2778 Nam
1826 2728 2082 2776 harmonia

316 2807 472 2855 varios
499 2805 678 2869 gradus
706 2809 751 2853 et
776 2805 1155 2868 temperationes
1181 2802 1350 2858 habet,
1380 2803 1570 2850 animus
1596 2806 1759 2850 autem
1784 2800 1828 2849 vi
1854 2814 1939 2848 sua
1967 2812 2082 2846 con-

317 2882 450 2926 stans
476 2882 549 2926 est
575 2882 621 2924 et
647 2874 980 2924 immutabilis.
1031 2876 1235 2924 Animus
1261 2888 1412 2938 porro
1440 2871 1695 2921 virtutibus
1722 2877 1770 2920 et
1796 2870 1931 2927 vitiis,
1961 2883 2085 2933 quae

318 2948 454 3012 quasi
481 2953 720 2996 concentu
747 2946 956 3010 quodam
985 2951 1031 2995 et
1058 2946 1384 3008 discrepantia
1414 2946 1740 2999 continentur,
1764 2942 1968 3005 insignis
1995 2945 2082 2995 est,

319 3034 430 3069 cum
458 3018 712 3067 harmonia
738 3031 835 3065 non
864 3018 1016 3081 possit
1042 3016 1158 3066 alias
1180 3017 1460 3065 harmonias
1488 3023 1535 3064 et
1561 3014 1913 3077 discrepantias
1939 3025 2083 3059 sono-

318 3106 426 3139 rum
460 3090 511 3138 in
550 3104 601 3137 se
635 3087 778 3137 simul
807 3089 1072 3138 continere.
1124 3089 1383 3137 Praeterea
1410 3088 1600 3136 animus
1628 3101 1739 3134 cum
1764 3089 1970 3148 propter
1998 3096 2083 3130 na-

319 3168 455 3211 turae
498 3175 616 3209 suae
660 3160 977 3209 constantiam
1031 3159 1141 3224 plus
1188 3160 1410 3210 minusve
1457 3156 1719 3222 temperari
1772 3170 1871 3204 non
1915 3153 2082 3218 possit,

434 3345 475 3396 1)
509 3346 559 3386 P.
591 3346 644 3384 85
675 3345 716 3383 D
749 3367 801 3372 —
833 3346 887 3385 88
918 3344 968 3385 Β.

433 3405 476 3452 2)
510 3403 560 3441 r.
592 3402 645 3441 88
679 3400 712 3440 C
745 3422 793 3428 -
830 3403 878 3441 91
916 3400 963 3439 C.

432 3458 475 3510 3)
508 3458 557 3500 P.
592 3460 642 3498 91
677 3456 711 3498 C
745 3479 786 3485 —
828 3459 880 3498 92
911 3457 963 3496 Ε.
