2222 3762
372 162 440 213 72
642 216 649 218 ,
975 157 1453 213 PLATONIS
1532 152 1553 176 '

375 305 764 377 περιττότερον
799 309 1342 377 πραγματευομένου,
1361 308 1548 360 ἔπειτα
1573 302 1983 378 τοσαύτηφήμη
2005 326 2063 361 τε

378 394 470 446 καὶ
492 390 656 460 λόγος
673 394 909 461 γέγονεν,
933 395 980 444 εὶ
1000 388 1076 460 μή
1103 410 1153 443 τι
1168 393 1428 459 ἔπραττες
1455 388 1682 444 ἀλλοῖον
1710 387 1743 455 ἢ
1774 394 1825 444 οἱ
1852 393 2064 445 πολλοί.

379 480 494 544 λέγε
536 466 636 530 οὖν
668 473 874 545 ἡμῖν,τι’
907 479 1070 535 ἐστιν,
1107 478 1198 527 ἴνα
1227 469 1303 543 μὴ
1334 470 1487 542 ἡμεῖς
1518 477 1639 544 περὶ
1671 476 1773 529 σοῦ
1800 472 2066 544 αὐτοσχε-

288 558 340 610 D
377 558 661 630 διάζωμεν.
723 561 897 612 Ίάυτί
931 579 1027 627 μοι
1050 559 1197 612 δοκεῖ
1228 559 1413 611 δίκαια
1446 560 1616 626 λέγειν
1646 555 1673 612 ὁ
1705 561 1889 626 λέγων,
1914 555 2063 625 κάγώ

375 641 506 713 ὑμῖν
534 641 866 713 πειράσομαι
885 639 1388 706 άποδεῖξαι,τι’ποτ’
1415 643 1528 695 ἔστι
1551 645 1739 708 τοῦτο,
1775 640 1803 696 ὃ
1829 645 1947 710 ἐμοὶ
1975 663 2068 696 πε-

377 732 566 794 ποίηκε
607 726 669 781 τό
711 748 765 780 τε
798 722 978 795 ὄνομα
1017 729 1106 779 καὶ
1133 722 1236 790 τὴν
1272 725 1554 795 διαβολήν.
1595 724 1822 782 ἀκούετε
1855 723 1938 792 δή.
1976 729 2068 780 καὶ

377 812 504 879 ἴσως
529 814 630 881 μὲν
663 808 800 876 δόξω
819 812 961 863 τισὶν
987 807 1141 879 ὑμῶν
1176 811 1403 875 παίζειν,
1431 800 1487 862 εὖ
1517 814 1704 878 μέντοι
1724 810 1849 874 ἴστε,
1879 812 2069 864 πᾶσαν

375 893 506 966 ὑμῖν
531 893 632 960 τὴν
654 892 940 959 ἀλήθειαν
968 895 1088 965 ἐρῶ.
1150 890 1283 961 Ἐγώ
1309 892 1437 962 γάρ,
1468 883 1508 946 ὦ
1534 889 1733 961 ἄνδρες
1752 891 2069 960 Ἀθηναῖοι,

377 978 437 1034 δι’
477 978 638 1035 οὐδὲν
660 976 772 1033 ἀλλ’
810 974 844 1046 ἢ
866 974 955 1032 διὰ
974 982 1180 1052 σοφίαν
1206 975 1330 1032 τινὰ
1365 979 1534 1032 τοῦτο
1556 976 1628 1032 ’τὸ
1647 974 1830 1049 ὄνομα
1857 982 2070 1049 ἔσχηκα.

375 1067 545 1120 ποίαν
558 1059 625 1130 δὴ
645 1066 851 1138 σοφίαν
865 1061 1105 1128 ταύτην;
1132 1059 1271 1133 ἥπερ
1298 1064 1444 1116 ἐστὶν
1477 1061 1605 1126 ἰ’σως
1620 1061 1960 1134 ἀνθρωπίνη
1978 1082 2073 1117 σο-

493 1221 578 1262 ἵνα
617 1219 682 1275 μή
722 1216 880 1273 ἡμεῖς
917 1223 1040 1275 περὶ
1082 1220 1209 1271 σοῦ]
1263 1219 1313 1262 V.
1352 1220 1421 1261 ἴνα
1449 1217 1505 1273 μὴ
1538 1220 1629 1260 καὶ
1660 1217 1789 1274 ἡμεῖς,
1822 1222 1963 1262 invitis
1995 1234 2072 1262 co·

378 1278 544 1320 dicibus
581 1279 795 1320 omnibus.

489 1335 550 1380 Ε.·
603 1333 631 1390 ἢ
663 1331 761 1377 οὐκ
791 1338 913 1389 ἔχω,
944 1339 993 1378 τί
1019 1336 1184 1390 λέγω]
1234 1336 1288 1376 V.
1327 1333 1353 1376 ὅ
1388 1351 1424 1376 τι
1455 1334 1575 1388 λέγω,
1606 1335 1722 1388 quod
1756 1349 1780 1377 e
1814 1335 1936 1377 Bodl.
1973 1335 2070 1380 vat.

378 1393 480 1439 Ven.
517 1395 555 1438 b.
594 1393 713 1436 vind.
744 1394 785 1438 4.
814 1395 856 1438 6.
895 1394 1011 1437 Flor.
1045 1394 1086 1436 d.
1116 1408 1145 1448 g
1192 1394 1229 1434 h.
1263 1394 1362 1439 Par.
1397 1394 1527 1435 DST.
1561 1398 1786 1435 mutatum.
1829 1394 2072 1446 Utrumque

375 1579 480 1607 non
528 1568 684 1618 enim,
736 1566 962 1621 opinor,
1011 1572 1064 1607 te
1107 1567 1175 1607 ni·
1266 1567 1408 1608 Lectt.
1433 1565 1618 1610 V11.16
1646 1566 1826 1606 contulit
1853 1577 1949 1605 cum
1984 1562 2072 1604 La-

374 1623 453 1665 hil
489 1630 685 1678 agente
737 1625 948 1666 ceteris
1001 1625 1178 1668 curio-

376 1682 491 1721 sius
547 1688 725 1724 tamen
771 1686 961 1723 tantus
1020 1682 1084 1722 de
1131 1687 1182 1724 te

375 1751 559 1781 rumor
607 1753 668 1780 ac
718 1753 898 1781 sermo
946 1747 1182 1785 exortus

375 1801 475 1844 est,
537 1797 652 1839 Tum
692 1810 796 1838 vero
835 1799 1010 1851 gravius
1055 1798 1184 1839 etiam

371 1867 462 1895 rem
505 1867 666 1908 urgens
697 1856 865 1898 omnino
896 1861 1025 1909 negat
1057 1857 1186 1897 talem

371 1923 591 1954 rumorem
624 1913 856 1954 extiturum
897 1913 1030 1954 fnisse
1060 1914 1183 1957 ideo·

373 1982 456 2022 que
510 1968 785 2027 hypothetico
843 1972 1072 2012 enunciato
1122 1971 1183 2011 sic

372 2027 536 2080 pergit.
571 2025 1180 2069 sinihilscilicetaliud

372 2098 435 2125 av
408 2086 1028 2138 „eresquampleriquffi
1065 2084 1180 2138 quod

372 2116 516 2184 momen
541 2156 667 2184 secus
695 2142 838 2193 habet,
868 2156 998 2195 quum
1028 2157 1181 2184 revera

373 2198 490 2243 aliud
523 2199 624 2251 quid
662 2214 792 2252 agere
828 2202 987 2242 soleas.
1047 2200 1180 2242 Simi-

373 2257 423 2297 lis
456 2258 659 2304 variatio,
702 2259 801 2299 licet
831 2271 915 2305 non
950 2260 1074 2311 plane
1108 2272 1179 2299 oa-

374 2314 497 2365 dem,
537 2316 724 2356 cernitur
754 2315 792 2356 in
826 2317 922 2356 loco
957 2315 1180 2357 Phaedon.

374 2386 414 2425 p.
447 2345 516 2423 67.
550 2373 621 2424 Ε,
655 2373 724 2412 ubi
757 2387 795 2415 v.
831 2386 927 2415 ann.

434 2431 556 2484 περὶ
603 2431 705 2470 σοῦ
746 2425 1180 2485 αὕτοσχεδιᾰζω-

374 2489 492 2555 μεν]
533 2483 880 2541 αὐτοσχεδιάζειν
917 2501 1045 2541 quum
1082 2503 1181 2541 pro-

375 2546 469 2598 prie
511 2546 678 2586 dicatur
722 2547 774 2587 de
805 2548 884 2595 iis
926 2547 996 2599 qui
1039 2547 1180 2587 subito

375 2608 418 2643 et
463 2615 515 2643 ew(
565 2608 766 2655 tempore
812 2604 968 2656 aliquid
1018 2603 1182 2644 faciunt

374 2659 596 2712 dicuntve‚
637 2660 676 2701 Ιι.
713 2662 739 2702 Ι.
773 2659 827 2700 de
859 2660 1067 2701 iudicibus
1101 2674 1180 2714 po-

374 2717 516 2767 nitur,
562 2719 632 2770 qui
670 2722 836 2759 temere
876 2723 1074 2759 statuunt
1114 2724 1178 2759 at-

374 2786 459 2824 que
504 2748 762 2816 ’decernunn
850 2775 943 2816 Dixi
996 2775 1049 2816 de
1101 2774 1181 2817 hoc

375 2830 510 2871 verbo
541 2831 594 2872 ad
631 2831 924 2885 Euthjphron.
960 2845 1002 2886 p.
1031 2832 1102 2902 33

434 2887 483 2932 D.
547 2891 821 2942 πεποίηκε
860 2887 917 2931 τό
967 2904 1009 2931 τε
1061 2888 1178 2931 ὅνο-

375 2959 439 2995 μα
487 2948 576 2988 καὶ
627 2945 719 3001 τὴν
760 2946 1063 3002 διαβολήν]
1132 2947 1179 2989 τὸ

377 2999 515 3054 ὄνομα
556 3007 742 3058 pertinet
785 3006 837 3046 ad
892 3006 1047 3047 famam
1094 3005 1178 3048 So-

378 3063 530 3110 cratis,
575 3062 688 3116 quod
741 3064 910 3117 sapiens
961 3063 1176 3106 iudicatus

375 3123 420 3158 et
451 3117 620 3160 habitus
651 3125 740 3172 est,
787 3127 833 3162 ut
865 3120 1018 3162 dicitur
1051 3122 1179 3162 τοῦτο

378 3172 426 3216 τὸ
458 3172 596 3227 ὄνομα
627 3177 804 3231 ἔσχηκας
837 3179 915 3220 sed
941 3174 965 3233 ἡ
998 3177 1180 3236 διαβολὴ

375 3233 559 3275 refertur
599 3235 651 3276 ad
693 3237 925 3278 calumnias
967 3242 1008 3278 εί
1038 3238 1181 3278 crimi-

375 3291 569 3334 nationes
600 3293 960 3336 adversariorum.
1002 3294 1180 3336 For-mu—

374 3349 458 3391 lam
485 3355 622 3392 ποιεῖν
639 3348 1035 3402 ὅνομαΜυΓθῑυε
1058 3353 1181 3395 Varr.

1265 1625 1353 1665 tina
1376 1626 1475 1666 fam
1496 1637 1574 1664 am
1607 1623 1904 1665 conficere
1938 1621 2074 1692 Hipp-

1271 1683 1371 1724 mai.
1405 1695 1445 1734 p
1478 1681 1576 1724 282.
1623 1689 1671 1725 A.
1715 1676 1787 1721 οια
1817 1674 1872 1734 ἧν
1905 1673 1981 1731 ἀφ’
2014 1673 2075 1719 ὦν

1271 1736 1462 1807 τούνομα
1493 1739 1600 1790 ὲᾛσχε

1328 1811 1386 1837 ευ
1447 1796 1640 1846 μέντοι
1710 1797 1841 1844 ὶ’,στε
1905 1794 2075 1835 πᾶσαν

1272 1879 1326 1883 -
1360 1853 1494 1908 ἐρῶ]
1537 1855 1702 1896 Criton.
1745 1867 1782 1895 c.
1826 1853 1904 1897 17:
1956 1846 2075 1892 Ἀλλὰ

1270 1912 1387 1961 ἴσθι,
1435 1909 1518 1954 ὅσα
1561 1927 1609 1965 γε
1659 1909 1707 1952 τὰ
1739 1912 1819 1953 νῦν
1861 1908 1953 1961 ἐμοι
2001 1907 2076 1949 δο-

1269 1971 1452 2018 κοῦντα,
1459 1967 1557 2011 ἐάν
1589 1985 1624 2011 τι
1654 1970 1778 2024 λέγῃς
1797 1966 1910 2021 παρὰ
1931 1969 2076 2018 ταῦτα,

1268 2027 1405 2082 μάτην
1439 2027 1562 2081 ἐρεῖς.
1616 2029 1725 2069 lnfra
1765 2027 1914 2071 c.17=
1947 2026 2077 2066 ταῦτα

1270 2083 1350 2139 γὰρ
1393 2084 1552 2127 κελεύει
1591 2109 1646 2114 -
1685 2079 1735 2126 εὖ
1776 2087 1875 2125 ἴστε.
1935 2083 2078 2124 Multa

1267 2144 1308 2184 id
1365 2157 1500 2196 genus
1553 2144 1730 2196 collegit
1777 2142 1972 2184 lacobs
2021 2141 2077 2182 ad

1265 2201 1425 2243 Athen.
1458 2215 1497 2273 p.
1529 2201 1627 2245 271
1687 2200 1788 2242 Mox
1821 2199 1876 2240 de
1909 2193 1961 2240 δι’
2000 2213 2077 2239 ου-

1267 2255 1468 2300 δὲνᾶλλ’
1502 2255 1610 2312 ἢν.
1658 2258 1796 2311 adp.
1835 2256 1917 2358 34ss
1948 2257 1996 2299 Β.
2031 2261 2077 2299 et

1266 2316 1487 2361 Phaedon
1521 2331 1560 2370 p.
1594 2315 1664 2360 81.
1699 2317 1743 2357 B.
1778 2315 1917 2360 82Β

1333 2375 1379 2415 Ε.
1457 2376 1615 2427 μείζω
1678 2372 1800 2415 τινὰ
1873 2369 1898 2426 ἢ

1270 2430 1606 2485 ἄνθρωπον]
1647 2433 1690 2472 h.
1735 2445 1771 2474 e
1817 2432 2075 2471 maiorem

1270 2490 1506 2530 habeant
1547 2489 1884 2544 sapientium
1918 2500 2073 2540 quam

1267 2560 1404 2600 quae
1467 2547 1624 2588 cadat
1680 2547 1727 2586 in
1791 2545 2072 2587 hominem.

1268 2604 1321 2645 cf.
1346 2604 1385 2644 M
1401 2604 1534 2649 attin.
1554 2604 1630 2644 Gr.
1648 2603 1724 2646 Gr.
1746 2603 1780 2656 ξ.
1800 2603 1902 2653 449.
1924 2603 2073 2644 Rost.

1959 2366 2075 2412 κατ’

1268 2663 1346 2702 Gr.
1388 2661 1424 2713 ξ.
1461 2663 1531 2706 97.
1582 2674 1622 2711 p.
1667 2660 1767 2705 411.
1822 2660 1890 2704 ed.
1943 2660 1980 2704 7.
2019 2682 2073 2691 —

1267 2719 1416 2760 Verba
1462 2718 1487 2773 ἢ
1530 2715 1629 2761 ov'n
1673 2720 1790 2771 ἔχω,
1837 2723 1883 2760 τί
1916 2717 2073 2772 λέγω,

1265 2777 1535 2819 Fischero
1566 2779 1690 2819 etiam
1723 2778 1880 2828 iudice,
1913 2777 2075 2820 ironice

1266 2834 1376 2875 dicta
1409 2842 1535 2885 sunt,
1571 2835 1649 2875 hoc
1685 2849 1836 2877 sensu:
1879 2833 2074 2888 Sophig-

1268 2898 1384 2932 stae
1434 2899 1527 2934 aut
1585 2894 1815 2935 divinam
1873 2891 2074 2934 habent

1266 2950 1626 3002 sapientiam,
1698 2958 1786 2992 aut
1863 2951 2072 2991 nullam.

1269 3007 1480 3050 Quocirca
1517 3021 1597 3048 non
1631 3022 1742 3062 opus
1774 3015 1864 3060 est,
1897 3011 1944 3047 ut
1976 3019 2072 3047 cum

1264 3064 1534 3107 Forstero
1586 3068 1815 3108 scribatur:
1887 3061 1938 3118 ἢν
1993 3059 2074 3106 οὐκ

1264 3124 1341 3174 ἔχω
1376 3119 1401 3162 ὅ
1434 3138 1469 3164 τι
1501 3123 1622 3177 λέγω.

1323 3178 1408 3220 ἐπὶ
1457 3180 1695 3235 διαβολῇ
1746 3182 1802 3233 τῇ
1856 3178 1950 3231 ἐμῇ
1997 3179 2069 3222 λε’·

1267 3239 1381 3291 γει]
1416 3238 1453 3280 h.
1488 3254 1524 3283 e.
1557 3241 1654 3282 mei
1691 3237 2071 3281 calumniandi

1266 3310 1478 3338 caussa.
1513 3297 1620 3340 Nan·
1655 3294 1722 3338 ἐπὶ
1747 3297 1972 3338 consilium
2010 3297 2072 3335 in-

1267 3353 1396 3396 dicat.
1439 3355 1485 3397 cs
1538 3353 1719 3399 Matth.
1762 3355 1836 3395 Gr.
1885 3353 1922 3406 ξ.
1969 3353 2065 3398 585.
