2158 3718
353 105 466 191 4⁶⁴
967 136 1413 211 PLAToms

354 282 836 357 ὑπεραποθανεῖν,
879 279 1022 337 ἀλλὰ
1069 284 1161 337 καὶ
1203 284 1596 338 ἐπαποθανεῖν
1619 279 2042 351 τετελευτηκότι.

355 366 502 425 ὅθεν
564 366 630 436 δὴ
690 371 782 424 καὶ
836 365 1324 437 ὑπεραγασθ·έντες
1381 372 1436 422 οἱ
1477 370 1611 422 θεοὶ
1667 366 2043 443 διαφερόντως

357 450 534 508 αὐτὸν
577 457 866 525 ἐτίμησαν,
911 447 1000 505 ὅτι
1043 447 1145 504 τὸν
1189 446 1427 522 ἐραστὴν
1466 448 1610 507 οὕτω
1656 455 1781 521 περὶ
1825 453 2040 508 πολλοῦ

359 544 614 593 ἐποιεῖτο.
704 533 984 605 Αἰσχύλος
1024 537 1080 589 δὲ
1112 537 1349 609 φλυαρεῖ
1377 533 1607 609 ᾳοέσκων
1642 535 1886 607 Ἀχιλλέα
1914 539 2043 590 Πα-

357 619 592 692 τρόκλου
635 623 800 692 ἐρᾶν,
862 616 924 683 ὃς
966 610 1035 685 ἦν
1075 623 1312 674 καλλίων
1357 617 1423 674 οὐ
1465 618 1646 691 μόνον
1689 619 2045 691 Πατρόκλου,

359 704 503 760 ἀλλὰ
564 707 665 760 καὶ
718 706 831 758 τῶν
884 699 1082 776 ἡρώων
1136 700 1434 768 ἁπάντων,
1506 707 1599 759 καὶ
1652 707 1732 760 ἔτι
1785 703 2047 773 ἀγένειος,

359 792 547 844 ἔπειτα
591 786 855 858 νεώτερος
898 786 1074 853 πολύ,
1116 783 1190 852 ὥς
1232 807 1403 864 φησιν
1432 784 1692 861 Ὅμηρος.
1738 786 1897 854 ,ἀλλὰ
1935 787 2044 862 γὰρ

360 876 438 943 τῷ
484 870 604 927 ὅντι
645 871 886 944 μάλιστα
930 874 1031 943 μὲν
1073 870 1285 940 ταύτην
1327 869 1430 940 τὴν
1456 869 1660 945 ἀρετὴν
1704 876 1757 928 οἱ
1801 876 1934 928 θεοὶ
1967 895 2047 929 τι-

359 959 498 1029 μῶσι
551 954 659 1024 τὴν
714 959 836 1028 περὶ
893 954 992 1012 τὸν
1047 960 1254 1029 ἔρωτα,
1310 959 1526 1028 μᾶλλον
1574 963 1758 1028 μέντοι
1817 955 2050 1027 θαυμά-

362 1044 516 1109 ζουσι
555 1044 648 1096 καὶ
692 1036 940 1112 ἄγανται
997 1045 1090 1096 καὶ
1136 1033 1191 1096 εὗ
1239 1044 1523 1106 ποιοῦσιν,
1591 1038 1732 1097 ὅταν
1778 1037 1808 1097 ὃ
1851 1039 2049 1112 ἐρώμε-

361 1147 458 1190 νος
500 1122 599 1180 τὸν
642 1122 882 1198 ἐραστὴν
924 1124 1121 1197 ἀγαπᾷ
1154 1122 1183 1194 ἢ
1215 1122 1355 1181 ὅταν
1385 1122 1416 1181 ὁ
1447 1122 1676 1200 ἐραστὴς
1701 1120 1770 1180 τὰ
1801 1122 2048 1181 παιδικά.

474 1346 667 1391 Ρ.18Ο

740 1343 869 1387 αλλὰ
921 1347 1018 1387 και
1057 1350 1155 1387 τῶν
1197 1343 1378 1401 ηρώων
1415 1346 1688 1401 ἁπάντων]
1729 1348 1782 1389 V.
1824 1346 1920 1388 ἀλλ’
1962 1347 2050 1404 ἄρα

322 1388 325 1396 ’
363 1406 436 1445 καὶ
466 1422 523 1456 τ.,
555 1404 669 1458 quod
703 1418 726 1445 c
760 1404 884 1445 Bodl.
924 1404 1018 1446 Vat.
1053 1403 1106 1446 A.
1139 1405 1245 1447 Ven.
1274 1407 1320 1447 Ξ.
1354 1405 1479 1448 Vind.
1509 1404 1550 1448 2.
1582 1407 1687 1449 Par.
1720 1405 1824 1449 DK.
1857 1408 1961 1459 Aug.
2001 1420 2049 1448 w.

363 1463 459 1505 vat.
493 1477 532 1517 p.
564 1468 794 1504 mutatum.
856 1462 964 1503 Cod
1003 1463 1191 1505 Darmst.
1229 1463 1403 1515 Creuz„
1446 1465 1564 1505 cuius
1599 1468 1804 1517 excerpta
1833 1462 1900 1504 hic
1933 1462 2050 1505 desi-

364 1527 495 1571 nunt,
529 1519 638 1561 πολι
672 1525 771 1574 post
800 1518 998 1574 νεώτερος
1032 1533 1116 1561 om.

481 1578 532 1619 B.
593 1575 743 1618 Οὕτω
777 1576 835 1628 δὴ
869 1579 1032 1631 ἔγωγε
1065 1579 1144 1630 φ.]
1178 1577 1251 1617 Sic
1282 1575 1407 1617 colid.
1438 1575 1530 1618 fere
1561 1589 1713 1619 omnes
1744 1581 1919 1632 praeter
1948 1577 2048 1619 Par.

363 1635 460 1677 EF.
494 1643 604 1688 Ang.
637 1647 678 1675 u.
713 1634 809 1676 Vat.
839 1648 874 1677 s,
933 1634 1185 1689 Legebatur
1215 1633 1331 1675 οὕτω
1364 1632 1415 1686 δὴ
1451 1635 1522 1674 καὶ
1552 1637 1677 1689 ἔγωγε
1709 1649 1756 1690 φ.

422 1779 474 1820 Ρ.
507 1777 602 1821 180.
641 1774 930 1828 ,Αἰσχύλος
960 1777 1010 1817 δὲ
1040 1776 1167 1831 φλυ-

366 1842 488 1891 αρεῖ
524 1859 580 1868 ——-
622 1834 685 1884 ὥς
726 1849 883 1888 φησιν
910 1832 1165 1889 ιΌμηρος]

366 1895 490 1937 Haec
529 1895 685 1946 verba,
737 1893 791 1934 de
840 1893 991 1947 quibus
1043 1892 1167 1935 etiam

366 1953 636 1995 Politian.
704 1952 838 1993 obss.
899 1951 934 1994 Ι.
996 1950 1067 1994 45.
1125 1955 1169 1990 et

365 2008 540 2058 Buhle
581 2010 636 2052 ad
679 2009 809 2050 Arist.
851 2008 1034 2051 Rhetor.
1069 2006 1165 2052 913.

369 2068 664 2122 disputarunt,
725 2068 896 2108 Valck
912 2080 1054 2109 enar.
1113 2065 1167 2106 ad

366 2125 514 2179 Eurip.
547 2125 720 2177 Fragm.
755 2138 796 2178 p.
821 2123 886 2168 13.
908 2130 952 2166 et
982 2125 1035 2167 ad
1067 2124 1167 2165 Cal-

368 2183 536 2225 limach.
572 2183 746 2235 Fragm.
781 2197 821 2236 p.
853 2182 950 2227 218.
982 2183 1035 2224 ab
1068 2183 1170 2223 alie-

369 2254 422 2282 na
475 2254 602 2283 manu
651 2241 903 2293 interposita
953 2240 1169 2289 iudicavit,

365 2299 491 2351 eique
533 2299 823 2340 assentiuntur
864 2297 1096 2340 Wolfius
1129 2302 1172 2339 et

365 2357 449 2399 alii.
511 2356 599 2398 Sed
645 2362 763 2397 recte
801 2369 949 2398 eorum
981 2355 1171 2410 patroci-

364 2415 483 2454 nium
549 2418 835 2468 susceperunt
896 2414 931 2454 B
952 2428 975 2455 a
997 2428 1017 2454 s
1035 2413 1082 2454 ti
1103 2426 1128 2454 u
1150 2425 1170 2452 s

366 2471 556 2525 Specim.
578 2472 682 2512 Crit.
716 2485 758 2525 p.
796 2470 891 2514 108.
924 2472 1171 2524 Heynius

366 2530 420 2569 ad
455 2529 585 2571 Hom.
607 2530 652 2569 ll.
675 2528 747 2570 XI.
785 2542 824 2569 V.
848 2529 945 2574 786.
979 2530 1171 2569 Astius

365 2585 419 2627 ad
453 2585 491 2630 h.
523 2588 548 2628 Ι.
594 2585 832 2628 Boeckh.
878 2586 942 2628 De
981 2586 1170 2627 simul-

366 2647 482 2683 tate
514 2649 595 2684 etc.
704 2643 768 2685 17
807 2648 850 2684 et
880 2655 1014 2698 nuper
1045 2643 1170 2684 etiam

368 2657 929 2748 Schleiermacherus,
961 2700 1030 2752 qui
1065 2701 1166 2740 olim

367 2769 419 2796 en
449 2755 826 2796 condemnaverat
891 2756 1033 2798 Quum
1053 2755 1164 2796 enim

366 2812 590 2853 Phaedrus
621 2806 803 2853 Homeri
835 2813 1019 2854 maxime
1051 2817 1168 2853 esset

367 2869 611 2919 studiosus,
654 2869 695 2910 id
737 2867 852 2922 quod
897 2883 949 2910 ex
991 2869 1166 2922 dialogo

369 2926 462 2968 eius
492 2926 664 2968 nomine
708 2927 912 2979 inscripto
945 2927 1166 2978 novimus3

369 2985 542 3038 egregie
574 2997 669 3024 eum
698 2983 825 3025 Plato
859 2983 958 3024 facit
989 2985 1046 3024 ita
1079 2983 1167 3024 dis-

370 3046 617 3096 putantem,
666 3045 714 3082 ut
758 3046 922 3094 patrem
965 3055 1168 3095 poeseos,

369 3099 440 3152 qui
491 3099 734 3140 Patroclum
796 3105 895 3138 natu
961 3099 1166 3140 maiorem

368 3156 489 3198 finxit
527 3154 669 3210 (lliad
708 3153 781 3196 Xl.
815 3155 940 3206 7227.)
983 3156 1169 3208 ideoque

371 3227 468 3255 enm
499 3226 578 3267 pro
610 3211 778 3255 Achillis
810 3219 1002 3254 amatore
1036 3213 1165 3254 habu-

372 3272 457 3312 isse
490 3270 623 3312 videri
657 3271 815 3324 potuit,
847 3270 1010 3323 maguis
1034 3271 1167 3311 laudi—

372 3328 451 3368 bus
482 3333 618 3381 ornet,
652 3325 907 3384 Aeschylum
929 3334 1074 3368 autem
1095 3341 1167 3369 ce-

371 3390 575 3438 terosque
627 3390 783 3440 poetas
830 3385 1042 3439 tragicos,
1093 3386 1166 3438 qui

1251 1774 1458 1819 Achillem
1491 1777 1684 1820 fecerant
1705 1781 1945 1819 amatorem
1966 1775 2054 1826 Pa-

1252 1835 1403 1887 trocli,
1442 1835 1721 1878 vehementer
1749 1834 2050 1890 reprehendat.

1253 1893 1394 1936 Quum
1427 1899 1570 1936 autem
1602 1895 1698 1947 illa,
1739 1907 1865 1948 quam
1898 1897 2054 1946 poetae

1253 1950 1400 2004 tragici
1457 1953 1772 2005 celebrassent,
1837 1949 2051 1991 sententia

1252 2010 1294 2050 in
1338 2011 1499 2062 populo
1538 2010 1618 2051 illis
1666 2009 1933 2064 temporibus
1982 2019 2054 2048 re·-

1251 2079 1384 2120 gnare
1405 2067 1638 2120 coepisset,
1665 2066 1954 2109 necessarium
1973 2061 2053 2105 hoc

1255 2124 1591 2167 additamentum
1652 2124 1854 2167 Phaedro
1923 2121 2053 2168 videri

1255 2181 1419 2232 debuit,
1452 2195 1537 2235 qno
1568 2183 1781 2224 insolitam
1816 2182 1869 2222 de
1894 2181 2055 2222 Patro-

1256 2242 1324 2281 clo
1359 2239 1529 2281 Achillis
1573 2246 1766 2282 amatore
1796 2238 2051 2281 sententiam

1255 2297 1531 2339 audientibus
1579 2298 1900 2352 comprobaret.
1968 2298 2054 2347 Arc-

1255 2355 1371 2396 cedit
1411 2355 1551 2408 quod,
1591 2354 1654 2396 his
1691 2355 1835 2398 verbis
1865 2352 2053 2400 omissis,

1254 2411 1408 2453 deinde
1447 2425 1529 2454 non
1570 2411 1676 2453 ἀλλὰ
1714 2411 1825 2467 γὰρ,
1868 2410 1944 2452 sed
1983 2408 2055 2450 καὶ

1252 2468 1334 2524 γὰρ
1388 2469 1471 2510 dici
1520 2470 1680 2512 debuit.
1753 2470 1955 2511 Ceterum
1999 2466 2054 2508 de

1253 2539 1402 2569 amore
1435 2527 1611 2569 Achillis
1651 2532 1694 2570 et
1723 2527 1919 2569 Patrocli
1959 2527 2050 2566 lau⁴

1255 2584 1358 2625 dant
1376 2583 1693 2626 Fabricium
1726 2584 1780 2625 ad
1803 2584 1920 2624 Sext.
1946 2580 2052 2622 Em—

1254 2642 1334 2694 pir.
1363 2641 1571 2694 Pyrrhon.
1608 2642 1771 2694 Hypot.
1804 2639 1878 2681 111.
1908 2638 1977 2682 24.
2009 2644 2054 2680 et

1252 2698 1383 2750 intpp.
1425 2697 1477 2738 ad
1519 2698 1695 2738 Lucian.
1742 2697 1863 2738 Erot.
1905 2695 1939 2749 §.
1981 2695 2051 2740 54.

1252 2766 1303 2794 ac
1334 2753 1388 2794 de
1422 2753 1593 2795 Achillis
1637 2753 1905 2795 formositate
1935 2753 2053 2796 lliad.

1251 2810 1305 2852 11.
1347 2810 1446 2855 673.
1480 2811 1708 2853 Dorvill.
1747 2810 1802 2853 ad
1834 2810 2051 2852 Chariton.

1312 2925 1361 2966 B.
1424 2923 1891 2977 τῆςἈλκῆστιδος
1925 2924 2053 2979 μ’ἆλ-

1253 2983 1375 3034 λον]
1443 2981 1552 3024 Nam
1626 2982 1808 3024 Alcestis
1874 2987 2054 3036 propter

1253 3053 1470 3092 amorem,
1522 3053 1607 3094 quo
1654 3041 1695 3081 in
1740 3040 1935 3082 maritum
1977 3041 2052 3082 fla-

1254 3099 1433 3150 ¹mahat,
1495 3105 1677 3139 mortem
1732 3099 1844 3139 ultro
1894 3097 2049 3140 subiit:

1255 3155 1438 3197 Achilles
1471 3160 1615 3196 autem
1641 3160 1818 3209 propter
1847 3167 2050 3207 amorem,

1253 3226 1341 3265 quo
1374 3213 1602 3254 Patroclus
1633 3225 1728 3253 eum
1760 3212 2051 3264 amplecteba-

1254 3275 1325 3312 tur
1355 3293 1409 3302 -—
1443 3276 1535 3312 erat
1566 3269 1673 3311 enim
1706 3267 1728 3309 ὁ
1762 3267 1983 3324 ἐρώμενος,
2015 3281 2050 3309 s.

1252 3328 1442 3369 amasius
1509 3327 1697 3370 Patrocli
1755 3339 1808 3367 ex
1866 3323 2050 3367 Phaedri

1253 3386 1466 3428 sententia
1505 3406 1558 3417 —
1605 3382 1732 3426 morti
1783 3395 1832 3426 se
1880 3377 2047 3424 obtulit.
