2158 3718
1205 0 1231 8 ,,
1261 0 1284 18 z,
1338 0 1341 1 .

1237 16 1330 42 .⁴-·

974 105 1299 170 phu-oms
1347 110 1351 122 ¹

158 269 165 280 “
241 251 416 321 ταρον
475 249 745 311 ἐναντίως
798 250 875 317 τῷ
911 244 1435 314 Πυριφλεγέθοντι·

245 336 419 404 ἐστίν,
459 331 534 396 ὠς
571 333 630 387 οἱ
662 333 886 401 ποιηταὶ
924 330 1173 397 λέγουσι,
1211 328 1496 391 Κωκυτός.

178 448 214 488 1)
387 423 501 488 Cap.
543 421 683 471 LX11.
769 414 1001 468 Τούτων
1056 411 1119 465 δε
1175 409 1323 466 ου’τω
1378 412 1739 515 πεφυκότων,
1798 408 2029 466 ἐπειδὰν

243 503 559 574 αφίκωνται
596 502 655 554 ot·
688 497 1143 567 τετελευτηκότες
1182 497 1259 559 είς
1295 495 1394 549 τὸν
1419 498 1612 566 τόπον,
1653 489 1712 550 οἶ
1744 495 1774 550 ὁ
1813 497 2031 566 δαίμων

241 588 480 642 ε’καστον
528 587 763 655 κομίζει,
813 585 1042 652 πρῶτον
1078 601 1183 651 μεν
1221 581 1610 635 διεδικάσαντο
1658 581 1716 634 οἵ
1748 600 1809 634 τε
1846 583 2032 643 καλως

242 673 338 726 καὶ
385 669 552 733 ὁσίως
597 669 906 738 βιώσαντες
953 667 1047 719 καὶ
1094 667 1152 719 οἱ
1184 666 1277 736 μή.
1355 667 1449 719 καὶ
1486 669 1545 719 οἳ
1577 666 1680 736 μὲν
1717 665 1789 719 ἂν
1827 664 2032 729 δόξωσι

243 757 423 826 μέσως
459 754 812 823 βεβιωκέναι,
851 752 1229 821 πορευθέντες
1269 750 1362 804 ἐπὶ
1397 748 1497 803 τὸν
1530 748 1852 820 Ἀχέροντα,
1891 747 2032 803 ἄνα-

243 840 446 909 βάντες
485 837 520 891 ὁὶ
546 836 615 907 δὴ
645 835 837 900 αὐτοῖς
863 836 1111 906 ὀχήματα
1139 836 1313 905 ἑστιν,
1356 835 1447 888 ἐπὶ
1472 834 1690 888 τούτων
1715 833 2033 904 ἀφικνοῦν-

242 943 335 977 ται
374 924 452 986 είς
488 921 591 992 τὴν
630 923 853 991 λίμνην,
894 922 988 974 και
1017 922 1138 975 ἑκει
1158 922 1386 974 οἰκοῦσί
1419 939 1478 972 τε
1505 920 1599 973 καὶ
1628 919 2034 990 καθαιρόμενοι

242 1012 359 1061 τῶν
396 1027 457 1061 τε
495 1005 856 1076 αδικηματων
875 1006 1149 1108 διδόντες
1187 1007 1346 1067 δίκας
1371 1003 1736 1075 απολύονται,
1778 1009 1834 1059 εἴ
1863 1008 1946 1068 τίς
1981 1025 2035 1058 τι

180 1109 215 1149 Ε
244 1091 507 1162 ἠδίκηκε,
555 1111 670 1145 των
717 1110 777 1144 τε
825 1089 1167 1160 εὐεργεσιῶν
1213 1111 1373 1160 τιμας
1431 1091 1701 1160 φέρονται
1747 1088 1887 1143 κατὰ
1931 1088 2035 1159 τὴν

244 1175 405 1240 ἀξίαν
452 1177 708 1238 ε’·καστος
774 1178 834 1228 οἳ
876 1174 933 1227 δ’
973 1174 1044 1228 ἄν
1092 1175 1333 1239 δόξωσιν
1372 1195 1612 1238 ανιατως
1649 1177 1797 1244 ἔχειν
1836 1171 1930 1227 διὰ
1966 1171 2035 1228 τὰ

242 1262 454 1331 μεγέθη
487 1263 603 1314 τῶν
642 1257 1083 1330 ἁμαρτημάτων,
1122 1259 1158 1330 ἢ
1198 1261 1518 1327 ἱεροσυλίας
1555 1257 1768 1323 πολλὰς
1805 1260 1899 1313 καὶ
1934 1278 2032 1329 με-

241 1345 416 1412 γάλας
452 1344 489 1413 ἢ
528 1345 744 1414 φόνους
782 1343 1013 1407 ἀδίκους
1039 1346 1130 1398 καὶ
1169 1345 1533 1414 παρανόμους
1570 1341 1816 1407 πολλοὺς
1856 1345 2034 1412 ἐξειρ-

1497 242 1675 313 ὅνομα
1731 244 1794 298 δὲ
1847 244 2029 316 τούτῳ

357 1511 425 1565 ὡς
466 1512 522 1558 οἷ
559 1514 803 1571 ποιηταὶ
844 1511 1096 1572 λέγουσι]
1138 1518 1190 1559 V.
1225 1528 1487 1570 φασκουσι,
1519 1517 1632 1568 quod
1659 1523 1774 1557 tenet
1799 1516 1887 1557 fere
1923 1528 2034 1556 unus

241 1575 351 1617 Ven.
374 1573 430 1620 Ξ
474 1574 636 1614 Audias
665 1574 914 1614 Elmsleium
948 1575 1001 1614 ad
1033 1575 1131 1614 Eur.
1170 1574 1380 1614 Hetaclid.
1412 1575 1495 1614 903
1524 1574 1592 1617 ed.
1623 1573 1740 1627 Lips.
1785 1604 1813 1625 ‚‚
1804 1574 2033 1620 ffPiaesens

245 1623 430 1683 φάσκω,
459 1630 611 1681 inquit,
641 1642 723 1670 non
754 1638 818 1670 est
845 1631 887 1670 in
919 1643 1014 1679 usu,
1045 1631 1143 1670 lieet
1164 1632 1215 1671 ab
1239 1643 1286 1670 eo
1311 1631 1491 1670 derivari
1514 1631 1738 1671 videantur
1762 1631 2034 1684 piaeteritum

243 1694 284 1726 et
313 1686 427 1726 modi
457 1686 634 1738 obliqui.
674 1686 847 1738 Legitur
877 1688 1050 1737 quidem
1078 1688 1194 1740 apud
1223 1687 1441 1727 Platonem
1472 1688 1512 1726 in
1546 1687 1786 1728 Phaedone.
1835 1686 1922 1728 Sed
1950 1699 2035 1728 non

242 1743 385 1783 dubito
415 1743 556 1783 locum
583 1743 838 1782 mendosum
868 1746 992 1785 esse?
998 1744 1171 1792 ‘Quod
1212 1744 1337 1784 codd.
1379 1743 1709 1797 suppeditarunt
1739 1739 1951 1798 λέγουσι,
1990 1743 2035 1783 id

243 1800 368 1839 etiam
390 1799 602 1839 Eusebius
626 1805 666 1839 et
689 1799 899 1840 Stobaeus
922 1801 1136 1853 praebent.

243 1926 251 1936 .
358 1867 460 1965 Cap.
484 1869 614 1965 Ufiss'
646 1869 694 1909 D.
727 1866 825 1910 καὶ
847 1862 1033 1921 ὁσίως]
1058 1870 1204 1923 Steph.
1228 1868 1311 1911 καὶ
1333 1863 1473 1919 ὁσίως
1494 1868 1577 1912 καὶ
1600 1869 1819 1921 δικαίως,
1837 1870 1949 1922 quod
1970 1875 2037 1910 est

241 1938 282 1966 in
307 1939 391 1966 uno
449 1938 510 1965 ar.
571 1957 581 1967 .

356 1975 652 2036 ἄναβοὲντε
667 1979 705 2035 ς]
739 1983 867 2024 Vind.
890 1982 929 2023 Φ
951 1983 1062 2024 Flor.
1087 1984 1115 2023 d
1135 1990 1234 2023 ante
1255 1976 1523 2037 οῗναβοέντες
1545 1984 1772 2023 inferciunt
1791 1982 1888 2026 καί.

356 2045 627 2107 ἠδίκηκε]
673 2054 726 2094 V.
759 2049 962 2107 ἠδίκησε
997 2054 1324 2095 adversantibus
1364 2055 1488 2094 codd.
1522 2054 1648 2107 longe
1683 2054 1876 2108 plurimis
1905 2061 2034 2105 atque

238 2109 466 2205 OPtinllvjs'*
435 2155 466 2217 ἢ
490 2158 904 2220 ἴεροσυλίας]”
872 2181 900 2220 η
925 2179 1009 2207 om.
1033 2180 1098 2221 pl.
1122 2167 1242 2209 Bodl.
1265 2168 1378 2210 Ven.
1406 2166 1579 2207 HTub.

243 2305 531 2360 εγίγνωσκον
567 2299 751 2355 αυτοῖς.
793 2307 956 2347 Hellen.
996 2308 1094 2348 Vll.

241 2363 280 2411 4,
318 2364 386 2403 32.
427 2363 532 2403 Plat.
570 2363 706 2416 Legg.
743 2365 815 2407 ΙΙΙ.
852 2377 896 2417 Ρ.
934 2365 1017 2405 683
1039 2364 1092 2404 Α.

242 2418 346 2462 Crit.
368 2431 410 2471 p.
434 2420 488 2459 45
512 2420 542 2458 E
564 2419 617 2460 al.

1239 2297 1623 2374 αναβοὶντες“
1593 2322 1622 2348 α
1646 2302 1712 2361 δὴ
1738 2321 1859 2350 αυτ.
1864 2307 1878 2360 l
1900 2308 2032 2349 Iunc-

1180 2372 1270 2403 tum
1296 2358 1584 2418 ἀναβαίνειν
1613 2366 1791 2417 simplici
1823 2365 2031 2406 accusati

1180 2433 1251 2471 vo,
1276 2421 1396 2460 utDe
1416 2422 1520 2486 Ριξρ.
1544 2422 1593 2463 Ι[,
1614 2434 1654 2473 p.
1667 2421 1807 2462 36513.
1823 2421 2032 2488 Palaeph.

1180 2478 1281 2517 Fab.
1308 2480 1344 2519 1.
1378 2479 1404 2517 ὅ
1434 2471 1722 2530 ἀναβαίνειν
1753 2471 1865 2526 τούς
1895 2474 2032 2531 κέλη-

1180 2547 1280 2580 τας.
1311 2535 1387 2574 Est
1410 2535 1518 2572 enim
1545 2535 1697 2573 talibus
1720 2535 1762 2574 in
1787 2535 1888 2575 locis
1912 2547 2026 2575 con-

1180 2590 1404 2629 seendei
1416 2603 1452 2629 e.
1514 2590 1794 2640 Friquentius
1843 2590 1922 2629 hac
1963 2602 2031 2629 ra—

300 2528 567 2583 Cap.LXII.
621 2532 668 2571 D.
722 2529 1093 2587 πρῶτονμὲν

243 2543 700 2642 διεὸρικοὲσαντο]
724 2589 764 2628 h.
779 2602 814 2628 e.
838 2590 1116 2629 iudicium·

242 2644 490 2682 subeunt.
513 2643 573 2682 De
596 2645 754 2684 aoristo
778 2658 816 2684 v.
842 2645 1092 2684 Matthiae

243 2699 283 2746 §-
307 2699 403 2739 503.
434 2694 606 2746 Μέσως
636 2696 921 2763 βεβιωκέναι
944 2701 1092 2739 dieun-

242 2760 324 2802 tur,
369 2755 441 2804 qui
480 2766 617 2803 mque
652 2757 761 2807 insib
747 2758 877 2795 niter
912 2757 1093 2808 improbi

244 2822 385 2862 neque
422 2810 578 2848 eximie
614 2812 749 2850 saneti
785 2820 825 2851 et
861 2814 981 2865 probi
1024 2812 1092 2852 fu-

244 2872 381 2904 erunt
427 2864 777 2931 Si0P1at.Iegg
802 2868 855 2907 Χ.
887 2881 927 2931 p.
952 2870 1034 2908 907
1055 2869 1091 2907 A

240 2914 516 2993 ἀνθρώπων
536 2918 690 2987 μέσων
708 2920 833 2965 εἶναι
857 2936 1092 2978 φησομεν,

242 2975 290 3019 οι
320 2991 371 3018 το
404 2976 596 3019 δίκαιον
626 2972 713 3019 οὐκ
746 2972 807 3020 ἄν
835 2994 949 3021 ποτε
979 2994 1091 3033 προ-

243 3031 416 3075 δοῖεν
401 3030 543 3076 ἕνεκα
566 3029 731 3088 δώρων
753 3050 796 3080 κ.
820 3051 857 3078 τ.
881 3038 919 3078 λ.
962 3038 1087 3089 Apul.

242 3091 385 3132 Doctr.
425 3091 588 3134 Platon.
632 3105 674 3145 p.
697 3095 750 3132 22
788 3094 853 3135 ed.
899 3094 1089 3137 Elmenli

241 3149 377 3188 medie
408 3155 610 3189 moratus.
673 3150 770 3188 Tac.
813 3150 920 3193 Hist.
965 3152 996 3190 Ι.
1037 3152 1091 3190 49

242 3205 328 3256 ipsi
363 3206 538 3244 medium
577 3211 673 3245 erat
701 3207 930 3258 ingenium,
962 3208 1093 3259 mayis

241 3265 376 3300 extra
419 3262 522 3301 vitia
566 3276 687 3315 quam
731 3276 819 3303 cum
856 3264 1089 3310 virtutibus,

244 3317 319 3356 ubi
350 3317 528 3369 scriptor
556 3319 650 3372 ipse
678 3319 782 3359 satis
812 3320 994 3359 dilucide
1017 3322 1092 3359 de-

242 3372 395 3422 clarat,
439 3374 567 3425 quale
608 3377 825 3427 ingenium
868 3377 1092 3416 medium

244 3431 476 3472 vocaverit.

1179 2647 1293 2684 tione
1330 2654 1481 2698 poetae
1520 2647 1586 2685 usi
1621 2654 1736 2698 sunt,
1768 2653 1814 2686 ut
1842 2646 2027 2687 Home-

1177 2714 1281 2741 rus.

1239 2781 1321 2832 εἰς
1344 2778 1449 2850 τὴν
1467 2785 1691 2839 λίμνην]
1711 2787 1756 2825 in
1782 2787 2030 2840 paludem

1176 2841 1547 2892 Acherusiam,
1573 2855 1655 2908 q¹.¹⁰
1679 2844 1733 2883 ibi
1755 2852 2032 2896 pun-‚gentura

1179 2898 1290 2937 vitiis
1329 2907 1370 2937 et
1406 2899 1570 2939 labibus
1608 2900 1648 2938 in
1687 2901 1774 2939 vita
1809 2902 2032 2954 superiore

1179 2955 1425 2998 contractis.
1450 2965 1489 2995 v:
1515 2969 1556 3008 p.
1584 2958 1663 2996 113
1687 2953 1734 2997 C.

1235 3032 1586 3093 εὐεργεσιῶν
1607 3054 1778 3093 τιμας
1795 3054 1847 3095 φ.
1851 3040 1866 3093 ]
1884 3047 2030 3082 recte

1179 3095 1438 3135 factorum
1519 3099 1755 3162 piaemia
1841 3110 2031 3138 conse-

1180 3165 1279 3203 qun
1294 3161 1425 3195 ntur
1450 3153 1518 3193 Sic
1543 3147 1788 3221 εὐεργεσία
1813 3167 1880 3207 ap.
1908 3155 2028 3196 Hom.

1180 3209 1291 3274 Odys
1298 3223 1333 3251 s.
1364 3209 1498 3251 XXlI.
1531 3213 1614 3250 374
1643 3206 1703 3257 ὡς
1743 3210 2028 3265 κακοεργίης

1181 3259 1425 3319 ευεργεσιή
1443 3259 1553 3320 μέγ’
1576 3259 1807 3332 οἷμείνων
1802 3276 1842 3307 et
1855 3268 1910 3306 De
1923 3269 2026 3320 Rep

1178 3322 1235 3386 X.
1267 3336 1307 3374 p
1342 3324 1424 3362 615
1451 3323 1477 3361 Β
1516 3322 1564 3363 εἴ
1587 3337 1722 3370 τινας
1755 3315 2027 3377 ευεργεσιάς

1182 3371 1544 3444 εὐεργετηκότες
1593 3377 1675 3420 καὶ
1717 3377 1902 3422 δίκαιοι
1944 3376 2031 3421 καὶ

1178 3426 1303 3476 ὅσιοι
1325 3432 1573 3490 γεγονότες
1603 3430 1715 3480 εἷεν,
