2222 3762
1636 211 1780 264 XVI
1790 211 1818 263 1

126 347 436 414 scientiam,
489 366 651 416 quam
699 345 1005 410 ἐπιστήμην
1052 346 1393 418 appellabat,
1456 347 1586 403 inde
1649 354 1824 422 repeti

127 427 183 475 et
234 418 437 471 hauriri
503 435 664 488 posse
723 426 964 489 negaret.
1055 417 1240 485 Quum
1293 438 1423 472 vero
1478 421 1820 477 Parmenidis

125 490 406 543 decretum
455 489 522 542 de
571 488 766 557 οὐσίᾳ,
831 507 968 558 quae
1029 490 1188 543 unice
1237 489 1464 543 haberet
1518 494 1819 563 veri-tatem⁷

124 580 327 634 magna
376 561 540 614 animi
590 561 902 614 assensione
941 561 1273 631 accepisset,
1324 570 1380 614 et
1418 562 1485 615 de
1525 565 1641 618 eius
1680 567 1821 619 veri-

123 642 238 686 tate
277 651 544 703 quaerens
583 632 842 686 sensisset
892 632 948 684 in
988 633 1176 684 animis
1216 631 1468 686 humanis
1519 635 1696 690 inesse
1737 657 1821 690 re-

118 724 236 758 rum
272 705 554 772 notiones,
607 723 744 774 quae
796 704 851 755 in
888 712 1155 774 perpetua
1192 723 1483 773 corporum
1520 707 1820 777 agitatione

121 789 174 828 et
217 772 592 830 vicissitudine
641 774 863 828 eaedem
915 794 1129 846 semper
1178 784 1461 828 manerent
1509 780 1819 848 pristinam-

122 867 228 917 que
266 848 493 901 somnam
547 867 611 901 ac
661 847 898 917 specie-m
953 864 1105 899 suam
1157 856 1469 900 constanter
1514 857 1816 920 tuerentur,

122 920 304 991 coepit
340 919 537 972 exinde
564 918 829 988 suspicari
847 925 907 970 et
931 918 1205 988 collige1·e‚
1249 938 1365 972 esse
1404 920 1629 989 aliquid,
1668 924 1818 992 quod

121 990 546 1044 immutabilibus
584 991 692 1042 iilis
730 989 1073 1056 noti·0n›ibUS‚
1113 990 1292 1042 animo
1330 990 1630 1060 impressiS‚
1668 997 1815 1047 omni

125 1081 191 1116 ex
235 1071 392 1132 parte
444 1063 619 1116 simile
669 1067 813 1113 esset
862 1077 925 1112 ac
974 1059 1360 1130 responderet,
1413 1061 1647 1132 ideoque
1699 1084 1818 1118 eam

121 1133 346 1186 haberet
382 1141 651 1199 naturam,
693 1149 832 1200 quae
871 1130 1074 1182 nullam
1114 1145 1354 1200 unquam
1393 1133 1604 1186 subiret
1641 1145 1818 1189 muta-

120 1205 341 1257 tionem.
427 1203 592 1272 Q-uod
640 1204 733 1256 ubi
788 1202 843 1254 in
893 1201 978 1254 his
1031 1203 1191 1254 terris
1242 1203 1444 1255 frus-tra
1498 1207 1814 1275 anquisivit‚

118 1275 456 1329 Parmenidis
497 1276 694 1330 οὐσίαν
732 1273 1079 1340 recordatus,
1132 1273 1308 1326 animo
1359 1275 1519 1328 finxit
1567 1285 1623 1330 et
1661 1281 1817 1347 quasi

116 1348 426 1400 informavit
464 1355 684 1401 aeterna
721 1346 844 1412 illa,
897 1345 1188 1416 simplicia,
1242 1365 1305 1398 ao
1355 1366 1569 1417 semper
1620 1352 1702 1402 sui
1743 1351 1815 1404 si-

119 1418 270 1472 milia
307 1419 622 1488 simulacra‚
673 1417 742 1470 ad
782 1436 1013 1485 quorum
1049 1417 1403 1470 imitationem
1442 1418 1576 1472 haec
1615 1422 1812 1490 omnia,

120 1509 262 1559 quae
299 1490 585 1543 mutati-oni
635 1497 688 1542 et
725 1487 1092 1542 vicissitudini
1131 1496 1315 1542 essent
1362 1490 1631 1559 obnoxia,
1693 1503 1813 1546 tan-

118 1569 280 1632 quam
310 1581 564 1633 expressa
589 1580 706 1615 esse
737 1560 943 1613 statuit.
1002 1559 1078 1611 Et
1102 1559 1237 1613 haec
1264 1560 1481 1628 quidem
1522 1564 1814 1617 simulacra

118 1632 276 1685 Plato
315 1633 508 1686 ideas
549 1653 589 1687 s.
634 1634 844 1704 species
887 1631 1208 1701 appellavit,
1264 1633 1441 1702 iisque
1480 1634 1655 1687 voluit
1694 1638 1812 1689 nul-

114 1704 219 1767 lam
262 1723 387 1758 esse
443 1724 563 1758 cum
602 1704 851 1758 sensibus
899 1702 1367 1771 coniunctionem,
1416 1724 1631 1759 omnem
1689 1727 1813 1761 cum

115 1783 295 1828 mente
338 1776 672 1830 intercedere
703 1773 1195 1828 necessitudinem.
1287 1776 1375 1827 Ex
1436 1796 1544 1845 qua
1607 1797 1663 1831 re
1718 1781 1812 1849 qui

114 1846 382 1900 conficere
433 1848 726 1901 voluerunt
774 1845 928 1898 ideas
981 1846 1230 1899 Platonis
1279 1846 1412 1898 nihil
1480 1867 1597 1902 esse
1660 1849 1812 1904 aliud

115 1917 219 1970 nisi
267 1916 568 1973 abstractas
630 1919 826 1972 mentis
878 1918 1158 1986 notiones,
1219 1918 1256 1970 ii
1310 1937 1340 1970 a
1389 1938 1518 1972 vero
1575 1922 1811 1975 multum

114 1989 448 2045 aberrarunt.
521 1991 654 2045 Non
690 1986 945 2042 viderunt
977 1989 1116 2041 enim
1156 1989 1308 2042 ideas
1349 2009 1376 2042 e
1414 1999 1594 2044 mente
1632 1992 1810 2063 philo-

114 2060 272 2132 sophi
326 2081 445 2115 esse
496 2063 651 2131 quasi
701 2061 909 2131 species
969 2060 1230 2128 quasdam
1272 2071 1435 2130 atque
1473 2063 1676 2117 formas
1715 2066 1810 2119 οὐ·

113 2136 238 2196 σίας
275 2151 316 2188 s.
355 2134 756 2200 essentiae,
806 2151 968 2201 quam
1005 2150 1127 2183 cum
1166 2132 1486 2185 Parmenide
1526 2137 1809 2190 statuebat

112 2209 169 2254 et
208 2222 367 2272 quam
404 2205 635 2273 putabat
674 2204 740 2256 ab
782 2202 928 2255 omni
966 2221 1227 2272 corpo-rea
1252 2203 1373 2256 labe
1398 2212 1456 2255 et
1481 2207 1807 2276 contagione

110 2273 333 2326 liberam
370 2293 488 2327 esse
529 2288 692 2345 atque
741 2274 1059 2339 immunem,
1110 2281 1173 2325 ut
1215 2274 1467 2327 facillime
1514 2279 1691 2346 possit
1726 2279 1808 2331 in-

113 2344 317 2416 teni-gi,
354 2362 456 2398 cur
495 2365 585 2400 eas
623 2344 899 2417 putaverit
932 2344 1052 2397 sola
1087 2353 1265 2397 mente
1301 2352 1359 2397 et
1395 2347 1605 2399 ratione
1642 2367 1808 2419 posse

112 2413 373 2486 cognosci
408 2434 584 2486 neque
623 2417 873 2470 sensibus
907 2414 1205 2468 ullomodo
1227 2416 1452 2487 percipi.
1530 2417 1806 2485 Quoniam

110 2494 290 2539 autem
326 2486 475 2541 ideas
513 2488 655 2542 ‘solas
692 2486 958 2540 'iudicavit
1000 2484 1221 2539 *efficere
1253 2488 1499 2541 <veritatis
1538 2491 1804 2562 cognitio-

111 2574 264 2627 nem,
311 2559 516 2612 &emm
571 2567 684 2628 est,
733 2566 797 2612 ut
842 2577 936 2611 eas
983 2573 1092 2610 nen
1143 2557 1315 2610 sollum
1366 2562 1476 2612 τῶν
1510 2559 1693 2615 ὄντων
1749 2572 1805 2616 et

110 2630 220 2682 τῶν
261 2626 437 2694 ὅντως
475 2628 650 2684 ὄντων
685 2630 903 2683 nomine
943 2628 1271 2699 appellaret,
1329 2630 1426 2683 sed
1474 2632 1639 2685 etiam
1677 2634 1802 2687 inde

110 2700 456 2754 iudicandum
495 2711 768 2770 censeret,
809 2700 939 2772 quid
976 2719 1191 2768 verum,
1233 2701 1362 2770 quid
1402 2702 1624 2772 falsum,
1667 2705 1801 2775 quid

52 2817 54 2819 ,
109 2771 341 2838 bonum,
382 2773 513 2843 quid
549 2774 779 2841 malum,
814 2771 952 2842 *quid
988 2771 1207 2839 iustum,
1250 2772 1382 2842 quid
1418 2774 1676 2828 iniustum
1717 2796 1803 2831 es-

110 2849 208 2896 set.
282 2843 502 2898 Etenim
554 2865 663 2899 non
716 2863 900 2898 earum
930 2850 1142 2896 tantum
1179 2862 1388 2913 rerum,
1430 2864 1591 2915 ‚quae
1629 2849 1803 2901 sensi-

111 2913 211 2967 bus
261 2915 665 2988 percipi’untur‚
730 2922 977 2969 aeternas
1028 2914 1183 2984 quasi
1232 2914 1432 2970 formas
1485 2925 1538 2969 et
1590 2920 1800 2989 species

110 3002 226 3039 esse
264 2985 553 3055 iudicavit,
604 2987 702 3041 sed
748 2987 960 3039 illarum
1007 2985 1172 3038 etiam
1221 2986 1513 3058 imprimi8‚
1568 3009 1800 3059 quarum

109 3055 316 3128 effigies
359 3058 419 3110 in
471 3059 629 3113 terris
678 3076 947 3127 nusquam
995 3056 1368 3127 reperiuntur,
1429 3059 1596 3113 veluti
1648 3061 1797 3131 iusti,

107 3127 266 3196 boni,
300 3129 497 3199 pulcri.
570 3129 847 3183 infinitam
903 3136 1082 3181 autem
1130 3130 1327 3182 statuit
1381 3148 1501 3184 esse
1553 3131 1799 3187 idearum

108 3198 505 3254 multitudinem
557 3221 656 3273 pro
692 3202 954 3254 immensa
990 3197 1082 3251 illa
1117 3201 1405 3254 notionum
1435 3203 1620 3274 copia,
1675 3205 1797 3274 qui-

106 3268 206 3322 bus
245 3271 456 3325 animus
489 3273 760 3326 humanus
783 3289 961 3325 rerum
988 3289 1187 3341 genera
1209 3289 1327 3326 com
1369 3272 1602 3328 leotitur.
1644 3274 1795 3343 Qua-

106 3358 223 3394 rum
272 3342 795 3398 animadversionem
849 3359 1012 3411 quum
1057 3341 1115 3394 in
1162 3342 1267 3396 ‘hae
1322 3293 1600 3399 dbc‘tffinae
1636 3354 1793 3418 parte

108 3412 332 3466 maxime
370 3422 705 3483 sequeretur,
743 3414 934 3467 mirum
972 3413 1217 3483 profecto
1254 3414 1427 3469 videri
1473 3436 1581 3470 non
1609 3416 1790 3483 debet⁷

1408 3499 1455 3551 B
