2158 3718
354 186 547 224 XLVIII
932 155 940 167 Ι
975 183 1418 223 PROLEG-OMENA

353 307 632 369 miscuisse
675 315 953 366 narrantur
997 312 1063 364 de
1108 318 1565 384 naturapoeseos
1620 308 1916 364 Contendit
1948 304 2031 384 niss-

353 383 543 437 mirum
579 381 826 438 Socrates
861 382 1118 452 tragicam
1154 390 1207 435 et
1243 383 1495 436 uomicam
1527 381 1713 453 poesin
1746 391 1855 435 tam
1890 391 2036 435 arcta

351 456 491 508 inter
527 473 584 508 se
620 453 876 507 contineri
911 451 1320 517 necessitudine,
1355 462 1416 526 ut
1450 463 1609 525 poeta
1644 471 1768 509 vere
1804 452 2034 508 comicus

351 525 646 579 itemartis
683 523 932 596 tragicae,
969 531 1127 593 poeta
1163 541 1286 576 vere
1323 524 1558 595 tragicus
1596 525 1755 577 etiam
1789 524 1918 576 artis
1942 541 2033 577 co-

353 597 519 650 micae
555 594 758 665 peritus
797 612 913 646 esse
939 593 1146 647 debeat.
1188 591 1294 647 Cui
1315 594 1532 665 Agatho
1570 604 1623 648 et
1646 594 2035 666 Aristophanes

353 667 421 720 ab
466 666 615 719 initio
661 664 876 733 quidem
911 665 1278 733 obloquuntur,
1324 665 1522 735 quippe
1567 666 1703 721 bene
1753 665 2036 718 sentientes

353 757 471 792 sese
507 735 820 804 neutiquam
853 735 911 787 in
945 744 1167 804 utroque
1203 753 1398 806 genere
1433 737 1704 801 excellere,
1749 755 1875 789 mox
1911 749 2035 789 vero

350 810 428 861 ita·
463 807 837 870 assentiuntur,
876 814 937 859 ut
971 806 1058 859 vel
1101 806 1254 859 inviti
1291 805 1528 859 confiteri
1561 807 1725 860 coacti
1761 807 1880 871 sint,
1921 824 2036 860 sese

353 878 468 933 veri
502 886 694 948 poetae
726 877 937 930 nomine
971 876 1220 949 indignos
1257 895 1387 930 esse.
1435 876 1724 930 Enimvero
1757 878 1835 931 ita
1873 896 2036 947 quum

351 948 702 1020 Aristophani
737 948 896 1019 plaga
929 947 1191 1002 inferatur
1233 947 1376 1001 haud
1415 966 1541 1002 sane
1575 947 1728 1012 levis,
1775 957 1888 1000 tum
1921 947 2037 1018 ipse

351 1019 603 1074 Socrates
638 1027 864 1088 utroque
899 1028 1056 1090 poeta
1089 1020 1246 1090 longe
1284 1018 1524 1089 superior
1548 1019 1774 1072 evadere
1796 1017 2039 1074 videatur

350 1109 569 1145 necesse
615 1098 723 1154 est,
771 1090 828 1142 in
870 1108 976 1158 quo
1018 1089 1326 1144 Alcibiades
1371 1089 1763 1162 elegantissima
1805 1091 2038 1144 oratione

353 1182 454 1216 sua>
485 1169 763 1232 utramque
799 1160 1107 1217 facultatem
1141 1170 1194 1213 et
1219 1161 1406 1215 comici
1430 1171 1484 1214 et
1508 1160 1679 1215 severi
1703 1160 2045 1219 coniunctam.

353 1233 500 1287 cerni
545 1231 832 1285 clarissime
882 1231 1332 1284 demonstraverit.
1395 1228 1506 1284 Sed
1549 1231 1691 1285 istud
1726 1231 1906 1303 ipsum
1939 1249 2037 1284 nos

352 1304 623 1366 admonet,
667 1310 745 1355 utv
777 1301 942 1355 etiam
980 1300 1272 1356 Alcibiadis
1320 1302 1611 1355 orationem
1659 1302 2039 1373 aliquantisper

356 1374 770 1436 consideremus,
807 1391 958 1442 quae>
980 1392 1104 1426 sane
1141 1374 1217 1426 ita
1252 1382 1554 1445 comparata
1581 1381 1680 1438 est,
1717 1382 1778 1426 ut
1803 1370 2037 1429 Socratis

352 1464 596 1500 caussam
639 1444 895 1497 adversus
939 1443 1356 1515 Aristophanem
1399 1444 1614 1497 defendi
1659 1443 1826 1515 *facile
1869 1454 2035 1528 appa-

351 1525 482 1571 reat.
518 1515 607 1569 De
644 1533 843 1585 quare
878 1514 1119 1586 inprimis
1145 1523 1299 1568 acute
1324 1515 1570 1585 exposuit
1593 1514 2038 1568 Delbriickiu's

349 1588 385 1643 1.
422 1589 465 1641 l.··
494 1607 546 1658 p.
572 1585 655 1640 VI
680 1604 815 1654 sqq.,
851 1588 1009 1655 quem
1040 1585 1140 1638 hac
1163 1586 1219 1638 in
1254 1595 1408 1655 parte
1431 1594 1642 1639 nostrae
1667 1585 2038 1657 disputationis

352 1659 544 1712 ducem
597 1656 869 1710 habemus.
944 1654 1163 1726 Quippe
1209 1655 1359 1709 finita
1409 1653 1642 1710 Socratis
1690 1656 1935 1710 oratione
1975 1675 2037 1710 eo

350 1732 468 1800 ipso
507 1737 759 1798 tempore,
794 1744 899 1796 quo
937 1728 1169 1781 comicus
1202 1746 1318 1780 sese
1354 1727 1584 1781 accinxit
1615 1728 1684 1781 ad
1707 1728 2039 1784 defendenda

353 1819 450 1854 sua
496 1799 719 1871 placita,
778 1798 950 1852 subito
997 1798 1159 1852 intrat
1203 1798 1539 1863 Alcibiades,
1595 1798 1720 1852 vino
1765 1808 2036 1872 gravatus,

351 1881 513 1942 caput
557 1888 750 1924 corona
795 1868 1072 1922 redimitus
1122 1877 1282 1938 atque
1325 1869 1495 1935 vittis,
1551 1869 1746 1939 quibus
1790 1870 2038 1924 detractis

351 1940 656 2025 Agathonis
693 1942 934 2012 tempora
966 1940 1135 2011 cingit
1143 1961 1158 2005 3
1209 1959 1333 1995 mox
1377 1949 1556 1994 autem
1573 2008 1577 2010 ῃ
1594 1938 1871 1999 Socratem
1908 1959 2037 1994 con-

355 2021 607 2085 splcatus,
684 2020 797 2064 arte
821 2011 1074 2064 vittarum
1089 2011 1341 2081 repetita,
1381 2011 1540 2064 etiam
1563 2011 1873 2066 admirabile
1895 2013 2038 2066 illius

354 2093 515 2155 caput
569 2032 801 2146 redimit,
859 2083 958 2151 qui
1004 2082 1230 2136 dicendo
1276 2101 1464 2136 omnes
1508 2083 1757 2136 mortales
1801 2093 2035 2154 superet.

352 2155 592 2208 Edoctus
638 2153 847 2218 deinde,
874 2192 878 2198 -
903 2171 1041 2222 quae
1086 2172 1174 2207 res
1219 2151 1434 2224 agatur,
1491 2172 1606 2207 sese
1651 2162 1815 2225 negat
1859 2168 2039 2208 coram

354 2226 577 2281 Socrate
613 2242 934 2295 quemquam
970 2224 1132 2278 alium
1169 2224 1281 2279 sive
1318 2225 1477 2278 deum
1501 2225 1612 2278 sive
1635 2225 1898 2278 hominem
1915 2225 2037 2279 ⁴lau-—

353 2299 602 2351 daturum
639 2306 757 2349 esse
791 2303 1004 2367 praeter
1037 2295 1180 2349 hunc
1213 2295 1407 2367 ipsum.
1447 2294 1568 2362 Quo
1597 2296 1739 2349 facto
1772 2295 1929 2350 venia
1962 2297 2039 2350 rei

353 2370 636 2439 impetrata
677 2366 953 2420 exorditur
997 2366 1287 2420 orationem
1333 2385 1499 2431 suam,
1544 2386 1669 2420 vere
1714 2385 1828 2420 sese
1865 2366 2039 2420 omnia

352 2441 619 2492 dicturum
655 2456 773 2491 esse
809 2437 1043 2509 graviter
1077 2456 1403 2492 asseverans·
1447 2437 1664 2491 Initium
1699 2446 1876 2492 autem
1911 2438 2041 2491 facit
2088 2455 2090 2458 ’

353 2531 385 2563 a
427 2509 693 2563 laudanda
729 2505 964 2562 Socratis
1007 2507 1356 2573 deformitate,
1406 2527 1521 2562 com
1562 2527 1716 2562 arans
1761 2528 1882 2563 eum
1912 2527 2039 2563 ‘cum

355 2579 658 2635 Silenorum
693 2580 900 2643 statuis,
939 2598 1076 2648 quae
1114 2581 1440 2633 extrinsecus
1476 2580 1529 2632 ni
1559 2580 1608 2633 il
1642 2578 1873 2634 habeant
1894 2579 2038 2649 quod

354 2654 576 2722 placeat,
631 2651 870 2703 reclusae
918 2648 1065 2702 intus
1117 2651 1436 2719 pulcerrima
1489 2651 1707 2702 deorum
1760 2650 2040 2703 simulacra

355 2722 654 2774 ostendant,
731 2718 886 2785 Quae
983 2720 1225 2772 ertinen't·
1263 2721 1375 2772 sine
1421 2720 1580 2773 dubio
1626 2719 1709 2772 ad·
1742 2720 2038 2774 deformem

357 2789 594 2844 Socratis
629 2790 822 2842 faciem
856 2789 912 2840 in
1000 2789 1191 2842 ubibus
1227 2799 1690 2872 repraesentatam,
1727 2807 1833 2861 qua
1857 2800 2036 2845 osten-

356 2862 518 2914 tanda
566 2859 752 2912 comici
805 2859 991 2911 histrio
1039 2869 1390 2931 spectantmm
1436 2862 1720 2915 cachinnos
1768 2862 2036 2915 movisset.

355 2931 468 2986 Sed
510 2931 643 2984 haec
676 2930 804 3000 'ipsa
841 2927 1074 2984 Socratis
1118 2950 1239 2985 cum
1276 2929 1471 2985 Silenis
1517 2932 1803 2986 similitudo
1848 2933 2037 2986 deinde

353 3005 430 3058 ita
477 3001 840 3065 adumbratur,
889 3010 951 3053 ut
997 3001 1156 3055 totius
1200 3003 1310 3056 sere
1347 3003 1598 3057 orationis
1633 3003 2037 3057 fundamentum

355 3093 426 3129 ea·
452 3073 550 3126 niti
583 3072 841 3126 videatur.
897 3071 1012 3125 Iam
1055 3092 1180 3127 vero
1217 3071 1465 3127 Socrates
1507 3076 1563 3126 in
1598 3067 1849 3128 Nubibus
1880 3075 2037 3128 etiam

360 3156 628 3214 tamquam
663 3142 919 3195 malarum
954 3143 1203 3197 tricarum
1241 3145 1644 3216 sophisticarum
1680 3155 1840 3215 atque
1866 3146 2037 3216 turpi-‘-

357 3216 556 3269 tudinis
604 3222 655 3269 et
697 3213 1057 3284 impudentiae
1101 3216 1356 3288 magister
1395 3216 1722 3269 informatur.
1786 3215 1932 3283 Quid
1969 3217 2037 3269 ad

355 3287 487 3340 haec
521 3283 829 3340 Alcibiades
865 3286 1010 3355 apud
1044 3285 1354 3341 Platonem?
1389 3287 1649 3340 Nimirum
1687 3288 1903 3342 summis
1926 3287 2036 3340 lau·
2099 3327 2104 3332 .

357 3358 516 3412 dibus
551 3357 639 3411 ille
675 3355 945 3428 praedicat
982 3357 1060 3427 (p.
1100 3360 1218 3411 215.
1257 3359 1327 3413 D.
1369 3375 1481 3427 sqq.
1508 3359 1694 3412 -216,
1737 3356 1841 3429 Ο.)
1866 3357 2033 3411 admi-
