2158 3718
818 153 1080 198 PHAEDo
1111 169 1157 212 p.
1180 157 1277 201 103.
1744 124 1749 134 “
1815 155 1921 209 255

130 291 249 368 Ἆρ’
289 296 428 367 ὅπερ
477 294 639 365 χιόνα
693 293 983 364 καὶπῦρς
1038 291 1142 348 Μὰ
1187 290 1305 361 Δί’,
1353 290 1459 347 οὐκ
1504 295 1695 362 ἔγωγε.

136 382 333 453 ἕτερόν
367 401 423 435 τι
457 376 637 449 πυρὸς
671 376 734 432 τὸ
779 377 998 448 θερμὸν
1035 380 1131 432 καὶ
1164 376 1359 449 ἕτερόν
1396 398 1448 441 τι
1484 378 1672 447 χιόνος
1707 377 1770 432 τὸ
1807 389 1917 444 ψυ-

137 466 304 537 χρόνς
360 467 496 519 Ναί.
566 461 731 516 Ἀλλὰ
783 462 913 517 τόδε
966 462 1021 532 γ’
1068 458 1222 533 οἶμαι
1277 463 1437 516 δοκεῖ
1486 477 1602 531 σοι,
1651 461 1920 517 οὐδέποτε

137 551 300 621 χιόνα
342 549 397 620 γ’
448 540 656 618 οὖσαν,
705 548 1012 617 δεξαμένην
1059 546 1122 600 τὸ
1166 547 1413 617 θερμόν,
1464 545 1646 618 ὥςπερ
1695 547 1760 601 ἐν
1805 556 1921 611 τοῖς

137 638 462 708 ἔμπροσθεν
510 634 806 702 ἐλέγομεν,
857 634 939 686 ἔτι
984 634 1215 686 ἔσεσθαι
1272 630 1411 702 ὅπερ
1456 625 1559 703 ἦν,’
1615 631 1777 701 χιόνα
1826 633 1919 685 καὶ

133 719 372 790 θερμόν,
427 716 570 773 ἄλλα
621 716 949 788 προςιόντος
1000 721 1103 770 τοῦ
1156 720 1378 788 θερμοῦ
1413 716 1450 787 ἢ
1496 715 1919 787 ὑπεκχωρήσειν

107 803 287 876 ἀὐτῷ
339 802 376 874 ἢ
431 801 786 857 ἀπολεῖσθαι.
861 803 1031 856 Πάνυ
1096 821 1178 870 γε.
1253 803 1366 855 Καὶ
1430 800 1493 855 τὸ
1542 805 1672 871 ’πῦρ
1722 821 1787 870 γε
1844 794 1920 855 αὖ

133 888 461 959 προςιόντος
496 891 599 941 τοῦ
636 889 861 956 ψυχροῦ
899 883 1051 957 αὐτῷ
1088 886 1125 956 ἢ
1162 883 1448 950 ὑπεξιέναι
1484 886 1521 956 ἢ
1559 885 1914 956 ἀπολεῖσθαι,

133 972 203 1027 οὐ
241 974 432 1044 μέντοι
468 972 603 1026 ποτὲ
640 970 942 1040 τολμήσειν
978 971 1285 1040 δεξάμενον
1335 969 1440 1041 τὴν
1475 971 1800 1041 ψυχρότητα
1837 973 1918 1024 ἔτι

133 1054 279 1112 εἶναι
323 1055 462 1125 ὅπερ
511 1050 613 1125 ἦν,
662 1059 780 1125 πῦρ
817 1055 912 1108 καὶ
949 1046 1188 1125 ψυχρόν.
1259 1054 1498 1124 Ἀληθῆ,
1538 1058 1677 1125 ἔφη,
1718 1056 1913 1123 λέγεις.
1974 1069 1977 1071 “

112 1141 312 1196 ’Έστιν
345 1140 463 1212 ἄρ’,
507 1135 545 1211 ἦ
592 1139 647 1193 δ’
688 1137 775 1208 ὅς,
822 1139 953 1209 περὶ
1000 1141 1122 1192 ἔνια
1159 1142 1274 1192 τῶν
1320 1139 1619 1207 τοιούτων,
1668 1137 1805 1202 (ὅςτε
1840 1138 1914 1209 μὴ

130 1226 309 1297 μόνον
346 1224 482 1280 αὐτὰ
521 1224 585 1279 τὸ
624 1221 771 1287 εἶδος
807 1221 1107 1288 ἀξιοῦσθαι
1143 1227 1245 1278 τοῦ
1284 1223 1488 1277 ἑαυτοῦ
1527 1220 1800 1292 ὀνόματος
1838 1225 1916 1287 εἰς

130 1309 231 1366 τὸν
268 1309 355 1365 άεὶ
390 1310 618 1381 χρόνον,
657 1307 800 1364 ἀλλὰ
825 1309 918 1362 καὶ
944 1307 1082 1363 ἄλλο
1120 1328 1262 1378 τι,ο
1233 1306 1419 1362 ὸέστι
1443 1329 1548 1378 μεν
1575 1306 1680 1362 οὐκ
1708 1308 1914 1377 ἐκεινο,

131 1398 244 1466 ἔχει
289 1395 352 1450 δὲ
397 1393 502 1465 τὴν
539 1395 764 1449 ἐκείνου
801 1391 1030 1465 μορφὴν
1069 1391 1182 1463 ἀεί,
1223 1392 1468 1464 ὅτανπερ
1505 1395 1561 1464 ᾐ.
1638 1395 1719 1447 ἔτι
1757 1392 1809 1445 δ’
1852 1394 1916 1447 ἐν

129 1481 324 1544 1:063&-
349 1484 482 1543 ἴσως
520 1482 673 1534 ἔσται
711 1480 1061 1548 σαφέστερον
1099 1476 1131 1531 ὃ
1166 1478 1339 1546 λέγω,
1387 1475 1450 1531 τὸ
1495 1475 1605 1547 γὰρ
1653 1474 1915 1547 περιττὸν

131 1562 223 1619 ἀεί
263 1582 376 1618 που
427 1565 518 1617 δεῖ
555 1564 762 1617 τούτου
809 1567 912 1617 τοῦ
958 1560 1230 1632 ὀνόματος
1266 1562 1586 1632 τυγχάνειν,
1627 1561 1765 1633 ὅπερ
1803 1566 1915 1615 νῦν

234 1710 338 1789 Ἆρ’
349 1716 498 1789 ὅπερ
521 1715 705 1787 χιόνα]
732 1721 802 1763 Sic
823 1722 946 1764 codd.
969 1722 1095 1775 longe
1116 1721 1289 1775 plurimi
1309 1730 1436 1773 atque
1457 1706 1618 1775 optimi.
1659 1722 1773 1766 Vett.
1798 1721 1913 1763 editt.

120 1768 213 1834 Ἆρ’
237 1772 324 1834 οὐχ
345 1771 460 1834 ὅπερ
481 1772 613 1834 χιών.

241 1857 301 1897 Ι).
326 1850 494 1911 χιόνα
515 1871 542 1911 γ
550 1849 585 1911 ’]
609 1848 776 1911 γ’(311111
797 1855 988 1897 Bekkero
1012 1869 1034 1896 e
1056 1857 1186 1899 Vind.
1210 1856 1248 1897 Φ
1271 1856 1417 1899 Ambr.
1437 1856 1646 1896 additum.

211 1935 291 1986 ,Ε.
322 1934 425 1976 τοῦ
457 1926 673 1976 ἑαυτοῦ
703 1926 1012 1987 ὀνόματος]
1038 1934 1169 1976 Editt
1193 1930 1275 1974 τοῦ
1301 1927 1453 1974 αυτοῦ
1475 1926 1726 1986 ὀνόματος.
1782 1933 1911 1973 Recte

130 1983 305 2033 εαυτοῦ
336 1989 467 2033 Coisl.
488 1991 587 2032 Vat
619 1992 725 2057 Ven.
750 1990 852 2032 ΛΠ
876 1991 1009 2031 Vind.
1031 1989 1070 2031 Φ
1098 1989 1193 2032 Par.
1219 1988 1452 2030 CEGHIL
1481 1990 1623 2030 Ambr.
1654 1990 1767 2043 Aug.
1800 1989 1911 2031 Flor.

128 2048 358 2092 bedim.

1067 2187 1196 2227 etiam
1225 2186 1345 2230 Bodl.
1381 2199 1475 2227 cum
1517 2186 1611 2227 aliis
1641 2186 1910 2238 quibusdam.

1065 2244 1196 2294 Atqui
1224 2244 1434 2284 sententia
1462 2243 1542 2283 loci
1572 2242 1678 2283 haec
1702 2250 1784 2283 est:
1825 2255 1910 2282 ac-

1066 2300 1196 2340 cidit
1272 2301 1442 2353 igitur
1509 2300 1572 2339 de
1636 2299 1911 2340 nonnullis

1065 2357 1390 2406 istiusmodi,
1471 2362 1524 2396 ut
1596 2369 1699 2396 non
1762 2356 1911 2397 modo

1065 2413 1235 2466 ipsum
1275 2426 1439 2466 genus
1490 2425 1639 2453 suum
1690 2424 1746 2451 ac
1785 2414 1910 2464 pro—

188 2187 289 2241 Cap.
319 2188 406 2228 LII.
446 2187 497 2229 D.
538 2181 598 2229 ἒν
632 2190 754 2235 τοῖς
796 2183 976 2241 ἔμπρ]

127 2257 171 2298 p.
197 2245 279 2285 102
300 2244 395 2284 DE

190 2295 274 2342 ἔτι
317 2295 639 2342 ἔσεσθαι-
670 2294 842 2354 χιόνα
879 2297 978 2340 καὶ

128 2349 367 2410 θερμόν]
392 2359 438 2396 111
460 2356 525 2396 his
547 2356 670 2396 facile
691 2356 844 2406 aliquis
865 2357 979 2397 istud

127 2410 213 2454 καὶ
247 2406 431 2468 θερμόν
469 2421 508 2452 et
543 2417 645 2453 mox
678 2409 762 2453 καὶ
793 2405 978 2466 ψυχρόν

1767 293 1915 347 Ἀλλ’
1952 308 1989 348 D

128 2471 278 2510 abesse
298 2470 430 2535 malit,
464 2482 558 2509 cum
588 2470 781 2527 proxime
806 2478 975 2509 antece-

128 2527 200 2566 dat
219 2517 337 2579 ὅπερ
358 2514 434 2579 ἦν.
457 2525 544 2567 Sed
563 2525 666 2565 nihil
686 2517 778 2566 loco
799 2538 977 2565 moven-

128 2582 243 2622 dum.
285 2582 471 2623 Additur
492 2582 603 2622 enim
624 2579 708 2623 καὶ
729 2575 914 2647 θερμόν
937 2591 978 2622 et

125 2634 210 2680 καὶ
230 2631 417 2692 ψυχρόν
437 2639 663 2693 primariae
685 2639 861 2691 notioni,
892 2650 975 2689 quo

125 2696 300 2748 gravius
340 2695 605 2748 significetur
654 2695 876 2747 utriusque
913 2696 978 2736 rei

44 2772 47 2777 v
125 2752 425 2817 repugnantia.
467 2753 558 2793 Hoc
578 2752 707 2804 igitur
730 2752 851 2793 dicit:
875 2751 976 2793 Sed

125 2806 221 2859 ita,
255 2808 467 2861 opinor,
494 2820 684 2848 censes
715 2821 975 2860 nunquam

127 2863 300 2904 nivem
331 2865 544 2916 quidem
566 2873 818 2918 suscepto
841 2865 974 2904 cali-

128 2917 189 2958 do
212 2918 382 2960 adhuc
409 2920 642 2962 futuram
672 2933 813 2972 esse,
837 2922 975 2972 quod

127 2982 240 3014 erat
276 2983 453 3027 antea,
494 2978 666 3017 nivem
709 2985 756 3017 et
800 2983 975 3017 tamen

127 3029 368 3084 (quamvis)
419 3033 670 3082 calidum,
719 3046 812 3072 nec
851 3046 973 3074 vero

126 3087 303 3139 ignem
394 3087 595 3141 frigido
684 3090 975 3129 accedente

125 3155 337 3184 manere
396 3144 584 3191 adhuc,
645 3145 781 3196 quod
842 3152 972 3198 erat,

87 3214 89 3217 ’
126 3200 299 3252 ignem
330 3207 377 3240 et
407 3208 580 3241 tamen
610 3199 887 3253 frigidum,
911 3203 973 3242 De

126 3256 217 3298 καί
233 3257 276 3297 111
298 3258 455 3298 talibus
480 3270 556 3311 pro
586 3255 744 3298 καίτοι
769 3266 971 3312 usurpato

126 3324 167 3351 v.
212 3312 488 3354 Schaeferi
528 3315 688 3368 Appar.
722 3313 842 3357 Dem.
875 3315 972 3358 Vol.

125 3368 198 3411 111.
220 3382 262 3422 p
289 3371 356 3412 96.

183 3425 231 3467 E.
279 3424 378 3467 τοῦ
416 3419 628 3468 ἑαυτοῦ
664 3419 970 3481 ὀνόματος]

128 3480 270 3534 Vulgo
322 3481 406 3524 τοῦ
457 3477 630 3533 αὐτοῦ,
681 3485 794 3533 quod
833 3490 974 3525 tuetur

1063 2470 1234 2522 prium
1296 2470 1396 2510 sibi
1460 2481 1643 2522 nomen
1703 2480 1912 2521 semper

1064 2527 1302 2567 vindicet
1330 2524 1431 2580 (suo
1454 2538 1623 2578 semper
1644 2525 1813 2564 nomine
1834 2537 1911 2578 ap-

1062 2580 1283 2636 pelletur),
1318 2591 1366 2623 ut
1399 2595 1494 2622 cum
1530 2582 1713 2622 calidum
1741 2593 1911 2633 semper

1063 2639 1267 2687 calidum,
1305 2651 1538 2691 numquam
1571 2639 1684 2691 ignis
1718 2646 1910 2688 vocatur,

1063 2697 1156 2736 sed
1178 2696 1338 2735 etiam
1360 2695 1505 2735 aliud
1533 2670 1657 2746 quoid
1679 2691 1814 2747 (quod
1833 2706 1910 2746 ge-

1062 2753 1155 2792 neri
1194 2760 1260 2793 est
1294 2753 1550 2817 subiectum)
1585 2750 1721 2792 illud
1757 2762 1909 2791 assu-

1060 2817 1187 2859 mat,
1226 2810 1361 2859 quod
1398 2802 1499 2849 et'si
1534 2821 1630 2848 non
1664 2813 1741 2847 est
1768 2806 1910 2847 illud

1060 2866 1236 2918 ipsum
1259 2860 1404 2919 εἶδος,
1427 2871 1600 2905 tamen
1621 2864 1774 2904 illius
1796 2862 1907 2903 fol-

1061 2933 1192 2961 mam
1214 2934 1427 2975 semper
1456 2921 1637 2970 habet,
1660 2920 1792 2960 veluti
1813 2932 1909 2959 cum

1059 2978 1173 3030 ignis
1196 2978 1360 3018 calidi
1382 2991 1536 3019 nomen
1557 2977 1794 3041 participat.
1837 2975 1908 3015 Ni-

1061 3035 1214 3074 mirum
1243 3036 1298 3075 ad
1325 3028 1447 3076 αλλα
1476 3032 1560 3076 ’καὶ
1581 3025 1696 3074 ἄλλο
1725 3046 1770 3072 τι
1793 3031 1907 3070 nullo

1062 3091 1232 3143 negotio
1260 3092 1482 3156 intellegas
1511 3085 1775 3153 αξιοῦσθαι
1805 3100 1906 3127 αυ-

1063 3146 1162 3188 τοῦ
1213 3160 1276 3189 sc.
1318 3141 1491 3189 τούτου
1531 3145 1615 3186 τοῦ
1657 3137 1905 3197 ὀνόματος,

1060 3217 1317 3268 quamquam
1339 3204 1443 3244 haee
1465 3204 1570 3242 ratio
1595 3202 1786 3240 fraudem
1807 3200 1905 3239 fecit

1058 3261 1366 3326 grammaticis.
1400 3262 1549 3323 Inepte
1579 3265 1618 3296 et
1639 3258 1818 3297 obscure
1841 3257 1904 3295 ‹li-

1061 3327 1223 3357 ceretur
1253 3309 1371 3358 αυτὸ
1405 3309 1457 3356 τὸ
1490 3309 1617 3360 εἶδος
1639 3305 1904 3379 ἀξιοῦσθαι

1060 3372 1160 3414 τοῦ
1202 3366 1384 3414 αυτοῦ
1427 3364 1660 3437 ὀνόματος
1696 3391 1747 3398 —
1784 3361 1903 3408 α’λλὰ

1060 3426 1143 3494 ua}
1179 3422 1296 3470 ἄλλο
1334 3443 1378 3469 τι
1414 3441 1472 3467 sc.
1503 3421 1767 3478 αξιοῦσθαι
1805 3422 1901 3464 τοῦ

1062 3478 1239 3526 αυτοῦ
1262 3479 1511 3539 ὀνόματος,
1533 3483 1575 3527 h.
1602 3496 1636 3524 e.
1663 3490 1711 3521 et
1738 3493 1903 3535 genus
