2158 3718
163 98 234 152 55
820 92 1315 138 PROLEGOMENA

171 243 296 292 haec
330 238 655 306 philosophus
690 237 1024 288 sollertissima
1051 252 1203 302 opera
1229 239 1323 296 sic,
1360 244 1414 288 ut
1440 254 1551 289 cum
1577 240 1758 303 partim
1784 239 1843 289 ad
1871 257 1950 291 ae-

172 313 283 363 tatis
309 325 488 362 aureae
514 308 879 359 similitudinem
908 314 1188 372 comparata
1213 309 1322 366 sint,
1353 314 1454 360 tum
1481 310 1693 373 speciem
1720 310 1951 375 physicae

171 384 441 448 sapientiae
475 380 622 446 plane
658 381 900 444 insignem
937 393 1057 444 prae
1093 394 1146 428 se
1182 379 1364 436 ferant,
1411 395 1705 445 quamquam
1745 380 1805 430 ab
1842 383 1950 446 ipso

171 468 344 505 revera
381 468 438 502 eo
476 449 678 501 consilio
717 457 830 499 sunt
863 451 1082 508 inventa,
1120 455 1174 499 ut
1211 456 1394 515 quanto
1421 450 1675 501 intervallo
1706 453 1952 502 terrestris

170 526 298 575 vitae
326 523 564 578 condici0,
595 522 732 570 cuius
759 520 1071 585 imperfectio
1098 519 1315 571 breviter
1340 521 1633 571 describitur
1650 521 1700 588 ¹),
1731 538 1758 572 a
1782 538 1951 572 rerum

170 595 456 646 coelestium
494 592 789 658 praestantia
829 591 974 642 distet
1008 606 1253 657 quamque
1291 592 1450 641 divina
1488 593 1714 643 humanis
1740 593 1950 644 antecel-

167 666 271 717 lant
309 664 564 730 splendida
601 661 762 726 aliqua
798 663 1008 726 imagine
1055 662 1347 712 declaretur.
1401 663 1587 728 Nempe
1627 665 1689 713 ita
1727 663 1870 713 simul
1906 670 1954 714 et

167 735 455 801 magnitudo
483 734 676 783 suturae
704 732 947 783 beatitatis
973 733 1281 783 vividissimis
1323 732 1570 782 coloribus
1601 734 1880 799 depingitur
1907 743 1954 785 et

167 805 459 858 mortalibus
496 804 544 853 id
583 803 828 866 agendum
857 819 964 853 esse
991 805 1309 867 significatur,
1349 811 1404 853 ut
1432 821 1490 854 ex
1516 805 1661 854 huius
1688 807 1812 855 vitae
1840 804 1949 856 cali-

168 881 282 943 gine
318 892 374 926 ac
413 875 612 925 miseria
648 881 889 939 perpetuo
927 875 984 924 ad
1025 875 1216 926 divinae
1245 877 1366 925 vitae
1403 875 1562 925 lucem
1591 891 1646 925 ac
1674 875 1952 926 beatitatem

169 948 462 1000 eluctentur.

310 1018 406 1068 Sed
440 1017 517 1066 his
552 1018 618 1066 ita
646 1017 877 1080 expositis
906 1018 1051 1066 etiam
1080 1017 1140 1066 ad
1167 1016 1305 1067 loca
1344 1018 1511 1067 infer
1529 1033 1554 1067 a
1583 1018 1952 1077 descendamuS,

168 1105 382 1155 quorum
409 1088 675 1152 descriptio
691 1084 727 1151 2)
755 1089 818 1137 ita
849 1088 1124 1146 exhibetur,
1153 1094 1206 1138 ut
1228 1088 1373 1138 simul
1392 1088 1580 1139 mediae
1601 1098 1780 1147 terrae,
1808 1105 1953 1155 quam

165 1159 390 1211 incolunt
425 1159 673 1214 homines,
716 1158 923 1208 ducatur
960 1161 1101 1208 ratic.
1154 1160 1215 1208 Et
1252 1165 1383 1209 terra
1410 1160 1607 1224 quidem
1636 1161 1794 1210 media
1824 1162 1954 1226 quod

167 1245 434 1282 cavernosa
470 1229 648 1279 dicitur
688 1244 794 1279 esse
828 1229 1106 1294 multosque
1142 1229 1327 1280 habere
1363 1236 1576 1286 meatuS,
1617 1231 1775 1281 simile
1815 1233 1954 1297 quid-

168 1302 281 1352 dam
309 1302 453 1351 etiam
478 1300 796 1363 Anaxagoras
824 1301 992 1350 docuit
1010 1298 1063 1366 3).
1116 1301 1242 1350 Hinc
1278 1317 1394 1351 vero
1434 1303 1672 1366 repetitur
1699 1304 1823 1352 ratio
1849 1308 1955 1353 tum

167 1371 507 1434 Tartari,-qui
544 1376 617 1420 est
651 1372 825 1435 ingens
870 1371 1029 1421 hiatus
1055 1372 1245 1421 mediae
1272 1378 1435 1422 terrae
1462 1371 1702 1430 inclusuS,
1731 1379 1836 1423 tum
1863 1374 1954 1424 flu-

168 1445 359 1494 viorum
387 1442 695 1491 infernorum
722 1443 772 1490 in
800 1441 938 1491 illum
968 1448 1013 1491 et
1040 1442 1349 1493 influentium
1372 1449 1419 1492 et
1438 1458 1610 1493 rursus
1633 1443 1952 1495 effluentium.

172 1515 323 1566 Cuius
365 1512 580 1562 influxus
625 1517 674 1561 et
716 1511 936 1563 refluxus
981 1529 1156 1563 causae
1203 1530 1259 1563 ex
1295 1516 1449 1579 ipsius
1485 1521 1647 1565 terrae
1681 1515 1955 1566 rationibus

171 1584 386 1651 physicis
422 1583 750 1641 declarantur,
794 1600 918 1649 quae
944 1585 1169 1634 videntur
1203 1584 1499 1635 libramento
1540 1593 1700 1636 terrae
1727 1593 1868 1637 antea
1895 1604 1954 1638 ex

168 1654 522 1705 Anaximandri
547 1655 738 1704 ratione
766 1655 1007 1719 explicato
1036 1657 1291 1706 contineri.
1344 1656 1404 1705 Et
1433 1657 1610 1706 horum
1639 1657 1835 1721 quidem
1862 1658 1955 1708 ssu-

167 1728 360 1776 viorum
387 1724 654 1790 descriptio
684 1727 773 1775 etsi
797 1727 959 1790 primo
987 1727 1222 1790 adspectu
1243 1726 1503 1778 Homerica
1534 1734 1579 1778 et
1597 1728 1836 1779 Hesiodea
1865 1735 1954 1788 est,

168 1804 335 1848 tamen
362 1797 631 1846 arctiorem
660 1797 804 1846 etiam
832 1798 1249 1847 necessitudinem
1277 1798 1462 1848 habere
1490 1799 1679 1849 videtur
1707 1815 1816 1850 cum
1851 1800 1954 1865 pla-

170 1869 278 1918 citis
305 1867 658 1931 Orphicorum‚
709 1869 791 1930 qui
816 1875 1022 1933 propter
1048 1868 1360 1919 lustrationes
1396 1876 1444 1919 et
1471 1872 1796 1935 expiationes,
1835 1887 1956 1937 quas

169 1939 476 1994 statuissent,
505 1938 746 2001 imprimis
775 1940 918 1988 etiam
946 1941 995 1988 in
1023 1939 1361 1990 describendis
1398 1940 1681 1990 fluminibus
1706 1942 1954 1993 infernali-

166 2009 261 2060 bus
300 2007 522 2059 sedulam
558 2023 759 2073 operam
798 2012 1020 2074 posuisse
1051 2011 1287 2061 videntur.
1341 2012 1675 2070 Quamobrem
1703 2014 1792 2063 etsi
1817 2014 1955 2064 Plato

166 2081 328 2131 iudice
354 2077 577 2142 Proclo‘¹)
609 2079 668 2129 ab
696 2080 913 2130 Homero
942 2083 1144 2146 accepit,
1179 2098 1302 2146 quae
1330 2082 1389 2132 de
1416 2083 1611 2133 fluentis
1632 2083 1954 2135 infernalibus

169 2151 420 2217 exposuit,
466 2157 632 2200 tamen
677 2166 775 2199 non
818 2152 1151 2217 neglegendus
1196 2153 1575 2218 Olympiodorus
1631 2160 1725 2214 est,
1772 2157 1856 2221 qui
1899 2172 1954 2206 ea

167 2223 354 2272 fontem
398 2220 584 2271 habere
621 2221 892 2286 Orphicum
939 2223 1176 2289 scribit5).
1254 2224 1562 2290 Quamquam
1607 2226 1757 2277 videri
1796 2233 1957 2291 potest

168 2295 314 2344 etiam
339 2292 540 2358 physica
570 2293 809 2357 quaedam
837 2294 1014 2357 placita
1041 2296 1121 2344 hic
1148 2295 1210 2344 oh
1239 2294 1407 2345 oculos
1437 2296 1680 2356 habuisse,
1711 2298 1853 2348 sicuti
1880 2314 1951 2357 ea,

169 2379 295 2430 quae
314 2363 374 2414 de
394 2363 866 2429 Pyriphlegethonte
889 2367 1125 2430 exposuit,
1149 2367 1410 2417 verisimile
1436 2368 1664 2418 reddunt.
1697 2368 1793 2419 Sed
1815 2370 1954 2434 quid·

169 2434 289 2500 quid
314 2435 388 2484 rei
415 2440 511 2491 est,
550 2434 668 2484 illud
699 2436 897 2499 quidem
925 2444 1057 2486 certe
1085 2445 1311 2502 apertum
1339 2439 1445 2488 fore
1473 2439 1770 2489 arbitramur
1797 2442 1953 2490 omni-

166 2506 286 2563 bus,
325 2520 562 2570 quorsum
592 2505 802 2571 denique
829 2507 974 2570 longa
1002 2509 1090 2557 ista
1119 2515 1265 2574 atque
1293 2511 1491 2574 copiosa
1521 2510 1580 2559 de
1606 2510 1757 2560 rebus
1783 2512 1953 2562 inferis

167 2577 385 2626 narratio
430 2576 693 2626 referatur.
772 2578 1196 2637 Quemadmodum
1243 2582 1373 2629 enim
1418 2596 1627 2645 superae
1666 2588 1826 2632 terrae
1869 2582 1951 2632 de-

167 2647 434 2711 scriptione
463 2647 766 2697 declaratum
797 2655 869 2697 est
895 2649 1183 2699 mortalibus
1210 2650 1333 2698 nihil
1363 2666 1470 2701 esse
1499 2651 1680 2701 debere
1708 2653 1953 2716 antiquius

168 2732 315 2782 quam
351 2723 404 2766 ut
439 2733 464 2766 e
501 2719 625 2766 vitae
663 2720 911 2767 terrestris
947 2719 1165 2769 tenebris
1203 2720 1262 2769 ad
1300 2723 1424 2770 vitae
1460 2722 1750 2772 immortalis
1790 2721 1951 2774 lucem

168 2789 438 2845 enitantur,
476 2789 541 2837 ita
578 2793 740 2838 terrae
775 2789 963 2839 inferae
1006 2791 1198 2855 pictura
1245 2807 1301 2841 eo
1347 2792 1495 2849 valet,
1534 2800 1585 2842 ut
1623 2799 1803 2857 quanta
1840 2803 1952 2860 post

166 2866 377 2908 mortem
414 2858 576 2908 futura
612 2860 671 2908 sit
705 2859 962 2910 hominum
988 2860 1253 2927 impiorum
1281 2879 1336 2912 ac
1371 2863 1721 2915 sceleratorum
1751 2866 1948 2916 miseria

167 2935 215 2979 et
250 2928 508 2979 infelicitas
543 2929 617 2979 vel
656 2931 831 2980 exinde
867 2934 1217 2997 perspiciatur,
1255 2935 1385 2998 quod
1420 2935 1644 2985 locorum
1672 2936 1947 2987 inferorum

165 3002 316 3051 facies
343 3000 605 3066 unicuique
632 3002 786 3066 ipsam
827 3004 1178 3069 contemplanti
1203 3005 1465 3056 horrorem
1494 3008 1721 3066 incutiat,
1759 3014 1814 3057 ut
1847 3009 1949 3073 ipsa

282 3213 323 3267 1)
356 3215 471 3267 Pag.
506 3215 586 3255 109
607 3213 667 3262 Ε,
703 3215 783 3256 110
804 3214 856 3256 Α.

281 3269 326 3323 2)
358 3271 471 3323 Pag.
507 3272 584 3311 111
611 3269 644 3309 C
677 3293 728 3300 ——
763 3273 842 3313 113
864 3272 922 3315 D.

283 3326 327 3378 3)
360 3327 644 3379 Sehaubach,
675 3328 747 3368 De
778 3328 983 3383 Anaxag.
1018 3330 1216 3373 Clazom.
1252 3346 1292 3385 p.
1328 3335 1407 3374 176
1438 3347 1536 3387 sqq.

281 3383 327 3433 4)
359 3384 413 3423 In
444 3383 599 3436 Remp.
633 3399 674 3437 p.
707 3387 803 3426 396.

281 3442 322 3492 5>
355 3439 560 3493 Lobeck,
592 3441 818 3496 Aglaoph.
853 3458 897 3497 p.
928 3443 1024 3484 812.
