2222 3762
1753 182 1900 236 XIII

199 325 410 400 gandae
464 331 673 390 essent,
735 323 1025 394 plurimum
1080 321 1377 387 tribueret,
1440 333 1673 374 mentem
1734 324 1900 391 illam,

237 416 363 451 uam
401 415 582 449 rerum
617 394 961 447 universitati
999 393 1386 463 praefecisset,
1441 391 1577 445 nihil
1613 413 1900 465 propemo-

199 416 329 522 dum
366 474 580 521 curaret
614 466 686 536 ³¹²).
771 466 967 534 Itaque
1020 483 1184 533 quum
1233 481 1410 531 neque
1459 463 1517 516 in
1556 483 1742 517 eorum
1780 466 1901 536 phi-

196 539 578 610 losophorum,
631 556 768 607 quos
809 536 1070 603 diximus,
1134 533 1382 587 doctrina
1419 535 1716 604 reperisset
1753 537 1902 606 quod

199 610 331 665 satis
369 617 577 664 certum
614 608 937 677 firmumque
973 606 1269 672 videretur,
1307 624 1481 674 neque
1517 606 1745 660 aliorum
1785 609 1903 679 opi-

196 681 415 750 niones,
465 699 600 751 quas
649 680 758 732 iam
803 685 1012 731 mature
1066 676 1286 731 videtur
1333 677 1614 749 attigisse,
1678 679 1901 749 probari

196 760 346 806 recte
389 754 555 823 posse
596 750 889 815 iudicaret3
945 749 1064 820 ipse
1103 749 1262 801 aliam
1299 747 1578 819 ingressus
1617 758 1701 803 est
1736 751 1898 819 viam,

199 843 338 894 quae
375 823 444 876 ad
484 823 770 877 certiorem
806 821 921 875 veri
959 820 1328 892 cognitionem
1366 819 1565 873 ducere
1606 820 1897 874 videretur.

195 894 417 948 Etenim
469 914 634 964 quum
680 893 737 946 in
773 893 838 947 iis
873 893 1066 960 rebUS,
1118 910 1258 961 quae
1297 892 1548 945 sensibus
1587 893 1899 964 percipiun-

196 973 313 1035 tur,
353 966 636 1019 veritatem
672 965 873 1017 frustra
922 963 1110 1032 quaeri
1148 963 1253 1015 sibi
1290 964 1683 1032 persuasisset,
1734 965 1898 1018 altius

196 1044 376 1090 mente
417 1036 570 1106 quasi
610 1034 849 1088 evolavit
900 1042 1064 1103 atque
1103 1032 1350 1085 idearum
1392 1032 1697 1086 doctrinam
1737 1055 1899 1089 exco-

195 1107 395 1179 gitavit
414 1147 429 1174 ,
476 1125 584 1176 qua
632 1105 968 1159 stabiliretur
1018 1111 1074 1156 et
1124 1103 1537 1156 confirmaretur
1573 1125 1679 1158 non
1721 1107 1898 1159 solum

197 1197 262 1232 ea
323 1177 701 1249 philosophiae
764 1183 920 1248 parS,
1005 1194 1143 1244 quae
1202 1193 1378 1228 rerum
1439 1176 1896 1247 contemplatione

197 1250 536 1316 continetur,
589 1247 686 1302 sed
735 1250 898 1301 etiam
947 1247 1147 1314 altera,
1205 1265 1344 1316 quae
1394 1254 1479 1300 est
1529 1246 1596 1299 de
1656 1249 1897 1303 moribus

195 1324 363 1392 atque
401 1320 459 1372 in
497 1321 710 1374 actione
748 1326 1013 1373 versatur.
1088 1317 1182 1371 Ad
1230 1317 1370 1371 hanc
1420 1325 1600 1372 autem
1651 1319 1896 1390 philoso-

194 1391 356 1463 phiae
389 1399 628 1463 partem,
675 1410 815 1461 quae
854 1397 937 1444 est
974 1389 1040 1443 de
1079 1390 1193 1442 vita
1231 1396 1285 1441 et
1322 1389 1593 1458 moribus,
1643 1398 1704 1443 ut
1739 1411 1896 1462 prae-

196 1463 355 1535 cipue
394 1463 630 1516 animum
667 1461 1002 1531 attenderet,
1057 1460 1238 1514 effecit
1273 1458 1517 1514 Socratis
1555 1463 1895 1517 consuetudo

198 1542 255 1589 et
286 1534 642 1602 familiaritas,
683 1534 738 1586 in
778 1553 940 1603 quam
982 1552 1104 1586 eum
1142 1551 1284 1585 anno
1324 1533 1518 1585 aetatis
1558 1533 1779 1587 circiter
1815 1535 1895 1587 vi-

194 1606 403 1679 gesimo
439 1606 755 1678 pervenisse
810 1605 972 1658 modo
1012 1604 1367 1657 narravimus.
1444 1602 1677 1658 Constat
1715 1613 1895 1659 autem

194 1678 339 1731 inter
376 1695 561 1731 omnes
582 1718 597 1747 ,
637 1676 923 1732 Socratem
959 1676 1194 1747 primum
1230 1675 1555 1746 sapientiam
1609 1675 1678 1728 ad
1725 1677 1895 1730 vitam

194 1767 483 1818 moresque
537 1749 815 1802 hominum
854 1745 1281 1802 considerandos
1321 1764 1609 1800 revocasse
1649 1756 1704 1801 et
1741 1748 1895 1801 adhi-

194 1819 400 1889 buisse,
441 1821 518 1872 ita
540 1827 603 1873 ut
640 1839 780 1891 quae
819 1819 1013 1874 virtuti
1042 1826 1138 1871 aut
1173 1817 1310 1870 nihil
1346 1819 1599 1872 utilitatis
1639 1818 1896 1874 afferrent

194 1898 291 1944 aut
339 1891 531 1945 obesse
581 1899 634 1945 et
669 1911 866 1945 nocere
902 1890 1249 1957 viderentur,
1307 1909 1371 1942 ea
1412 1899 1771 1962 oppugnaret,
1810 1912 1895 1946 re-

192 1963 428 2032 futaret,
486 1970 872 2017 contemneret.
947 1963 1144 2032 Itaque
1191 1961 1283 2013 ille
1333 1981 1443 2014 non
1492 1962 1666 2015 solum
1717 1964 1894 2017 curio-

193 2053 283 2088 sas
322 2033 723 2105 disputationes
765 2054 981 2103 eorum,
1034 2034 1129 2103 qui
1176 2031 1243 2085 de
1280 2051 1460 2085 rerum
1496 2041 1690 2086 natura
1730 2054 1894 2104 quae-

194 2105 483 2174 sivissent,
522 2107 681 2178 parvi
721 2106 1030 2160 aestimavit
1068 2103 1316 2173 adeoque
1352 2104 1710 2176 negligendas
1751 2106 1894 2160 iudi-

195 2177 358 2245 cavit,
399 2177 498 2230 sed
534 2178 694 2230 etiam
735 2177 997 2231 absurdas
1031 2175 1409 2245 sophistarum,
1428 2177 1732 2245 opiniones,
1773 2178 1893 2248 qui-

195 2247 299 2300 bus
339 2267 550 2301 omnem
587 2248 804 2301 virtutis
852 2266 915 2299 ac
968 2246 1267 2316 sapientiae
1304 2246 1568 2298 rationem
1610 2248 1779 2300 everti
1812 2249 1894 2302 vi-

196 2316 350 2371 deret
388 2318 501 2389 ¹⁸³²),
559 2326 672 2372 tam
733 2318 982 2372 doctrina
1047 2324 1100 2369 et
1163 2316 1507 2370 institutione
1573 2337 1735 2386 quam
1792 2338 1892 2373 suo

192 2388 368 2459 ipsius
406 2391 652 2461 exemplo
699 2390 943 2443 studiose
995 2388 1259 2459 coarguit.
1334 2386 1501 2455 Quod
1539 2407 1649 2457 qua
1684 2390 1894 2444 ratione

191 2460 406 2530 fecerit,
449 2475 615 2532 quum
652 2460 901 2531 plurimis
941 2459 1059 2512 aliis
1097 2466 1340 2512 veterum
1377 2460 1702 2529 scriptorum
1738 2463 1893 2515 testi-

192 2531 390 2586 moniis
438 2540 678 2601 constat,
730 2539 846 2585 tum
883 2551 912 2584 e
948 2530 1337 2601 Xenophontis
1387 2538 1442 2582 et
1479 2531 1730 2586 Platonis
1781 2552 1892 2586 ser-

194 2603 446 2657 monibus
486 2605 750 2676 cognosci
786 2603 946 2656 facile
983 2609 1179 2674 potest.
1254 2601 1453 2671 Neque
1483 2602 1626 2655 enim
1662 2603 1720 2656 id
1757 2605 1889 2677 egit,

193 2681 256 2727 ut
288 2682 582 2747 praecepta
626 2675 773 2728 vitae
821 2680 968 2728 recte
1019 2694 1081 2728 ac
1120 2671 1396 2743 sapienter
1430 2673 1798 2729 instituendae
1834 2677 1890 2730 in

194 2743 516 2818 disciplinae
552 2747 778 2800 formam
817 2745 1109 2818 redigeret,
1150 2751 1243 2796 aut
1275 2744 1475 2813 quibus
1514 2764 1578 2797 ea
1616 2748 1797 2801 causis
1837 2757 1891 2801 et

191 2817 494 2872 rationibus
524 2819 851 2887 niterentur,
903 2817 1091 2871 subtili
1127 2816 1597 2888 argumentatione
1635 2819 1890 2872 ostende-

191 2896 300 2953 ret3
349 2889 447 2943 sed
485 2890 676 2959 quavis
718 2889 1126 2961 opportunitate
1167 2905 1297 2953 usus
1335 2886 1402 2957 de
1441 2886 1670 2959 singulis
1703 2891 1885 2959 rebuS,

192 2979 332 3031 quae
381 2960 450 3013 ad
493 2961 630 3014 bene
678 2962 946 3030 beateque
992 2957 1288 3012 vivendum
1322 2958 1594 3027 valerent,
1651 2962 1888 3015 notioni-

191 3031 294 3086 bus
336 3040 518 3085 earum
554 3031 946 3105 investigandis
970 3032 1245 3085 sermones
1275 3029 1529 3100 instituit,
1556 3032 1738 3086 omnia
1756 3052 1886 3086 vero

194 3187 303 3198 ψ..-

257 3287 304 3340 *)
336 3285 559 3330 Phaedon.
591 3300 632 3354 p.
659 3286 732 3331 98.
762 3287 814 3329 Β.
847 3302 910 3342 sq.
943 3287 1056 3330 Tim.
1090 3302 1131 3343 p.
1161 3288 1231 3333 46,
1262 3288 1315 3328 D.
1826 3341 1835 3351 ο

236 3345 307 3398 **)
333 3343 1198 3445 (Paeig)[fflicset'n'sdivhiscctiipctpgegsltiistoriae
1217 3343 1527 3400 philosophiae.
1590 3343 1738 3395 Neque
1771 3352 1878 3382 enim
