2158 3718
666 134 927 189 CRITO.
990 135 1050 186 P.
1091 136 1177 186 45.
1219 132 1299 185 St.
1729 134 1828 184 ‘207

134 291 294 356 ἐσμεν
341 280 615 347 σώσαντές
669 302 727 338 σε
783 280 1117 337 κινδυνεύειν
1172 283 1375 334 τοῦτον
1438 277 1535 334 τὸν
1577 282 1834 335 κίνδυνον

134 374 243 439 καί,
287 367 386 424 ἐὰν
433 371 538 444 δέῃ,
585 371 665 422 ἔτι
710 364 913 422 τούτου
940 369 1116 438 μείζω.
1160 363 1274 418 ἀλλ’
1325 370 1448 435 ἐμοι
1489 368 1697 419 πείθου
1743 372 1835 418 καὶ

132 451 209 524 μὴ
264 453 443 516 ἄλλως
497 457 659 509 ποίει.
714 451 848 504 ΣΩ.
912 455 1030 505 Καὶ
1073 452 1251 504 ταῦτα
1299 451 1746 520 προμηθοῦμαι,
1791 441 1830 501 ὦ

133 541 376 608 Κρίτων,
421 539 513 590 καὶ
553 534 699 590 ἄλλα
761 535 957 590 πολλά.
1018 537 1132 589 ΚΡ.
1191 532 1351 599 Μήτε
1410 537 1600 587 τοίνυν
1653 537 1833 587 ταῦτα

133 624 345 695 φοβοῦ·
406 625 498 675 καὶ
557 618 666 691 γὰρ
721 619 849 675 οὐδὲ
907 616 1048 675 πολὺ
1095 616 1394 688 τάργύριόν
1437 624 1599 683 ἐστιν,
1656 614 1685 672 ὂ
1733 621 1835 672 θέ-

132 709 290 760 λουσι
333 704 602 774 λαβόντες
645 709 786 767 τινὲς
828 707 1002 759 σῶσαί
1043 722 1101 758 σε
1137 705 1230 756 καὶ
1264 702 1546 771 ἐξαγαγεῖν
1586 705 1831 757 ἐνθένδε.

131 793 317 844 ἔπειτα
369 789 471 860 οὐχ
514 787 652 861 ὁρᾷς
694 788 935 853 τούτους
991 786 1122 851 τοὺς
1164 785 1520 860 συκοφάντας
1575 785 1648 850 ὡς
1691 785 1837 841 εὐτε-

132 877 242 937 λεῖς
301 876 393 927 καὶ
438 873 600 928 οὐδὲν
645 869 719 927 ἂν
764 876 878 928 δέοι
917 870 993 926 ἐπ’
1045 868 1255 933 αὐτούς
1293 874 1504 925 πολλοῦ
1529 871 1831 943 ἀργυρίου,-

132 961 220 1012 σοὶ
263 960 319 1012 δὲ
363 954 596 1028 ὑπάρχει
637 961 738 1027 μὲν
782 954 851 1010 τὰ
889 954 992 1026 ἐμοὶ
1015 953 1298 1027 χρήματα,
1341 952 1414 1017 ὡς
1437 947 1663 1025 ἐγῷμαι,
1709 960 1829 1009 ι’κα-

132 1042 236 1096 νά·
280 1045 467 1095 ἔπειτα
514 1045 604 1095 καὶ
651 1042 699 1095 εἴ
751 1062 805 1093 τι
849 1043 984 1110 ἐμοῦ
1042 1036 1345 1108 κηδόμενος
1400 1037 1503 1093 οὐκ
1561 1040 1661 1095 οἴει
1722 1043 1833 1094 δεῖν

129 1124 447 1180 ἀναλίσκειν
493 1123 662 1196 τάμά,
706 1126 845 1190 ξένοι
910 1115 1064 1180 οὗτοι
1121 1122 1333 1177 ἐνθάδε
1389 1128 1599 1195 ἕτοιμοι
1643 1122 1836 1179 ἀναλί-

246 1346 352 1400 Cnp.
384 1346 461 1386 lV.
494 1346 543 1390 P.
578 1346 648 1390 45.
682 1343 833 1398 ῙᾺήτε
873 1347 1069 1386 τοίνυν
1102 1360 1134 1384 τ.
1172 1345 1247 1397 φ.]
1308 1346 1364 1385 V.
1397 1342 1466 1397 μὴ,
1499 1345 1614 1397 qnod
1648 1359 1672 1386 e
1708 1345 1836 1387 Bodl.

133 1405 244 1446 Ven.
276 1406 313 1445 b.
352 1405 470 1447 Tub.
493 1405 626 1445 vind.
661 1404 698 1447 7.
727 1405 847 1446 Flor.
877 1403 904 1444 f.
938 1402 977 1446 h.
1009 1403 1145 1446 Huet.
1184 1403 1279 1445 Par.
1315 1402 1401 1446 DS.
1434 1409 1659 1444 mutatum.

1026 1546 1145 1599 τας]
1179 1545 1337 1585 dicitur
1368 1558 1462 1586 cum
1487 1551 1724 1587 contemtu.
1763 1546 1828 1586 In·

1023 1604 1088 1645 fra
1131 1617 1167 1645 c.
1213 1603 1294 1642 IX.
1349 1600 1560 1643 τούτων
1607 1604 1690 1644 τῶν
1730 1606 1831 1644 πολ-

1024 1663 1120 1705 λῶν.
1155 1660 1316 1712 Soph.
1355 1659 1421 1702 ΕΙ.
1454 1675 1490 1702 v.
1522 1662 1622 1705 530.
1655 1661 1723 1703 ed.
1758 1663 1833 1703 ΒΓ.

1026 1717 1164 1774 πατὴρ
1208 1713 1340 1759 οὗτος
1379 1716 1482 1770 σός7
1526 1727 1689 1773 pater
1725 1721 1834 1762 iste

1024 1785 1164 1820 tuus.
1222 1776 1496 1818 Demosth.
1555 1778 1744 1830 Philipp.
1793 1779 1830 1818 Ι.

1024 1840 1069 1880 Ρ.
1101 1836 1174 1879 41.
1207 1833 1515 1888 παραδείγμασι
1545 1833 1753 1889 χρώμενοι
1783 1836 1834 1887 τῇ

130 1548 208 1588 bro
243 1546 450 1601 posuerit,
482 1545 680 1588 omiserit
710 1547 750 1588 iu
781 1559 932 1589 secun·

130 1605 200 1648 do.
261 1605 313 1645 In
344 1607 475 1645 tertio
510 1610 652 1646 autem
674 1605 827 1646 iterum
861 1605 938 1645 ad-

130 1662 269 1713 didit,
308 1663 407 1714 quia
448 1675 604 1702 novum
647 1663 823 1715 periculi
863 1676 938 1714 ge-

130 1733 210 1760 nus
251 1725 639 1769 commemoratur3
689 1733 783 1761 nam
839 1718 939 1760 ἄλλο

131 1792 166 1818 τι
198 1778 357 1819 παθεῖν
388 1783 476 1819 est:
513 1790 576 1817 ue
606 1777 719 1830 ipsi
750 1779 800 1818 in
831 1779 941 1820 vin-

129 1837 253 1878 cula
298 1836 686 1886 coniiciamur,
736 1837 939 1878 exsilio

129 1896 450 1943 muitemur,
492 1905 773 1943 neoeinur;
815 1909 852 1935 v.
884 1894 938 1936 ad

129 1953 318 2005 Apolog.
351 1964 442 2004 cap.
474 1950 643 1991 XXVI.
701 1951 812 1992 Cum
843 1957 939 1993 toto

127 2011 224 2051 loco
254 2008 454 2050 conferas
483 2009 552 2049 ilia
572 2038 584 2059 ,
617 2020 728 2061 quae
758 2008 868 2050 infra
899 2023 939 2063 p.

129 2066 204 2110 53.
237 2067 287 2108 B.
327 2069 541 2118 leguntur.

189 2125 240 2166 P.
289 2123 363 2168 45.
427 2123 594 2163 ἔασον
641 2120 775 2166 αὐτὸ
833 2127 938 2178 χαί-

131 2182 274 2236 ρειν]
316 2180 356 2222 h.
401 2193 438 2224 e.
496 2193 631 2221 nunc
678 2183 938 2225 timorem

129 2241 356 2282 missum
408 2237 605 2278 facias.

127 2297 285 2350 quendi
339 2295 568 2338 illustravit
616 2297 938 2340 Valckennr.

128 2354 183 2396 ad
217 2354 430 2397 Herodot.
472 2352 553 2393 IX.
582 2353 652 2397 41.
697 2355 754 2395 ad
786 2356 935 2410 Eurip.

127 2412 356 2467 Hippolyt.
375 2427 414 2455 v.
435 2410 540 2454 113.
575 2416 620 2451 et
644 2412 934 2454 Heindorf.

128 2470 183 2511 ad
214 2469 444 2511 Theaetet.
483 2483 526 2522 p.
571 2467 670 2512 441.
731 2470 802 2512 De
834 2484 935 2512 con-

128 2528 370 2570 structione
418 2526 648 2568 verborum
696 2525 813 2580 ἡμεῖς
853 2527 933 2583 γάρ

129 2598 217 2625 που
249 2583 411 2626 δι”καιοι
449 2582 643 2634 ἑσμεν-
666 2584 933 2628 κινδυνεύειν

128 2655 169 2686 v.
203 2642 392 2687 Matth.
434 2640 475 2697 §.
508 2643 606 2686 296.
645 2643 851 2686 Buttm.
894 2647 917 2699 ξ

131 2699 225 2744 138.
257 2699 300 2743 5.
330 2700 484 2742 Rost.
517 2700 555 2752 ξ.
593 2699 690 2745 125.
722 2702 748 2744 6

187 2758 274 2798 καὶ
312 2755 379 2811 μὴ
416 2755 797 2814 ἄλλωςποίει]
859 2761 932 2801 Sic

129 2814 235 2857 infra
270 2828 308 2856 c.
343 2815 393 2856 V.
427 2821 535 2858 extr.
569 2817 732 2858 πείθου
762 2831 835 2867 μοι
866 2818 934 2858 καὶ

128 2871 330 2926 μηδαμῶς
369 2869 505 2913 ἄλλως
547 2876 681 2922 ποίει,
731 2881 775 2916 et
814 2877 931 2919 aiibi.

127 2943 170 2973 v.
200 2931 253 2970 ad
275 2929 492 2971 Phaedon.
524 2944 563 2984 p.
586 2932 685 2976 117.
707 2935 756 2977 A.
773 2933 931 2987 Remp.

132 2989 165 3033 1.
198 2987 296 3030 328.
332 2989 382 3028 Α.

142 3043 146 3051 “
189 3042 331 3098 Μήτε
380 3046 571 3085 τοίνυν
629 3047 790 3088 ταῦτα
839 3062 931 3100 φο-

130 3102 256 3158 βοῦ]
296 3102 542 3156 Abrnptum
574 3106 933 3148 sermonis'fiium

130 3173 232 3203 mox
263 3164 369 3201 sect.
407 3161 455 3204 D.
489 3161 719 3202 resumitur
739 3161 803 3203 his
836 3175 931 3204 ver-

130 3219 221 3262 bis:
253 3214 357 3259 ὥςτε
387 3241 443 3249 -
473 3216 576 3271 μήτε
605 3219 734 3260 ταῦτα
763 3221 932 3272 φοβοῦ.

132 3275 388 3330 intelligitur
424 3290 477 3319 ex
518 3277 609 3327 his,
659 3288 737 3318 cur
776 3278 933 3320 librarii

132 3330 234 3385 μήτε
261 3334 302 3375 ἰη
339 3330 396 3386 μή
433 3336 704 3377 mutaverint.

190 3388 422 3432 τούτους
482 3388 606 3439 τοὺς
655 3390 933 3444 συκοφάν-

676 2240 828 2281 Genus
876 2242 940 2282 Ιο-

1026 1909 1068 1934 τε
1099 1891 1194 1938 τότε
1225 1890 1343 1947 ῥώμῃ
1371 1895 1454 1933 τῶν
1476 1892 1833 1943 Λακεδαιμονίων

1024 1976 1079 1984 —-
1122 1953 1190 1992 καὶ
1230 1952 1280 2003 τῇ
1319 1952 1402 1991 νῦν
1439 1947 1566 2003 ὕβρει
1609 1949 1830 1993 τούτου.

1027 2012 1211 2063 Apolog.
1235 2010 1358 2052 Socr.
1394 2023 1434 2062 p.
1461 2010 1528 2053 17.
1549 2010 1601 2050 Β.
1634 2011 1699 2050 De
1719 2010 1830 2063 Rep.

1024 2069 1108 2110 111.
1143 2081 1182 2120 p.
1214 2065 1391 2110 403.A.
1418 2068 1621 2124 Sympoa
1657 2081 1698 2120 p.
1728 2067 1828 2111 181.

1024 2125 1077 2166 Ε.
1094 2125 1248 2194 Gorg
1280 2138 1319 2177 p.
1351 2124 1451 2167 452.
1483 2125 1535 2165 Ε.
1570 2127 1625 2166 al.

1082 2177 1162 2221 ἐπ’
1206 2177 1436 2235 αυτούς]
1479 2182 1516 2223 h.
1549 2196 1586 2223 e.
1633 2183 1697 2223 ad
1732 2196 1830 2224 eos

1028 2241 1740 2309 corrumpendos..

1082 2292 1308 2350 ὑπάρχει
1339 2296 1432 2347 μὲν
1472 2294 1531 2338 τὰ
1567 2294 1666 2347 ἐμὰ
1709 2297 1828 2351 χρή-

1021 2355 1168 2408 ματα]
1203 2356 1303 2395 tibi
1333 2368 1481 2396 meae
1515 2369 1645 2409 opes
1677 2368 1829 2407 prae—

1021 2417 1112 2453 sto
1168 2417 1307 2455 sunt.
1365 2413 1412 2454 in
1476 2426 1623 2454 usum
1683 2420 1829 2457 tuum

1022 2474 1251 2522 paratae
1290 2476 1416 2512 sunt
1444 2475 1610 2522 atque
1652 2484 1827 2524 prom-

1018 2531 1132 2579 tae3
1172 2541 1233 2569 es
1276 2528 1424 2569 steht
1455 2528 1537 2570 dir
1568 2528 1664 2570 das
1699 2529 1824 2570 Mei-

1018 2586 1143 2639 nige
1187 2599 1248 2625 zu
1290 2584 1526 2627 Gebote=
1572 2598 1667 2627 nam
1702 2585 1827 2627 ἱκανά

1019 2656 1097 2694 per
1135 2644 1454 2696 appositionem
1507 2642 1701 2685 additum
1742 2651 1824 2686 est.

1019 2699 1190 2753 Tetigit
1236 2699 1348 2741 hunc
1407 2714 1530 2742 usum
1579 2701 1825 2756 Wytten-

1018 2757 1162 2800 bach.
1193 2758 1247 2799 ad
1265 2758 1424 2799 Select.
1448 2759 1633 2814 Princip.
1653 2760 1823 2802 Histor.

1017 2830 1056 2869 p.
1090 2815 1207 2866 381.‚
1241 2816 1311 2867 qui
1335 2817 1509 2858 omuino
1529 2816 1582 2858 de
1614 2818 1696 2858 hoc
1726 2831 1824 2859 ver-

1018 2875 1074 2914 bo
1113 2873 1404 2915 consulendus
1455 2880 1533 2916 est.
1585 2876 1639 2918 ef.
1694 2876 1824 2917 etiam

1018 2931 1166 2987 I2exic.
1185 2930 1461 2984 Xenophont.
1482 2931 1544 2972 T.
1564 2932 1638 2977 lv.
1658 2948 1700 2987 p.
1719 2933 1819 2977 333.

1076 2989 1126 3030 Ε.
1145 2987 1276 3039 ἐμοῦ
1307 2987 1636 3044 κηδόμενος]
1669 3003 1821 3033 verens

1016 3060 1070 3088 ne
1100 3048 1227 3101 inops
1263 3046 1366 3087 fiam
1409 3048 1562 3100 opibus
1603 3050 1711 3091 meis
1743 3062 1821 3102 pro

1017 3105 1159 3146 salute
1188 3109 1261 3146 tua
1291 3104 1509 3173 impensis

1077 3159 1224 3212 ξένοι
1245 3154 1651 3216 οὖτοιένθάδε]
1688 3177 1822 3205 ecce

1018 3218 1276 3273 hospites
1307 3218 1608 3262 hieadsunt
1641 3222 1820 3274 parati

1016 3282 1093 3318 etr.
1155 3276 1253 3318 Noli
1285 3278 1395 3319 enim
1427 3275 1588 3319 ἐνθάδε
1616 3285 1820 3346 tanquam

1019 3335 1206 3376 otiosum
1239 3333 1456 3377 damnare.
1530 3336 1639 3378 Nam
1673 3328 1824 3375 οὗτοι

1019 3391 1177 3433 indicat
1210 3389 1427 3432 δεικτικῶς
1465 3405 1612 3436 eorum
1643 3394 1682 3433 in
1714 3392 1825 3433 iudi-

1879 942 1927 993 B
