2158 3718
529 0 539 18 ι
604 0 1067 30 τψῃτ;·“”·»<ἒ.“-ΰεψὲ«-.,υῑ·-ι.ῖεη,κη’
1085 0 1279 27 ι”
1367 8 1369 10 -
1407 0 1414 4 ’
1521 0 1695 30 ‘f-“r‘rffk'af-»i
1727 16 1730 20 -
1779 13 1783 16 ·

780 39 798 44 ¹,
943 31 945 34 -
1015 24 1045 32 ι*
1087 26 1091 46 j
1144 27 1205 51 fut*
1226 50 1230 54 ι
1311 31 1314 33 -
1351 27 1354 30 ’
1387 35 1389 37 ,
1574 33 1582 43 n
1802 39 1813 49 ,Δ
1906 38 1942 56 ,1η

1859 49 1891 65 ‚cx

239 113 345 168 232
945 115 1301 169 {VPLA'roms

237 273 304 322 γε
348 253 567 307 τούτων
616 253 1019 323 ἐναργέστερα,
1069 251 1136 305 τοὶ
1184 253 1319 306 δέκα
1366 274 1458 323 μοι
1507 254 1692 307 ε’δόκει
1728 258 1844 308 τῶν
1881 252 2029 310 &avc-5·

238 340 474 391 πλείονα
522 334 667 391 εἶναι
715 335 807 390 διὰ
852 335 915 390 τὸ
966 336 1070 390 δύο
1117 334 1309 400 αὐτοῖς
1344 347 1659 407 προς-εἴναι,
1709 339 1803 390 καὶ
1838 337 1902 392 τό
1941 340 2027 392 δί-

238 439 390 491 πηχυ
444 426 547 475 τοῦ
602 424 883 491 πηχυαίου
939 423 1128 489 μεῖζον
1183 413 1329 474 εἶναι
1377 420 1470 474 διὰ
1515 419 1577 474 τὸ
1625 419 1813 490 ἡμίσει
1845 419 2028 476 ἀὐτοῦ

238 503 554 576 ὑπερέχειν.
631 509 764 558 Νῦν
803 505 865 557 δὲ
904 504 992 572 δή,
1034 506 1140 572 ἔφη
1180 501 1209 556 ὁ
1246 505 1451 574 Κέβης,
1490 510 1546 558 τί
1581 519 1670 558 σοι
1710 507 1870 559 δοκεῖ·
1899 507 2029 575 περὶ

239 588 456 654 αὐτῶνς
497 590 707 659 Πόῤῥω
747 606 877 656 που,
918 590 1055 656 ἔφη,
1094 585 1164 656 νὴ
1203 587 1298 640 Δί’
1342 589 1438 657 ἐμὲ
1482 586 1627 642 εἶναι
1663 593 1766 643 τοῦ
1806 594 2030 643 οἴεσθαι

239 675 369 748 περὶ
406 674 625 727 τούτων
663 692 765 725 του
803 670 907 740 τὴν
946 673 1132 724 αἰτίαν
1172 673 1400 740 εἰδέναι,
1439 671 1501 735 ὅς
1537 693 1600 740 γε
1627 671 1732 726 οὐκ
1759 672 2030 746 ἀποδέχο-

240 778 339 827 μαι
388 758 637 827 ἐμαυτοῦ
686 755 820 810 οὐδὲ
859 754 952 824 (ὃς,
996 754 1227 809 ἐπειδὰν
1266 755 1353 809 ἑνί
1386 760 1468 819 τις
1506 761 1724 826 προςθῇ
1762 758 1852 826 ἕν,
1892 756 1929 826 ἢ
1966 756 2031 810 τὸ

239 841 301 894 ἓν
358 832 403 911 ᾦ
456 841 763 909 προςετέθη
819 841 923 893 δύο
978 840 1240 908 γέγονεν,
1297 838 1334 909 ἢ
1380 838 1443 893 τὸ
1491 841 1798 910 προςτεθὲν
1846 842 1940 894 καὶ
1988 833 2054 912 ᾦ

155 940 209 981 97
241 925 548 995 προςετέθη
596 922 689 978 διὰ
735 923 840 993 τὴν
878 924 1187 994 πρόςθεσιν
1223 926 1327 977 τοῦ
1375 923 1568 994 ἑτέρου
1605 928 1680 995 τῷ
1720 924 1886 996 ἑτέρῳ
1925 926 2029 978 δύο

243 1009 491 1078 ἐγένετο·
533 1009 800 1078 θαυμάζω
839 1009 966 1078 γάρ,
1009 1010 1075 1077 εἰ,
1115 1007 1209 1062 ὅτε
1245 1009 1351 1078 μὲν
1389 1008 1656 1079 ἑκάτερον
1694 1007 1884 1062 αὐτῶν
1921 1029 2029 1078 χω-

243 1095 328 1161 ρὶς
366 1091 628 1163 ἀλλήλων
665 1087 757 1162 ἦν,
798 1094 859 1146 ἓν
885 1090 979 1162 ἄρ’
1008 1092 1273 1162 ἑκάτερον
1310 1086 1383 1162 ἧν
1420 1094 1514 1145 καὶ
1552 1092 1657 1146 οὐκ
1693 1091 1871 1162 ἤστην
1906 1094 2031 1146 τότε

241 1167 374 1245 δυό,
427 1177 549 1230 ἐπεὶ
596 1176 648 1229 δ’
691 1177 1040 1245 ἐπλησίασαν
1078 1176 1368 1246 ἀλλήλοις,
1410 1175 1551 1246 αὕτη
1590 1176 1700 1246 ἄρα
1739 1178 1887 1230 αἰτία
1926 1175 2031 1230 αὐ-

238 1270 355 1324 τοῖς
411 1261 632 1329 ἐγένετο
690 1263 855 1314 δυοῖν
909 1261 1196 1329 γενέσθαι,
1253 1259 1286 1330 ἡ
1343 1260 1579 1324 ξύνοδος
1633 1265 1735 1314 τοῦ
1791 1264 2035 1330 πλησίον

356 1419 405 1462 Ε.
446 1418 778 1472 προςεῖναι]
809 1421 927 1459 Hanc
949 1419 1174 1459 lectionem
1197 1419 1401 1459 debemus
1429 1418 1551 1461 Bodl.
1574 1431 1662 1461 rec.
1691 1417 1820 1460 Coisl.
1848 1419 2037 1472 Tubing.

239 1475 338 1516 Vat.
369 1476 481 1518 Ven.
500 1478 540 1517 Λ
568 1477 662 1516 Par.
688 1475 883 1516 CEGHI
912 1476 1057 1515 Ambr.
1081 1488 1155 1540 pr..
1170 1475 1266 1518 Par.
1288 1475 1321 1514 L
1350 1476 1461 1527 Aug.
1491 1475 1746 1515 Florentinis
1775 1475 1883 1517 aliis.
1924 1475 2033 1515 Nam

248 1530 398 1585 steph.
419 1533 709 1587 προςθεῐναι
732 1532 877 1583 edidit,
903 1532 1017 1582 quod
1037 1532 1180 1571 tenuit
1201 1532 1328 1570 etiam
1349 1531 1489 1571 Herm.
1513 1543 1605 1571 cum
1629 1531 1914 1584 Bodl.p1.1n.

356 1595 574 1643 τούτων
614 1600 731 1655 του]
775 1615 859 1643 του
900 1602 1062 1642 addunt
1089 1601 1197 1642 Ven.
1220 1601 1319 1642 ΛΠ
1357 1601 1600 1644 Vind.‘1‘d⁵
1631 1601 1725 1642 Par.
1749 1600 2035 1644 ACEGHIL

240 1657 388 1699 Ambr.
418 1659 532 1711 Aug
554 1659 665 1699 Flor.
689 1671 714 1697 a
736 1659 761 1698 b
785 1671 806 1697 o
828 1660 841 1696 i
864 1671 919 1699 m.
962 1659 1010 1698 ln
1030 1658 1139 1698 Tub.
1164 1665 1226 1697 est
1246 1655 1356 1710 περὶ
1385 1653 1566 1699 τούτων
1585 1651 1767 1712 ταύτην
1787 1654 1896 1708 αἰτ.,
1918 1659 2035 1698 unde

241 1726 356 1755 error
379 1721 517 1756 natus.

354 1771 400 1813 Ρ.
425 1773 493 1811 97.
536 1767 703 1812 αἰτία
745 1763 963 1821 αὐτοῖς]
1008 1769 1078 1810 Sic
1108 1770 1229 1810 Bodl.
1258 1771 1369 1810 Ven.
1394 1769 1498 1816 ΞΠ
1528 1771 1655 1810 Vind.
1679 1770 1720 1811 'I'
1752 1770 1846 1810 Zitt.
1889 1771 2035 1823 Vulgo

242 1827 421 1867 ordine
412 1839 583 1867 inverso
607 1820 774 1874 αὐτοῖς
797 1823 942 1867 αἰτία.
984 1825 1091 1865 Dein
1114 1825 1198 1867 τοῦ
1222 1819 1310 1866 δύο
1333 1822 1564 1880 γενέσθαι
1584 1827 1683 1868 vat
1708 1827 1835 1868 Vind.
1861 1826 1900 1867 Φ
1932 1827 2036 1866 Pa1.

243 1882 278 1924 G
297 1883 445 1923 Ambr.
468 1882 578 1924 Flor.
604 1884 644 1925 d.
675 1883 755 1923 Pro
777 1883 893 1935 vulg.
918 1876 1006 1923 δύο
1029 1895 1051 1921 e
1073 1882 1201 1925 Coisi,
1224 1883 1318 1922 Par.
1344 1881 1532 1923 CEHIL
1552 1882 1662 1925 Flor.
1686 1894 1710 1921 a
1731 1883 1756 1922 b
1779 1895 1801 1921 c
1823 1883 1833 1921 i
1855 1895 1897 1921 m
1919 1883 2030 1935 Aug.

239 1939 370 1981 vind.
389 1941 414 1980 3
435 1939 476 1980 Τ
493 1940 745 1992 scripsimus
769 1937 909 1980 δυοῖν
931 1951 1025 1978 cum
1047 1939 1240 1979 Bekkelo
1268 1938 1396 1989 idque
1426 1939 1507 1977 iam
1529 1938 1666 1978 Aldus
1689 1938 1837 1982 edidit
1879 1939 2034 1979 Tenuit

243 1988 333 2036 δυο
354 1991 585 2049 γενέσθαι
605 1996 749 2038 Herm.

240 2135 410 2176 videtur
430 2135 511 2176 hoc
532 2137 575 2176 in
598 2128 749 2177 αὐτοῦ
772 2142 952 2179 mutare.
986 2135 1094 2175 Nam

243 2184 366 2245 αὐτῇ
397 2191 452 2245 τῇ
483 2191 671 2247 κεφαλῇ
706 2200 790 2233 est:
834 2193 960 2232 eben
1002 2204 1094 2244 ge-

241 2248 369 2288 rade
399 2249 563 2289 durch
599 2249 697 2288 den
726 2248 882 2302 Kopf,
923 2249 950 2288 i.
977 2261 1012 2288 e.
1044 2259 1092 2287 eo

240 2304 350 2358 ipso,
382 2318 465 2356 qno
498 2318 594 2345 enm
616 2305 747 2345 altero
773 2317 868 2345 esse
888 2305 1091 2345 maiorem

239 2361 367 2402 facile
397 2369 658 2426 appareret.
688 2360 972 2401 Nihilominus
1001 2362 1095 2413 ipsa

243 2419 504 2471 comparatio
527 2426 574 2458 ut
596 2410 747 2459 αὐτοῦ
771 2418 955 2458 addatur
976 2417 1094 2468 flagi-

241 2480 332 2513 tare
360 2474 553 2525 videtur,
581 2474 834 2544 praesertim
865 2486 962 2513 oum
993 2474 1092 2514 sub-

240 2530 440 2582 iungatur
479 2506 563 2572 κοί).
603 2529 748 2578 ἵππος
796 2528 962 2571 ἱ’.ππου
1026 2527 1091 2571 Cf.

240 2587 652 2638 p.100E.1taque
692 2587 791 2626 vide
831 2599 931 2626 num
973 2586 1092 2626 locus

241 2641 519 2702 refingendus
561 2645 614 2682 sit
650 2642 767 2707 ‚hune
807 2642 848 2681 in
892 2642 1089 2682 modum:

240 2696 414 2750 μείζων
443 2693 568 2738 εἶναι
602 2691 752 2738 αὐτοῦ
783 2691 906 2750 αὐτῇ
937 2695 994 2750 τῇ
1016 2710 1090 2737 κε-

244 2751 391 2805 φαλῇ

298 2810 345 2852 Ε
401 2803 498 2849 διὰ
551 2802 608 2849 τὸ
660 2802 854 2862 ἡμίσει
907 2801 1088 2849 αὐτοῦ

243 2859 582 2918 ὑπερέχειν]
634 2866 679 2906 Ρ.
726 2867 802 2904 101
836 2864 867 2903 Β
911 2862 995 2905 καὶ
1036 2859 1087 2905 τὸ

241 2919 423 2983 δίπηχυ
440 2920 525 2962 τοῦ
541 2920 785 2974 πηχυαίου
806 2914 967 2973 ἡμίσει
989 2922 1090 2973 μεῖ-

242 2976 324 3028 ζον
348 2973 487 3020 εἶναι.

300 3028 502 3086 Πόρρω
523 3046 656 3084 που,
676 3028 811 3085 ἔφη,
831 3026 896 3085 νὴ
918 3025 1007 3073 Δί’
1018 3032 1088 3084 -]

242 3089 456 3130 Multum
476 3091 687 3136 abesse,
710 3098 763 3128 ut
785 3090 846 3128 de
867 3089 975 3128 ulla
997 3089 1088 3128 lia-

240 3158 351 3186 rum
380 3158 551 3186 rerum
579 3146 702 3185 mihi
742 3145 925 3184 videar
969 3158 1087 3184 cau-

242 3212 368 3241 sam
381 3201 894 3248 novisse,utha1um
919 3215 1087 3240 rerum

243 3270 431 3298 causas
461 3258 784 3323 intellegam.

301 3305 356 3382 ἅς
386 3327 443 3381 γε
476 3306 578 3355 οὐκ
610 3288 978 3367 αποδέχομαι
1008 3307 1088 3379 ἐμ.

243 3392 297 3399 ——
319 3362 587 3424 ἔγένετο.]
620 3370 715 3418 Qui
747 3383 809 3410 ne
835 3369 931 3409 h·0c
973 3371 1087 3419 qui-

244 3428 355 3466 dem
405 3427 527 3466 mihi
578 3427 910 3479 pexsuadere'
963 3438 1087 3477 pos·

1181 2147 1314 2184 sum,
1349 2147 1488 2183 num,
1527 2135 1569 2174 si
1601 2134 1717 2184 quis
1755 2147 1908 2174 unum
1943 2135 2032 2175 uni

1180 2191 1357 2238 addat,
1391 2190 1527 2230 illud
1556 2203 1730 2238 unum,
1761 2192 1844 2230 cui
1874 2203 2031 2230 unum

1181 2247 1416 2287 additum
1447 2252 1552 2297 est,
1577 2247 1676 2286 duo
1707 2247 1906 2287 factum
1937 2248 2031 2299 sit⁷

1181 2316 1241 2344 an
1266 2311 1546 2352 utrumque
1577 2309 1625 2342 et
1646 2304 1696 2342 id
1719 2304 1853 2354 quod
1878 2303 2029 2343 addi-

1182 2368 1287 2399 tum
1329 2365 1408 2399 est
1450 2366 1497 2398 et
1545 2359 1700 2409 illud,
1751 2360 1835 2398 cui
1875 2372 2031 2399 unum

1181 2417 1433 2463 accessit,
1471 2423 1755 2468 propterea
1784 2416 1920 2466 quod
1951 2416 2027 2454 al-

1181 2480 1347 2512 terum
1378 2471 1537 2512 alteri
1565 2472 1800 2512 accessit
1836 2469 2030 2524 (propiet-

1181 2529 1438 2568 additionem
1461 2528 1587 2567 unius
1610 2528 1664 2568 ad
1685 2526 1903 2580 alterum),
1928 2527 2029 2567 duo

1179 2584 1322 2623 facta
1353 2585 1470 2625 sint.
1510 2584 1619 2623 Vide
1654 2590 1793 2622 tamen
1836 2595 1890 2622 an
1933 2595 2030 2622 eum

1179 2639 1620 2705 VVyttenbachio
1635 2639 1907 2678 sciibendum
1950 2639 2029 2679 sit:

1180 2682 1269 2736 δύο
1309 2690 1527 2748 ’γέγονεν
1590 2686 1620 2747 ἢ
1668 2687 1719 2735 τὸ
1756 2690 2028 2760 προςτεθεν

1178 2742 1209 2804 ἢ
1237 2744 1288 2791 τὸ
1327 2746 1592 2801 προςτεθεν
1622 2748 1705 2791 καὶ
1737 2741 1773 2806 ᾦ
1811 2748 2027 2802 προςετέ-

1177 2807 1261 2859 θη.
1350 2807 1554 2846 Nimirum
1621 2807 1791 2846 tertium
1858 2819 2025 2857 quoque

1178 2870 1223 2903 ut
1264 2869 1630 2916 poneietm,pe1
1670 2865 1808 2915 ipsam
1847 2864 1907 2902 rei
1950 2876 2025 2903 na-

1177 2926 1311 2959 turam
1334 2931 1384 2986 P¹
1388 2932 1473 2984 ope
1490 2921 1777 2959 necessarium
1802 2918 1893 2961 fuit,
1920 2919 2029 2959 Ver·-

1177 2976 1278 3016 bum
1318 2971 1652 3028 αποδέχεσθαι
1695 2976 1954 3028 piobandi
1982 2976 2026 3015 vi

1177 3044 1273 3071 eum
1293 3031 1493 3084 genetivo
1517 3033 1804 3082 coniunctum,
1827 3040 1873 3071 ut
1897 3044 2030 3084 supra:

1176 3101 1217 3141 p.
1242 3090 1294 3128 91
1318 3089 1365 3137 Ε
1391 3089 1526 3127 ubiV.
1550 3100 1647 3127 ann.

1234 3145 1279 3186 P.
1305 3147 1372 3187 97.
1405 3135 1497 3184 ότε
1527 3140 1629 3196 μέν
1652 3165 1702 3172 -
1727 3140 1897 3196 χωρὶς
1928 3135 2025 3183 αλ-

1179 3194 1363 3253 λήλων
1392 3189 1476 3254 ἦν]
1507 3199 1548 3240 h.
1574 3213 1609 3239 e.
1642 3200 1851 3250 quaudo
1889 3199 2023 3238 alte-

1178 3269 1283 3297 rum
1325 3258 1386 3296 ab
1428 3257 1592 3295 altero
1634 3262 1938 3306 sepniatum
1977 3261 2024 3293 et.

1178 3314 1507 3353 disiunctum
1530 3319 1685 3352 esset.

1237 3362 1478 3423 αἰτίαὲγ
1491 3364 1654 3410 ἑνετο
1677 3364 1847 3407 δυοῖν
1872 3362 2024 3419 γενέ·

1181 3422 1343 3478 σθαι]
1370 3425 1430 3465 Ne
1452 3425 1544 3475 quis
1566 3424 1754 3472 requirat
1775 3421 1859 3463 τοῦ
1882 3420 2026 3463 δυοῖν
