2158 3718
542 178 1284 245 SYMP081UM.p.218
1323 180 1397 232 St.

1718 183 1819 233 183

146 324 247 383 οὐκ
299 327 516 381 ἐθέλειν
551 326 740 393 ,λέγειν
798 321 921 379 οἷον
974 314 1046 401 ἦν
1101 321 1247 389 πλὴν
1302 329 1418 385 τοῖς
1456 324 1816 394 δεδηγμένοις,

148 407 238 478 ὡς-
262 408 457 483 μόνοις
499 410 865 478 χνωσομένοις
896 428 953 464 τε
978 409 1070 462 καὶ
1100 410 1580 479 συγγνωσομένοις,
1624 414 1669 462 εὶ
1700 411 1815 462 πᾶν
1853 410 1958 460 218

145 492 532 566 ἐτόλμαδρᾶν
575 512 632 545 τε
678 489 769 545 καὶ
812 495 983 560 λέγειν
1023 487 1132 546 ὑπὸ
1179 493 1275 556 τῆς
1305 487 1523 556 ὀδύνης.
1573 488 1673 560 ἐγὼ
1717 483 1817 547 οὖν

144 580 464 648 δεδηγμένος
507 597 563 631 τε
610 572 717 630 ὑπὸ
758 574 1142 649 άλγεινοτέρου
1181 577 1289 629 καὶ.
1317 573 1380 628 τὸ
1423 572 1818 641 ἀλγεινότατον

145 653 241 726 ὧν.
267 657 342 716 ἄν
383 681 468 724 τις
512 663 746 731 δηχθείη
787 691 875 701 —--
915 656 1019 727 τὴν
1059 661 1292 730 καρδίαν
1334 655 1441 730 γὰρ
1487 656 1522 726 ἢ
1552 657 1740 733 ψυχὴν
1784 656 1816 725 ἢ

145 742 176 800 ὅ
222 764 277 803 τι
318 741 580 799 δεῖαύτὸ
627 742 907 814 ὀνομάσαι
952 745 1171 812 πληγείς
1213 764 1270 797 τε
1313 746 1403 797 καὶ
1449 746 1678 814 δηχθεὶς
1708 740 1818 799 ὑπὸ

146 830 256 883 τῶν
303 834 362 883 ὲν
390 831 700 903 φιλοσοφίᾳ
731 826 926 898 λόγων,
974 829 1027 882 οἳ
1067 831 1286 898 ἔχονται
1329 830 1539 898 ἐχίδνης
1563 827 1822 899 ἀγριώτε-

145 932 276 985 ρον,
333 918 460 967 νέου
518 914 704 989 ψυχῆς
760 908 836 982 μὴ
898 909 1120 986 ἀφυοῦς
1164 907 1305 966 ὅταν
1361 909 1672 982 λάβωνται,
1731 915 1824 967 καὶ

142 998 371 1054 ποιοῦσι
388 997 560 1081 δρᾶν
607 1017 665 1051 τε
709 998 801 1050 καὶ
844 998 1016 1063 λέγειν
1060 992 1252 1049 ὁτιοῦν
1296 1027 1380 1035 ——
1425 998 1519 1051 καὶ
1560 993 1707 1067 ὀρῶν
1749 1017 1822 1051 av

151 1082 456 1152 Φαίδρους,
496 1077 851 1150 Ἀγάθωνας,
875 1077 1283 1152 Ἐρυξιμάχους,
1311 1082 1661 1145 Παυσανίας,
1677 1077 1822 1153 Ἀρι·

139 1270 398 1314 adversante
438 1267 609 1312 Wolfio.
679 1266 770 1309 Pro
799 1266 1108 1322 ἄλγεινότατον
1139 1270 1242 1312 Par.
1262 1269 1314 1311 F.
1345 1284 1370 1312 ιι
1402 1284 1465 1325 pr.
1498 1285 1552 1313 ιιι.
1592 1275 1637 1312 et
1669 1270 1767 1312 Vat.
1790 1285 1826 1312 s.

139 1342 166 1371 a
195 1342 254 1378 m.
285 1341 375 1372 sec.
404 1324 717 1394 ἀλγεινότερον.

255 1388 382 1426 νέου
422 1388 601 1439 ψυχῆς
644 1381 710 1436 μὴ
754 1379 932 1437 α’φυοιι
946 1384 993 1431 c]
1038 1381 1152 1424 V‹·.tt
1196 1382 1317 1425 editt.
1357 1383 1428 1423 καὶ
1466 1390 1566 1426 ante
1606 1384 1663 1437 μὴ
1699 1384 1829 1426 infer-

143 1443 283 1491 ciunt,
316 1441 430 1495 quod
463 1447 582 1483 recte
612 1440 816 1481 omittunt
845 1438 973 1480 Bodl.
1009 1439 1108 1480 Vat.
1132 1438 1186 1485 A.
1221 1441 1397 1484 Ven..':''.
1432 1442 1826 1485 Par.D1<.Amb1-.

143 1500 240 1543 Vat.
251 1471 294 1542 d'.
303 1512 347 1554 p.
359 1511 394 1540 r.
429 1497 554 1541 vind.
570 1497 606 1540 1.
620 1496 722 1544 25.
742 1497 859 1539 Flor.
870 1509 910 1539 n.
944 1501 988 1538 et
1019 1509 1082 1550 pr.
1118 1497 1223 1539 Ven.
1246 1513 1292 1540 ....

145 1646 294 1698 petum
336 1640 552 1694 animique
593 1637 945 1689 commotionem,

144 1712 229 1754 qua
284 1696 341 1741 de
399 1698 474 1740 illo
533 1697 684 1739 dolore
745 1695 947 1748 loquitur,

146 1758 273 1812 plane
303 1756 514 1809 exprimat
546 1760 590 1796 et
608 1753 774 1795 veluti*
763 1752 948 1805 imagine

148 1813 288 1868 aliqua
310 1816 617 1867 repraesentet
661 1810 830 1852 Etenim
850 1821 948 1863 par-

148 1871 292 1926 ticipia
330 1869 586 1923 δεδηγμένος
634 1871 678 1909 et
716 1865 826 1921 ὁρῶν
876 1879 950 1907 ca-

147 1933 245 1973 rent
274 1928 408 1970 verbo
439 1939 535 1968 cum
566 1925 672 1979 ipsis
694 1925 951 1965 cohaerente

149 1985 341 2028 oratione
358 1982 796 2039 propterinterposita
812 1994 950 2023 mem-

147 2043 226 2084 bra
267 2041 470 2083 aliorsum
509 2041 677 2082 inflexa
718 2062 775 2069 —
842 2035 947 2079 ὑπὸ

149 2098 550 2166 ἄλγεινοτέρου
602 2097 628 2137 i
663 2110 700 2138 e.
742 2093 830 2136 ύτιό
866 2099 949 2135 τῶν

148 2159 194 2197 ἐν
222 2156 456 2210 φιλοσοφίᾳ
498 2150 661 2208 λόγων,
705 2153 778 2205 qui
816 2151 947 2194 vehe-

152 2213 387 2256 mentiores
420 2216 518 2253 sunt
547 2210 674 2252 etiam
707 2223 854 2252 morsu
883 2210 947 2250 vi-

152 2283 302 2326 pereo,
351 2270 468 2312 Male
497 2267 804 2322 Stephanus
835 2266 946 2308 coni.

151 2325 474 2382 ἆλγεινοτάτοι.
507 2349 564 2356 -
604 2323 662 2365 τὸ
697 2322 946 2379 ἀλγεινό-

151 2400 344 2437 τατον,
405 2397 520 2427 eam
568 2383 667 2424 mei
715 2387 946 2437 partem,

152 2455 295 2496 quae
327 2441 548 2483 dolores
578 2438 946 2482 vehementis-

154 2501 288 2542 sime
328 2499 524 2550 sentit,
565 2496 694 2539 videl.
736 2495 814 2550 τὴν
843 2510 947 2551 καρ-

153 2558 320 2600 δίανκ.
360 2556 471 2598 τ..λ
513 2579 569 2585 -
636 2551 950 2606 ἧδ’τιδεῖ

153 2613 220 2656 av
236 2627 307 2655 το
328 2611 350 2655 ὀ
371 2610 620 2667 νομάσαι,
650 2624 691 2655 v.
710 2611 763 2653 ad
787 2625 827 2665 p.
846 2609 945 2654 212.

156 2673 207 2716 C.
246 2695 291 2702 -
353 2671 573 2723 πληγείς
606 2684 659 2709 τε
689 2669 787 2712 md.
840 2667 948 2709 Fre-

155 2742 291 2783 quens
341 2734 409 2771 est
454 2727 630 2768 verbum
681 2724 844 2768 δάκνειν
891 2725 949 2766 ad

155 2787 343 2829 animum
389 2786 454 2826 sic
504 2784 766 2827 translatum.
839 2783 950 2824 Ari-

159 2843 320 2896 stopli
361 2841 542 2883 Acharn.
577 2841 614 2883 1:
645 2842 855 2896 δέδηγμαι
874 2839 952 2892 τὴν

159 2902 352 2954 ἐμαυτοῦ
401 2898 602 2953 καρδίαν,
650 2899 723 2939 ubi
772 2911 812 2940 v.
854 2897 953 2939 Ku-

160 2962 292 2998 ster.
327 2954 439 2996 conf.
457 2915 657 2997 QValck.
692 2954 746 2995 ad
779 2955 957 3008 Hippoi.

160 3028 204 3068 p.
237 3011 405 3056 305-
350 3024 406 3033 “-
432 3009 529 3053 347
573 3009 641 3053 ed.
681 3010 797 3065 lips.
868 3009 957 3052 Ne-

163 3083 247 3125 que
276 3068 358 3110 rati
388 3080 490 3109 usus
514 3071 588 3110 est
612 3066 884 3120 πλήττεσθαι
915 3072 959 3108 et

164 3127 407 3182 βάλλεσθαι
425 3124 479 3166 de
491 3125 760 3166 sermonibus
778 3124 956 3177 dictum,

163 3185 315 3238 quibus
344 3183 437 3236 quis
469 3181 590 3234 quasi
616 3181 764 3224 feritur
785 3186 828 3223 et
858 3193 958 3236 per-

164 3241 336 3283 cutitur.
391 3237 644 3291 Euthydem.
683 3253 725 3293 p.
756 3237 854 3283 302.
895 3238 960 3281 E=

164 3298 297 3354 «iente
345 3296 513 3351 πληγεὶς
557 3294 641 3337 ὑπὸ
695 3299 774 3337 τοῦ
825 3293 957 3350 λόγου

165 3356 340 3458 ‘im‘
376 3352 965 3455 55“‘÷›'¹1.⁹....{‡.W.{“§5;.

1031 1637 1158 1681 Num.
1201 1638 1328 1680 Vind.
1370 1653 1412 1694 p
1443 1640 1469 1683 5
1509 1654 1604 1694 sqq.
1649 1663 1699 1670 -
1761 1640 1828 1695 μὴ

1031 1693 1268 1748 ἀφυοῦς,
1298 1696 1328 1741 i.
1362 1711 1396 1737 e.
1429 1696 1644 1751 ειιφιιοῦς,
1678 1711 1832 1750 prae-

1034 1752 1185 1794 ditae
1234 1765 1401 1795 sensu
1450 1755 1712 1797 veritatis
1773 1759 1832 1797 et

1034 1809 1284 1862 virtutis,
1313 1813 1337 1863 ᾖ
1371 1827 1416 1850 τι
1445 1813 1488 1851 ἐν
1515 1816 1570 1865 τῇ
1602 1809 1728 1866 φύσει
1758 1829 1832 1866 φι-

1034 1867 1216 1919 λοσοφίᾳ
1263 1870 1482 1921 συγγενές,
1543 1874 1593 1909 ut
1644 1870 1835 1922 loquitur

1035 1924 1250 1968 Lucian.
1293 1925 1454 1978 Nigrin.
1497 1939 1539 1980 p.
1570 1924 1639 1968 42.
1702 1926 1834 1968 Cete-

1032 1994 1129 2023 rum
1160 1981 1427 2032 Rostius‚
1467 1995 1521 2024 ne
1552 1983 1724 2036 ἔχονται
1752 1997 1832 2037 ge·

1032 2039 1165 2081 nitivo
1184 2044 1351 2080 careret
1375 2052 1474 2091 suo,
1506 2040 1548 2081 in
1583 2040 1720 2094 prima
1741 2039 1833 2082 edi-

1031 2097 1148 2137 tione
1178 2101 1328 2137 nostra
1359 2102 1577 2139 commate
1606 2103 1705 2139 ante
1734 2101 1834 2138 νέου

1032 2154 1204 2194 sublato
1253 2159 1354 2207 post
1400 2152 1573 2208 ἀφυοῦς
1619 2154 1825 2196 distinxit.

1030 2210 1161 2254 Quod
1222 2210 1322 2252 ideo
1379 2213 1566 2253 maxime
1615 2211 1828 2266 displicet,

1030 2268 1130 2321 quia
1178 2267 1238 2308 ita
1287 2268 1402 2310 istud
1449 2266 1555 2308 ὅταν
1610 2267 1826 2322 λάβωνται

1029 2325 1158 2367 valde
1187 2326 1424 2379 langueret.
1457 2325 1670 2380 Ἕχεσθαι
1688 2326 1748 2368 sic
1768 2325 1828 2367 si-

1030 2395 1084 2424 ne
1114 2382 1301 2436 genitivo
1331 2383 1517 2435 positum
1542 2383 1675 2426 habes
1699 2384 1826 2425 etiam

1031 2441 1167 2492 Gorg.
1195 2453 1237 2494 p.
1257 2438 1356 2483 494.
1386 2440 1438 2482 E.
1466 2440 1605 2495 Legg.
1633 2440 1724 2483 Vll.
1757 2440 1826 2493 13,

1030 2497 1104 2538 ubi
1133 2510 1174 2538 v.
1211 2498 1317 2538 Ast.

1087 2554 1180 2594 καὶ
1219 2552 1356 2608 δρῶν
1397 2549 1465 2595 αὖ
1509 2555 1697 2609 Φαίδρ·
1730 2558 1826 2606 --]

1032 2611 1250 2654 Orationis
1271 2616 1485 2653 structura
1505 2611 1613 2654 haec·
1635 2625 1731 2654 esse
1751 2612 1829 2653 de-

1032 2669 1187 2711 bebat:
1217 2668 1288 2709 καὶ
1316 2668 1426 2724 ὁρῶν
1454 2663 1512 2711 αὖ
1545 2667 1682 2722 ὑμᾶς,
1717 2670 1829 2709 Φαί-

1033 2725 1162 2780 δρους
1193 2747 1247 2758 --
1278 2727 1349 2766 καὶ
1387 2725 1490 2775 τοὺς
1526 2727 1686 2775 ἄλλους
1722 2725 1829 2768 πάν-

1033 2798 1113 2830 τας
1142 2781 1227 2824 ὑπὸ
1263 2788 1344 2825 τῶν
1373 2782 1516 2825 αὐτῶν
1529 2785 1831 2838 δεδηγμέιους

1035 2854 1070 2881 s.
1100 2839 1456 2894 κεκοινωνηκότας
1485 2846 1562 2894 τῆς
1582 2839 1831 2895 φιλοσόφου

1038 2899 1196 2952 μανίας
1226 2914 1273 2939 τε
1302 2899 1372 2939 καὶ
1401 2900 1620 2970 βακχείας,
1652 2897 1701 2939 τὸ
1723 2897 1832 2952 ἐμον

1039 2953 1188 3004 πάθος
1218 2951 1310 2997 οἷον
1338 2950 1392 3009 ἧν
1420 2961 1549 2998 πᾶσιν
1566 2954 1671 3009 υμῖν
1687 2955 1827 2996 ἐθέλω

1039 3012 1186 3065 λέγειν.
1215 3011 1510 3067 συγγνώσεσθαι
1538 3013 1619 3067 γὰρ
1651 3029 1687 3053 κ.
1714 3028 1754 3052 τ.
1790 3013 1829 3054 λ.

1040 3069 1106 3111 De
1143 3071 1386 3112 nominibus
1425 3071 1607 3124 propriis
1658 3069 1697 3109 in
1748 3080 1830 3109 nn-

1040 3138 1161 3168 mero
1195 3129 1343 3182 plurali
1375 3128 1526 3181 positis
1550 3130 1652 3167 nota
1675 3126 1829 3166 omnia.

1040 3196 1080 3223 v.
1120 3197 1215 3226 ιιιιιι..
1254 3185 1310 3226 ad
1350 3185 1519 3226 Menex.
1637 3181 1735 3225 245.
1780 3183 1830 3225 D.

1042 3240 1297 3284 Valcken.
1337 3241 1390 3283 ad
1428 3238 1650 3283 Theocrit.
1692 3238 1830 3280 Adon.

1042 3298 1202 3352 p.413.
1228 3300 1276 3341 C.
1308 3298 1424 3352 intpp
1398 3311 1438 3351 p.
1470 3295 1522 3337 ad
1556 3297 1778 3351 Aristop
1792 3295 1830 3337 h

1043 3359 1150 3398 Avv.
1190 3369 1230 3398 v.
1262 3355 1341 3400 561
1377 3367 1423 3407 sq
1399 3367 1467 3407 qq.
1515 3352 1742 3396 Locella
1753 3311 1834 3395 pad

1044 3413 1239 3467 Xenoph.
1273 3411 1430 3467 Eplies
1466 3424 1506 3464 p
1533 3408 1626 3454 192.
