<?xml version="1.0" encoding="UTF-8"?>
<!DOCTYPE html PUBLIC "-//W3C//DTD XHTML 1.0 Transitional//EN"
    "http://www.w3.org/TR/xhtml1/DTD/xhtml1-transitional.dtd">
<html xmlns="http://www.w3.org/1999/xhtml" xml:lang="en" lang="en">
 <head>
  <title>
</title>
<meta http-equiv="Content-Type" content="text/html;charset=utf-8" />
  <meta name='ocr-system' content='tesseract 3.04.00' />
  <meta name='ocr-capabilities' content='ocr_page ocr_carea ocr_par ocr_line ocrx_word'/>
</head>
<body>
  <div class='ocr_page' id='page_1' title='image "./operaomniarecens01platuoft/operaomniarecens01platuoft_0145.png"; bbox 0 0 2222 3762; ppageno 0'>
   <div class='ocr_carea' id='block_1_1' title="bbox 359 158 1806 229">
    <p class='ocr_par' dir='ltr' id='par_1_1' title="bbox 359 158 1806 229">
     <span class='ocr_line' id='line_1_1' title="bbox 359 158 1806 229; baseline -0.001 -15"><span class='ocrx_word' id='word_1_1' title='bbox 359 159 774 215; x_wconf 81' lang='lat' dir='ltr'><strong>APOLOGIA</strong></span> <span class='ocrx_word' id='word_1_2' title='bbox 814 158 1230 229; x_wconf 82' lang='lat' dir='ltr'>SOCRATIS,</span> <span class='ocrx_word' id='word_1_3' title='bbox 1279 160 1341 213; x_wconf 91' lang='lat' dir='ltr'><strong>P.</strong></span> <span class='ocrx_word' id='word_1_4' title='bbox 1387 160 1466 212; x_wconf 78' lang='lat'><strong>19.</strong></span> <span class='ocrx_word' id='word_1_5' title='bbox 1507 161 1588 215; x_wconf 76' lang='lat' dir='ltr'><strong>St.</strong></span> <span class='ocrx_word' id='word_1_6' title='bbox 1742 162 1806 212; x_wconf 83' lang='lat'><strong>67</strong></span> 
     </span>
    </p>
   </div>
   <div class='ocr_carea' id='block_1_2' title="bbox 117 303 1842 966">
    <p class='ocr_par' dir='ltr' id='par_1_2' title="bbox 117 303 1808 548">
     <span class='ocr_line' id='line_1_2' title="bbox 117 303 1808 379; baseline -0.001 -19"><span class='ocrx_word' id='word_1_7' title='bbox 117 303 316 373; x_wconf 76' lang='grc' dir='ltr'><em>ἢκουσέ</em></span> <span class='ocrx_word' id='word_1_8' title='bbox 347 328 428 370; x_wconf 80' lang='grc' dir='ltr'><strong>τις</strong></span> <span class='ocrx_word' id='word_1_9' title='bbox 450 305 604 377; x_wconf 80' lang='grc' dir='ltr'><em>ὑμῶν</em></span> <span class='ocrx_word' id='word_1_10' title='bbox 637 310 769 379; x_wconf 77' lang='grc' dir='ltr'><em>ἐμοῦ</em></span> <span class='ocrx_word' id='word_1_11' title='bbox 802 313 922 378; x_wconf 82' lang='grc' dir='ltr'><em>περὶ</em></span> <span class='ocrx_word' id='word_1_12' title='bbox 951 310 1057 362; x_wconf 78' lang='grc' dir='ltr'><strong>τῶν</strong></span> <span class='ocrx_word' id='word_1_13' title='bbox 1095 306 1366 363; x_wconf 77' lang='grc' dir='ltr'><em>τοιούτων</em></span> <span class='ocrx_word' id='word_1_14' title='bbox 1396 310 1808 376; x_wconf 74' lang='grc' dir='ltr'><em>διαλεγομένου·</em></span> 
     </span>
     <span class='ocr_line' id='line_1_3' title="bbox 118 383 1807 459; baseline -0.002 -13"><span class='ocrx_word' id='word_1_15' title='bbox 118 396 210 446; x_wconf 82' lang='grc' dir='ltr'><strong>καὶ</strong></span> <span class='ocrx_word' id='word_1_16' title='bbox 260 397 316 444; x_wconf 77' lang='grc' dir='ltr'><strong>ἐκ</strong></span> <span class='ocrx_word' id='word_1_17' title='bbox 359 389 574 445; x_wconf 80' lang='grc' dir='ltr'><em>τούτων</em></span> <span class='ocrx_word' id='word_1_18' title='bbox 620 390 919 459; x_wconf 71' lang='grc' dir='ltr'><em>γνώσεσθε,</em></span> <span class='ocrx_word' id='word_1_19' title='bbox 963 389 1051 447; x_wconf 80' lang='grc' dir='ltr'><strong>ὅτι</strong></span> <span class='ocrx_word' id='word_1_20' title='bbox 1087 392 1290 447; x_wconf 78' lang='grc' dir='ltr'><em>τοιαῦτ’</em></span> <span class='ocrx_word' id='word_1_21' title='bbox 1336 396 1446 447; x_wconf 81' lang='grc' dir='ltr'><em>ἐστὶ</em></span> <span class='ocrx_word' id='word_1_22' title='bbox 1495 394 1585 444; x_wconf 84' lang='grc' dir='ltr'><strong>καὶ</strong></span> <span class='ocrx_word' id='word_1_23' title='bbox 1634 383 1807 443; x_wconf 77' lang='grc' dir='ltr'><em>τᾶλλα</em></span> 
     </span>
     <span class='ocr_line' id='line_1_4' title="bbox 119 473 1144 548; baseline -0.001 -18"><span class='ocrx_word' id='word_1_24' title='bbox 119 478 243 548; x_wconf 83' lang='grc' dir='ltr'><em>περὶ</em></span> <span class='ocrx_word' id='word_1_25' title='bbox 286 478 416 545; x_wconf 76' lang='grc' dir='ltr'><em>ἐμοῦ</em></span> <span class='ocrx_word' id='word_1_26' title='bbox 464 473 498 528; x_wconf 75' lang='grc' dir='ltr'><em>ἂ</em></span> <span class='ocrx_word' id='word_1_27' title='bbox 546 479 598 529; x_wconf 87' lang='grc' dir='ltr'><strong>οἱ</strong></span> <span class='ocrx_word' id='word_1_28' title='bbox 642 479 833 530; x_wconf 81' lang='grc' dir='ltr'><em>πολλοὶ</em></span> <span class='ocrx_word' id='word_1_29' title='bbox 879 482 1144 545; x_wconf 63' lang='grc' dir='ltr'><em>λέγουσιν.</em></span> 
     </span>
    </p>

    <p class='ocr_par' dir='ltr' id='par_1_3' title="bbox 118 553 1842 966">
     <span class='ocr_line' id='line_1_5' title="bbox 244 553 1842 635; baseline -0.003 -23"><span class='ocrx_word' id='word_1_30' title='bbox 244 555 384 635; x_wconf 84' lang='lat' dir='ltr'><strong>Cap.</strong></span> <span class='ocrx_word' id='word_1_31' title='bbox 433 553 536 613; x_wconf 79' lang='lat' dir='ltr'><strong>IV.</strong></span> <span class='ocrx_word' id='word_1_32' title='bbox 578 559 742 612; x_wconf 74' lang='grc' dir='ltr'><strong>Ἀλλά</strong></span> <span class='ocrx_word' id='word_1_33' title='bbox 775 560 881 631; x_wconf 73' lang='grc' dir='ltr'><strong>γάρ</strong></span> <span class='ocrx_word' id='word_1_34' title='bbox 911 559 1035 615; x_wconf 77' lang='grc' dir='ltr'><em>οὔτε</em></span> <span class='ocrx_word' id='word_1_35' title='bbox 1064 558 1276 615; x_wconf 80' lang='grc' dir='ltr'><em>τούτων</em></span> <span class='ocrx_word' id='word_1_36' title='bbox 1300 557 1458 613; x_wconf 77' lang='grc' dir='ltr'><em>οὐδέν</em></span> <span class='ocrx_word' id='word_1_37' title='bbox 1487 565 1649 619; x_wconf 74' lang='grc' dir='ltr'><em>ἐστιν,</em></span> <span class='ocrx_word' id='word_1_38' title='bbox 1684 555 1809 611; x_wconf 76' lang='grc' dir='ltr'><strong>οὐδὲ</strong></span> <span class='ocrx_word' id='word_1_39' title='bbox 1841 559 1842 563; x_wconf 72' lang='grc'>’</span> 
     </span>
     <span class='ocr_line' id='line_1_6' title="bbox 118 637 1808 714; baseline -0.002 -18"><span class='ocrx_word' id='word_1_40' title='bbox 118 639 160 712; x_wconf 79' lang='grc' dir='ltr'><strong>γ’</strong></span> <span class='ocrx_word' id='word_1_41' title='bbox 210 641 258 696; x_wconf 76' lang='grc' dir='ltr'><strong>εἴ</strong></span> <span class='ocrx_word' id='word_1_42' title='bbox 279 661 430 706; x_wconf 78' lang='grc' dir='ltr'><em>τινος</em></span> <span class='ocrx_word' id='word_1_43' title='bbox 461 641 755 713; x_wconf 74' lang='grc' dir='ltr'><em>ἀκηκόατε,</em></span> <span class='ocrx_word' id='word_1_44' title='bbox 783 642 854 708; x_wconf 76' lang='grc' dir='ltr'><strong>ὡς</strong></span> <span class='ocrx_word' id='word_1_45' title='bbox 876 645 974 712; x_wconf 66' lang='grc' dir='ltr'><strong>ἐγώ</strong></span> <span class='ocrx_word' id='word_1_46' title='bbox 1006 644 1278 699; x_wconf 78' lang='grc' dir='ltr'><em>παιδεύειν</em></span> <span class='ocrx_word' id='word_1_47' title='bbox 1303 645 1547 714; x_wconf 77' lang='grc' dir='ltr'><em>ἐπιχειρῶ</em></span> <span class='ocrx_word' id='word_1_48' title='bbox 1576 637 1808 711; x_wconf 73' lang='grc' dir='ltr'><em>ανθρώ-</em></span> 
     </span>
     <span class='ocr_line' id='line_1_7' title="bbox 119 724 1805 798; baseline -0.001 -19"><span class='ocrx_word' id='word_1_49' title='bbox 119 743 258 790; x_wconf 65' lang='lat' dir='ltr'><strong>nove</strong></span> <span class='ocrx_word' id='word_1_50' title='bbox 291 729 381 779; x_wconf 87' lang='grc' dir='ltr'><strong>καὶ</strong></span> <span class='ocrx_word' id='word_1_51' title='bbox 399 724 660 797; x_wconf 82' lang='grc' dir='ltr'><em>χρήματα</em></span> <span class='ocrx_word' id='word_1_52' title='bbox 699 727 1036 798; x_wconf 82' lang='grc' dir='ltr'><em>πράττομαι,</em></span> <span class='ocrx_word' id='word_1_53' title='bbox 1066 728 1191 783; x_wconf 75' lang='grc' dir='ltr'><em>οὐδὲ</em></span> <span class='ocrx_word' id='word_1_54' title='bbox 1225 730 1389 783; x_wconf 83' lang='grc' dir='ltr'><em>τοῦτο</em></span> <span class='ocrx_word' id='word_1_55' title='bbox 1414 727 1645 794; x_wconf 70' lang='grc' dir='ltr'><strong>ἀληθὲς.</strong></span> <span class='ocrx_word' id='word_1_56' title='bbox 1694 728 1805 780; x_wconf 76' lang='grc' dir='ltr'><strong>ἐπεὶ</strong></span> 
     </span>
     <span class='ocr_line' id='line_1_8' title="bbox 118 808 1809 880; baseline -0.001 -16"><span class='ocrx_word' id='word_1_57' title='bbox 118 813 210 864; x_wconf 89' lang='grc' dir='ltr'><strong>καὶ</strong></span> <span class='ocrx_word' id='word_1_58' title='bbox 254 808 423 864; x_wconf 83' lang='grc' dir='ltr'><em>τοῦτό</em></span> <span class='ocrx_word' id='word_1_59' title='bbox 468 816 524 878; x_wconf 73' lang='grc' dir='ltr'><strong>γέ</strong></span> <span class='ocrx_word' id='word_1_60' title='bbox 565 833 661 880; x_wconf 86' lang='grc' dir='ltr'><strong>μοι</strong></span> <span class='ocrx_word' id='word_1_61' title='bbox 707 814 853 867; x_wconf 82' lang='grc' dir='ltr'><em>δοκεῖ</em></span> <span class='ocrx_word' id='word_1_62' title='bbox 893 811 1065 866; x_wconf 80' lang='grc' dir='ltr'><em>καλὸν</em></span> <span class='ocrx_word' id='word_1_63' title='bbox 1110 812 1264 877; x_wconf 77' lang='grc' dir='ltr'><em>εἶναι,</em></span> <span class='ocrx_word' id='word_1_64' title='bbox 1306 811 1354 864; x_wconf 77' lang='grc' dir='ltr'><strong>εἴ</strong></span> <span class='ocrx_word' id='word_1_65' title='bbox 1385 833 1467 874; x_wconf 84' lang='grc' dir='ltr'><strong>τις</strong></span> <span class='ocrx_word' id='word_1_66' title='bbox 1494 809 1613 873; x_wconf 79' lang='grc' dir='ltr'><em>οἷός</em></span> <span class='ocrx_word' id='word_1_67' title='bbox 1650 809 1690 863; x_wconf 82' lang='grc' dir='ltr'><strong>τ’</strong></span> <span class='ocrx_word' id='word_1_68' title='bbox 1729 809 1809 875; x_wconf 84' lang='grc' dir='ltr'><strong>εἰ-ἠ</strong></span> 
     </span>
     <span class='ocr_line' id='line_1_9' title="bbox 121 891 1807 966; baseline -0.001 -18"><span class='ocrx_word' id='word_1_69' title='bbox 121 892 397 948; x_wconf 79' lang='grc' dir='ltr'><em>παιδεύειν</em></span> <span class='ocrx_word' id='word_1_70' title='bbox 415 892 778 966; x_wconf 77' lang='grc' dir='ltr'><em>ἀνθρώπους,</em></span> <span class='ocrx_word' id='word_1_71' title='bbox 802 895 975 965; x_wconf 80' lang='grc' dir='ltr'><em>ὥςπερ</em></span> <span class='ocrx_word' id='word_1_72' title='bbox 990 899 1230 966; x_wconf 73' lang='grc' dir='ltr'><em>Γοργίας</em></span> <span class='ocrx_word' id='word_1_73' title='bbox 1246 917 1301 950; x_wconf 85' lang='grc' dir='ltr'><strong>τε</strong></span> <span class='ocrx_word' id='word_1_74' title='bbox 1328 891 1357 948; x_wconf 83' lang='grc' dir='ltr'>ὁ</span> <span class='ocrx_word' id='word_1_75' title='bbox 1377 899 1695 957; x_wconf 77' lang='grc' dir='ltr'><em>Λεοντῖνος,</em></span> <span class='ocrx_word' id='word_1_76' title='bbox 1716 897 1807 947; x_wconf 78' lang='grc' dir='ltr'><strong>καὶ</strong></span> 
     </span>
    </p>
   </div>
   <div class='ocr_carea' id='block_1_3' title="bbox 123 1027 1812 1086">
    <p class='ocr_par' dir='ltr' id='par_1_4' title="bbox 123 1027 1812 1086">
     <span class='ocr_line' id='line_1_10' title="bbox 123 1027 1812 1086; baseline -0.002 -15"><span class='ocrx_word' id='word_1_77' title='bbox 123 1030 301 1075; x_wconf 88' lang='lat' dir='ltr'><strong>Herm.</strong></span> <span class='ocrx_word' id='word_1_78' title='bbox 344 1027 447 1071; x_wconf 70' lang='grc' dir='ltr'><strong>τούς</strong></span> <span class='ocrx_word' id='word_1_79' title='bbox 485 1036 584 1072; x_wconf 88' lang='lat' dir='ltr'><strong>ante</strong></span> <span class='ocrx_word' id='word_1_80' title='bbox 625 1029 811 1071; x_wconf 72' lang='grc' dir='ltr'><em>πολλοὺς</em></span> <span class='ocrx_word' id='word_1_81' title='bbox 840 1032 1185 1086; x_wconf 75' lang='lat' dir='ltr'><strong>circumscripsit,</strong></span> <span class='ocrx_word' id='word_1_82' title='bbox 1217 1032 1312 1085; x_wconf 88' lang='lat' dir='ltr'><strong>quia</strong></span> <span class='ocrx_word' id='word_1_83' title='bbox 1346 1032 1488 1084; x_wconf 81' lang='lat' dir='ltr'><strong>p.17.</strong></span> <span class='ocrx_word' id='word_1_84' title='bbox 1523 1030 1812 1081; x_wconf 85' lang='lat' dir='ltr'><strong>C.simplici-</strong></span> 
     </span>
    </p>
   </div>
   <div class='ocr_carea' id='block_1_4' title="bbox 122 1084 966 1140">
    <p class='ocr_par' dir='ltr' id='par_1_5' title="bbox 122 1084 966 1140">
     <span class='ocr_line' id='line_1_11' title="bbox 122 1084 966 1140; baseline 0 -12"><span class='ocrx_word' id='word_1_85' title='bbox 122 1093 189 1129; x_wconf 90' lang='lat' dir='ltr'><strong>ter</strong></span> <span class='ocrx_word' id='word_1_86' title='bbox 219 1090 425 1140; x_wconf 84' lang='lat' dir='ltr'><strong>scriptum</strong></span> <span class='ocrx_word' id='word_1_87' title='bbox 459 1089 625 1140; x_wconf 81' lang='lat' dir='ltr'><strong>legatur</strong></span> <span class='ocrx_word' id='word_1_88' title='bbox 655 1084 774 1138; x_wconf 77' lang='grc' dir='ltr'><em>ὑμῶν</em></span> <span class='ocrx_word' id='word_1_89' title='bbox 805 1089 966 1129; x_wconf 79' lang='grc' dir='ltr'><em>πολλοί.</em></span> 
     </span>
    </p>
   </div>
   <div class='ocr_carea' id='block_1_5' title="bbox 236 1141 1813 1200">
    <p class='ocr_par' dir='ltr' id='par_1_6' title="bbox 236 1141 1813 1200">
     <span class='ocr_line' id='line_1_12' title="bbox 236 1141 1813 1200; baseline -0.001 -15"><span class='ocrx_word' id='word_1_90' title='bbox 236 1145 286 1188; x_wconf 90' lang='grc' dir='ltr'><strong>Ι).</strong></span> <span class='ocrx_word' id='word_1_91' title='bbox 348 1144 434 1184; x_wconf 80' lang='grc' dir='ltr'><strong>καὶ</strong></span> <span class='ocrx_word' id='word_1_92' title='bbox 470 1141 526 1185; x_wconf 80' lang='grc' dir='ltr'><strong>ἐκ</strong></span> <span class='ocrx_word' id='word_1_93' title='bbox 568 1143 777 1187; x_wconf 80' lang='grc' dir='ltr'><em>τούτων</em></span> <span class='ocrx_word' id='word_1_94' title='bbox 817 1145 1128 1200; x_wconf 76' lang='grc' dir='ltr'><em>γνώσεσθε]</em></span> <span class='ocrx_word' id='word_1_95' title='bbox 1191 1145 1264 1186; x_wconf 90' lang='lat' dir='ltr'><strong>Sic</strong></span> <span class='ocrx_word' id='word_1_96' title='bbox 1300 1146 1402 1188; x_wconf 85' lang='lat' dir='ltr'><strong>Vat.</strong></span> <span class='ocrx_word' id='word_1_97' title='bbox 1443 1145 1557 1185; x_wconf 82' lang='lat' dir='ltr'><strong>Ven.</strong></span> <span class='ocrx_word' id='word_1_98' title='bbox 1598 1144 1638 1185; x_wconf 88' lang='lat' dir='ltr'><strong>b.</strong></span> <span class='ocrx_word' id='word_1_99' title='bbox 1692 1142 1813 1183; x_wconf 90' lang='lat' dir='ltr'><strong>Vind.</strong></span> 
     </span>
    </p>
   </div>
   <div class='ocr_carea' id='block_1_6' title="bbox 123 1200 808 1304">
    <p class='ocr_par' dir='ltr' id='par_1_7' title="bbox 123 1200 795 1303">
     <span class='ocr_line' id='line_1_13' title="bbox 123 1200 722 1255; baseline 0 -10"><span class='ocrx_word' id='word_1_100' title='bbox 123 1200 722 1255; x_wconf 74' lang='lat' dir='ltr'><strong>1...46F10r..dgh.</strong></span> 
     </span>
     <span class='ocr_line' id='line_1_14' title="bbox 123 1259 808 1304; baseline 0.001 -3"><span class='ocrx_word' id='word_1_101' title='bbox 123 1262 229 1302; x_wconf 85' lang='lat' dir='ltr'><strong>ker.</strong></span> <span class='ocrx_word' id='word_1_102' title='bbox 261 1265 305 1300; x_wconf 86' lang='lat' dir='ltr'><strong>et</strong></span> <span class='ocrx_word' id='word_1_103' title='bbox 333 1259 611 1301; x_wconf 88' lang='lat' dir='ltr'><strong>Turicenses.</strong></span> <span class='ocrx_word' id='word_1_104' title='bbox 645 1274 683 1304; x_wconf 86' lang='lat' dir='ltr'><strong>v.</strong></span> <span class='ocrx_word' id='word_1_105' title='bbox 715 1275 808 1303; x_wconf 84' lang='lat' dir='ltr'><strong>ann.</strong></span> 
     </span>
    </p>
   </div>
   <div class='ocr_carea' id='block_1_7' title="bbox 767 1199 1814 1256">
    <p class='ocr_par' dir='ltr' id='par_1_8' title="bbox 767 1199 1814 1256">
     <span class='ocr_line' id='line_1_15' title="bbox 767 1199 1814 1256; baseline -0.004 -11"><span class='ocrx_word' id='word_1_106' title='bbox 767 1205 867 1246; x_wconf 87' lang='lat' dir='ltr'><strong>Par.</strong></span> <span class='ocrx_word' id='word_1_107' title='bbox 905 1205 990 1248; x_wconf 89' lang='lat' dir='ltr'><strong>DS.</strong></span> <span class='ocrx_word' id='word_1_108' title='bbox 1040 1206 1093 1248; x_wconf 89' lang='lat' dir='ltr'><strong>V.</strong></span> <span class='ocrx_word' id='word_1_109' title='bbox 1123 1199 1296 1251; x_wconf 77' lang='grc' dir='ltr'><em>τούτου,</em></span> <span class='ocrx_word' id='word_1_110' title='bbox 1326 1202 1442 1256; x_wconf 92' lang='lat' dir='ltr'><strong>quod</strong></span> <span class='ocrx_word' id='word_1_111' title='bbox 1473 1206 1647 1243; x_wconf 85' lang='lat' dir='ltr'><strong>servant</strong></span> <span class='ocrx_word' id='word_1_112' title='bbox 1682 1201 1814 1242; x_wconf 86' lang='lat' dir='ltr'><strong>Bek—</strong></span> 
     </span>
    </p>
   </div>
   <div class='ocr_carea' id='block_1_8' title="bbox 122 1313 1819 1499">
    <p class='ocr_par' dir='ltr' id='par_1_9' title="bbox 122 1313 1819 1488">
     <span class='ocr_line' id='line_1_16' title="bbox 235 1313 1816 1374; baseline -0.001 -17"><span class='ocrx_word' id='word_1_113' title='bbox 235 1313 608 1370; x_wconf 71' lang='lat' dir='ltr'><strong>Cap.1V.0v&#39;‹Se1</strong></span> <span class='ocrx_word' id='word_1_114' title='bbox 638 1313 683 1372; x_wconf 84' lang='grc' dir='ltr'><strong>γ’</strong></span> <span class='ocrx_word' id='word_1_115' title='bbox 714 1320 769 1360; x_wconf 79' lang='grc' dir='ltr'><strong>εἴ</strong></span> <span class='ocrx_word' id='word_1_116' title='bbox 793 1321 971 1374; x_wconf 78' lang='grc' dir='ltr'><em>τινος]</em></span> <span class='ocrx_word' id='word_1_117' title='bbox 1010 1319 1170 1362; x_wconf 88' lang='lat' dir='ltr'><strong>Bekk.</strong></span> <span class='ocrx_word' id='word_1_118' title='bbox 1203 1319 1394 1360; x_wconf 84' lang='lat' dir='ltr'><strong>correxit</strong></span> <span class='ocrx_word' id='word_1_119' title='bbox 1421 1313 1524 1357; x_wconf 81' lang='grc' dir='ltr'><em>οὔτε</em></span> <span class='ocrx_word' id='word_1_120' title='bbox 1552 1329 1612 1370; x_wconf 83' lang='grc' dir='ltr'><strong>γε,</strong></span> <span class='ocrx_word' id='word_1_121' title='bbox 1643 1321 1816 1369; x_wconf 86' lang='lat' dir='ltr'><strong>praeter</strong></span> 
     </span>
     <span class='ocr_line' id='line_1_17' title="bbox 122 1374 1231 1432; baseline 0.002 -18"><span class='ocrx_word' id='word_1_122' title='bbox 122 1374 327 1416; x_wconf 85' lang='lat' dir='ltr'><strong>librorum</strong></span> <span class='ocrx_word' id='word_1_123' title='bbox 359 1375 485 1415; x_wconf 85' lang='lat' dir='ltr'><strong>fidem</strong></span> <span class='ocrx_word' id='word_1_124' title='bbox 520 1382 563 1417; x_wconf 92' lang='lat' dir='ltr'><strong>et</strong></span> <span class='ocrx_word' id='word_1_125' title='bbox 594 1377 705 1417; x_wconf 83' lang='lat' dir='ltr'><strong>nulia</strong></span> <span class='ocrx_word' id='word_1_126' title='bbox 738 1384 920 1432; x_wconf 84' lang='lat' dir='ltr'><strong>urgente</strong></span> <span class='ocrx_word' id='word_1_127' title='bbox 948 1379 1231 1419; x_wconf 80' lang='lat' dir='ltr'><strong>necessitate.</strong></span> 
     </span>
     <span class='ocr_line' id='line_1_18' title="bbox 240 1428 1819 1499; baseline -0.001 -26"><span class='ocrx_word' id='word_1_128' title='bbox 240 1431 289 1473; x_wconf 86' lang='grc' dir='ltr'><strong>Ε.</strong></span> <span class='ocrx_word' id='word_1_129' title='bbox 332 1431 495 1473; x_wconf 84' lang='grc' dir='ltr'><em>τοῦτό</em></span> <span class='ocrx_word' id='word_1_130' title='bbox 526 1433 585 1487; x_wconf 80' lang='grc' dir='ltr'><strong>γέ</strong></span> <span class='ocrx_word' id='word_1_131' title='bbox 615 1448 704 1484; x_wconf 90' lang='grc' dir='ltr'><strong>μοι</strong></span> <span class='ocrx_word' id='word_1_132' title='bbox 735 1428 917 1488; x_wconf 82' lang='grc' dir='ltr'><em>δοκεῖ]</em></span> <span class='ocrx_word' id='word_1_133' title='bbox 971 1437 1197 1478; x_wconf 79' lang='lat' dir='ltr'><strong>Bekker.</strong></span> <span class='ocrx_word' id='word_1_134' title='bbox 1230 1446 1325 1474; x_wconf 90' lang='lat' dir='ltr'><strong>cum</strong></span> <span class='ocrx_word' id='word_1_135' title='bbox 1358 1433 1458 1475; x_wconf 88' lang='lat' dir='ltr'><strong>Par.</strong></span> <span class='ocrx_word' id='word_1_136' title='bbox 1491 1431 1540 1476; x_wconf 91' lang='lat' dir='ltr'>S</span> <span class='ocrx_word' id='word_1_137' title='bbox 1569 1433 1671 1499; x_wconf 55' lang='lat' dir='ltr'><strong>VM:</strong></span> <span class='ocrx_word' id='word_1_138' title='bbox 1704 1445 1742 1474; x_wconf 88' lang='lat' dir='ltr'><strong>a.</strong></span> <span class='ocrx_word' id='word_1_139' title='bbox 1780 1432 1819 1472; x_wconf 89' lang='lat' dir='ltr'><strong>b.</strong></span> 
     </span>
    </p>
   </div>
   <div class='ocr_carea' id='block_1_9' title="bbox 125 1483 1817 1605">
    <p class='ocr_par' dir='ltr' id='par_1_10' title="bbox 125 1483 1817 1605">
     <span class='ocr_line' id='line_1_19' title="bbox 125 1483 1817 1548; baseline -0.001 -19"><span class='ocrx_word' id='word_1_140' title='bbox 125 1488 234 1533; x_wconf 90' lang='lat' dir='ltr'><strong>Zitt.</strong></span> <span class='ocrx_word' id='word_1_141' title='bbox 266 1483 304 1543; x_wconf 81' lang='grc' dir='ltr'><strong>γ’</strong></span> <span class='ocrx_word' id='word_1_142' title='bbox 334 1488 426 1540; x_wconf 82' lang='grc' dir='ltr'><em>ἐμοὶ</em></span> <span class='ocrx_word' id='word_1_143' title='bbox 458 1488 495 1535; x_wconf 84' lang='grc' dir='ltr'><strong>δ,</strong></span> <span class='ocrx_word' id='word_1_144' title='bbox 559 1490 650 1532; x_wconf 84' lang='lat' dir='ltr'><strong>Non</strong></span> <span class='ocrx_word' id='word_1_145' title='bbox 683 1506 819 1546; x_wconf 82' lang='lat' dir='ltr'><strong>opus,</strong></span> <span class='ocrx_word' id='word_1_146' title='bbox 860 1507 986 1546; x_wconf 85' lang='lat' dir='ltr'><strong>quum</strong></span> <span class='ocrx_word' id='word_1_147' title='bbox 1030 1504 1269 1548; x_wconf 79' lang='lat' dir='ltr'>pronomen</span> <span class='ocrx_word' id='word_1_148' title='bbox 1311 1504 1393 1531; x_wconf 85' lang='lat' dir='ltr'><strong>non</strong></span> <span class='ocrx_word' id='word_1_149' title='bbox 1431 1489 1588 1530; x_wconf 86' lang='lat' dir='ltr'><strong>habeat</strong></span> <span class='ocrx_word' id='word_1_150' title='bbox 1619 1486 1817 1529; x_wconf 74' lang='grc' dir='ltr'><em>τόνωσιι.</em></span> 
     </span>
     <span class='ocr_line' id='line_1_20' title="bbox 125 1546 1262 1605; baseline 0.011 -20"><span class='ocrx_word' id='word_1_151' title='bbox 125 1559 165 1587; x_wconf 91' lang='lat' dir='ltr'><strong>v.</strong></span> <span class='ocrx_word' id='word_1_152' title='bbox 197 1546 249 1587; x_wconf 88' lang='lat' dir='ltr'><strong>ad</strong></span> <span class='ocrx_word' id='word_1_153' title='bbox 286 1547 516 1601; x_wconf 82' lang='lat' dir='ltr'><strong>Protagor.</strong></span> <span class='ocrx_word' id='word_1_154' title='bbox 549 1564 588 1602; x_wconf 89' lang='lat' dir='ltr'><strong>p.</strong></span> <span class='ocrx_word' id='word_1_155' title='bbox 617 1549 716 1593; x_wconf 86' lang='grc'><strong>342.</strong></span> <span class='ocrx_word' id='word_1_156' title='bbox 750 1553 805 1599; x_wconf 89' lang='lat' dir='ltr'><strong>A,</strong></span> <span class='ocrx_word' id='word_1_157' title='bbox 837 1551 1002 1592; x_wconf 79' lang='lat' dir='ltr'><strong>Criton.</strong></span> <span class='ocrx_word' id='word_1_158' title='bbox 1035 1566 1073 1605; x_wconf 90' lang='lat' dir='ltr'><strong>p.</strong></span> <span class='ocrx_word' id='word_1_159' title='bbox 1107 1549 1178 1596; x_wconf 80' lang='lat'><strong>45·</strong></span> <span class='ocrx_word' id='word_1_160' title='bbox 1213 1551 1262 1592; x_wconf 82' lang='lat' dir='ltr'>D</span> 
     </span>
    </p>
   </div>
   <div class='ocr_carea' id='block_1_10' title="bbox 125 1660 937 2189">
    <p class='ocr_par' dir='ltr' id='par_1_11' title="bbox 125 1660 937 2174">
     <span class='ocr_line' id='line_1_21' title="bbox 127 1660 926 1717; baseline 0.005 -18"><span class='ocrx_word' id='word_1_161' title='bbox 127 1660 253 1700; x_wconf 79' lang='grc' dir='ltr'><em>πόλιν</em></span> <span class='ocrx_word' id='word_1_162' title='bbox 291 1665 444 1705; x_wconf 86' lang='grc' dir='ltr'><em>ποιεῖν.</em></span> <span class='ocrx_word' id='word_1_163' title='bbox 508 1662 638 1703; x_wconf 77' lang='lat' dir='ltr'><strong>Plura</strong></span> <span class='ocrx_word' id='word_1_164' title='bbox 681 1664 840 1717; x_wconf 78' lang='lat' dir='ltr'><strong>coiiegi</strong></span> <span class='ocrx_word' id='word_1_165' title='bbox 873 1663 926 1703; x_wconf 88' lang='lat' dir='ltr'><strong>ad</strong></span> 
     </span>
     <span class='ocr_line' id='line_1_22' title="bbox 125 1718 926 1773; baseline 0.004 -15"><span class='ocrx_word' id='word_1_166' title='bbox 125 1718 261 1769; x_wconf 73' lang='lat' dir='ltr'><strong>Gorg.</strong></span> <span class='ocrx_word' id='word_1_167' title='bbox 282 1718 429 1771; x_wconf 84' lang='lat' dir='ltr'><strong>p.447.</strong></span> <span class='ocrx_word' id='word_1_168' title='bbox 451 1719 642 1773; x_wconf 85' lang='lat' dir='ltr'><strong>A.Reip.</strong></span> <span class='ocrx_word' id='word_1_169' title='bbox 660 1720 686 1764; x_wconf 93' lang='grc' dir='ltr'><strong>Ι.</strong></span> <span class='ocrx_word' id='word_1_170' title='bbox 709 1721 926 1773; x_wconf 81' lang='lat' dir='ltr'><strong>p.335.E.</strong></span> 
     </span>
     <span class='ocr_line' id='line_1_23' title="bbox 126 1775 925 1831; baseline 0.003 -16"><span class='ocrx_word' id='word_1_171' title='bbox 126 1775 193 1818; x_wconf 85' lang='lat' dir='ltr'><strong>Cf.</strong></span> <span class='ocrx_word' id='word_1_172' title='bbox 226 1775 433 1830; x_wconf 79' lang='lat' dir='ltr'>Reisig.</span> <span class='ocrx_word' id='word_1_173' title='bbox 475 1777 527 1817; x_wconf 86' lang='lat' dir='ltr'><strong>ad</strong></span> <span class='ocrx_word' id='word_1_174' title='bbox 566 1777 771 1831; x_wconf 82' lang='lat' dir='ltr'><strong>Sophoei.</strong></span> <span class='ocrx_word' id='word_1_175' title='bbox 813 1778 925 1820; x_wconf 87' lang='lat' dir='ltr'><strong>Oed.</strong></span> 
     </span>
     <span class='ocr_line' id='line_1_24' title="bbox 128 1833 927 1889; baseline 0.005 -16"><span class='ocrx_word' id='word_1_176' title='bbox 128 1834 221 1874; x_wconf 86' lang='lat' dir='ltr'><strong>Coi.</strong></span> <span class='ocrx_word' id='word_1_177' title='bbox 249 1847 289 1887; x_wconf 86' lang='lat' dir='ltr'><strong>p.</strong></span> <span class='ocrx_word' id='word_1_178' title='bbox 311 1833 411 1878; x_wconf 86' lang='lat'><strong>326.</strong></span> <span class='ocrx_word' id='word_1_179' title='bbox 441 1834 593 1887; x_wconf 81' lang='lat' dir='ltr'><strong>Itaque</strong></span> <span class='ocrx_word' id='word_1_180' title='bbox 614 1833 790 1888; x_wconf 79' lang='grc' dir='ltr'><em>τούτου,</em></span> <span class='ocrx_word' id='word_1_181' title='bbox 812 1835 927 1889; x_wconf 88' lang='lat' dir='ltr'><strong>quod</strong></span> 
     </span>
     <span class='ocr_line' id='line_1_25' title="bbox 129 1893 929 1944; baseline 0.006 -14"><span class='ocrx_word' id='word_1_182' title='bbox 129 1893 254 1943; x_wconf 69' lang='lat' dir='ltr'><strong>vulgo</strong></span> <span class='ocrx_word' id='word_1_183' title='bbox 304 1893 548 1944; x_wconf 76' lang='lat' dir='ltr'><strong>legebatur,</strong></span> <span class='ocrx_word' id='word_1_184' title='bbox 607 1906 690 1934; x_wconf 89' lang='lat' dir='ltr'><strong>non</strong></span> <span class='ocrx_word' id='word_1_185' title='bbox 741 1894 929 1935; x_wconf 81' lang='lat' dir='ltr'><strong>dubitavi</strong></span> 
     </span>
     <span class='ocr_line' id='line_1_26' title="bbox 127 1950 930 2005; baseline 0.006 -17"><span class='ocrx_word' id='word_1_186' title='bbox 127 1961 223 1989; x_wconf 91' lang='lat' dir='ltr'><strong>cum</strong></span> <span class='ocrx_word' id='word_1_187' title='bbox 265 1950 429 2000; x_wconf 78' lang='lat' dir='ltr'>aliquot</span> <span class='ocrx_word' id='word_1_188' title='bbox 472 1950 588 1991; x_wconf 82' lang='lat' dir='ltr'><strong>libris</strong></span> <span class='ocrx_word' id='word_1_189' title='bbox 628 1952 817 2005; x_wconf 82' lang='lat' dir='ltr'><strong>optimae</strong></span> <span class='ocrx_word' id='word_1_190' title='bbox 851 1964 930 1993; x_wconf 87' lang='lat' dir='ltr'><strong>no-</strong></span> 
     </span>
     <span class='ocr_line' id='line_1_27' title="bbox 127 2005 931 2052; baseline 0.007 -7"><span class='ocrx_word' id='word_1_191' title='bbox 127 2010 196 2046; x_wconf 82' lang='lat' dir='ltr'><strong>tae</strong></span> <span class='ocrx_word' id='word_1_192' title='bbox 214 2007 255 2046; x_wconf 90' lang='lat' dir='ltr'><strong>in</strong></span> <span class='ocrx_word' id='word_1_193' title='bbox 275 2005 440 2047; x_wconf 79' lang='grc' dir='ltr'><em>τούτων</em></span> <span class='ocrx_word' id='word_1_194' title='bbox 453 2015 638 2052; x_wconf 86' lang='lat' dir='ltr'><strong>mutare</strong></span> <span class='ocrx_word' id='word_1_195' title='bbox 652 2033 701 2038; x_wconf 91' lang='lat'><strong>-——</strong></span> <span class='ocrx_word' id='word_1_196' title='bbox 736 2010 840 2050; x_wconf 81' lang='lat' dir='ltr'><strong>Mox</strong></span> <span class='ocrx_word' id='word_1_197' title='bbox 853 2022 931 2050; x_wconf 91' lang='lat' dir='ltr'><strong>no-</strong></span> 
     </span>
     <span class='ocr_line' id='line_1_28' title="bbox 128 2064 933 2120; baseline 0.006 -17"><span class='ocrx_word' id='word_1_198' title='bbox 128 2064 242 2104; x_wconf 85' lang='lat' dir='ltr'><strong>tabis</strong></span> <span class='ocrx_word' id='word_1_199' title='bbox 255 2066 480 2105; x_wconf 83' lang='lat' dir='ltr'><strong>verborum</strong></span> <span class='ocrx_word' id='word_1_200' title='bbox 493 2067 804 2118; x_wconf 81' lang='lat' dir='ltr'><strong>traiectionem,</strong></span> <span class='ocrx_word' id='word_1_201' title='bbox 823 2080 933 2120; x_wconf 86' lang='lat' dir='ltr'><strong>quae</strong></span> 
     </span>
     <span class='ocr_line' id='line_1_29' title="bbox 129 2121 937 2189; baseline 0.004 -29"><span class='ocrx_word' id='word_1_202' title='bbox 129 2121 330 2189; x_wconf 78' lang='lat' dir='ltr'><strong>proprie</strong></span> <span class='ocrx_word' id='word_1_203' title='bbox 333 2122 390 2162; x_wconf 87' lang='lat' dir='ltr'><strong>ita</strong></span> <span class='ocrx_word' id='word_1_204' title='bbox 409 2128 533 2162; x_wconf 87' lang='lat' dir='ltr'><strong>erant</strong></span> <span class='ocrx_word' id='word_1_205' title='bbox 555 2124 832 2166; x_wconf 75' lang='lat' dir='ltr'><strong>collocanda:</strong></span> <span class='ocrx_word' id='word_1_206' title='bbox 869 2125 937 2164; x_wconf 84' lang='grc' dir='ltr'><strong>καὶ</strong></span> 
     </span>
    </p>
   </div>
   <div class='ocr_carea' id='block_1_11' title="bbox 131 2171 940 2288">
    <p class='ocr_par' dir='ltr' id='par_1_12' title="bbox 131 2171 940 2288">
     <span class='ocr_line' id='line_1_30' title="bbox 131 2171 940 2234; baseline 0.006 -17"><span class='ocrx_word' id='word_1_207' title='bbox 131 2171 253 2218; x_wconf 76' lang='grc' dir='ltr'><em>τᾶλλα</em></span> <span class='ocrx_word' id='word_1_208' title='bbox 306 2174 332 2218; x_wconf 85' lang='grc' dir='ltr'><em>ἃ</em></span> <span class='ocrx_word' id='word_1_209' title='bbox 380 2178 426 2219; x_wconf 84' lang='grc' dir='ltr'><strong>οἱ</strong></span> <span class='ocrx_word' id='word_1_210' title='bbox 473 2179 619 2219; x_wconf 80' lang='grc' dir='ltr'><em>πολλοι</em></span> <span class='ocrx_word' id='word_1_211' title='bbox 676 2180 940 2234; x_wconf 73' lang='lat' dir='ltr'><strong>nepi.²¹1015</strong></span> 
     </span>
     <span class='ocr_line' id='line_1_31' title="bbox 134 2234 350 2288; baseline 0.005 -14"><span class='ocrx_word' id='word_1_212' title='bbox 134 2234 350 2288; x_wconf 81' lang='grc' dir='ltr'><em>λέγουσιν.</em></span> 
     </span>
    </p>
   </div>
   <div class='ocr_carea' id='block_1_12' title="bbox 101 2289 944 3502">
    <p class='ocr_par' dir='ltr' id='par_1_13' title="bbox 101 2289 942 3502">
     <span class='ocr_line' id='line_1_32' title="bbox 189 2289 940 2348; baseline 0.004 -15"><span class='ocrx_word' id='word_1_213' title='bbox 189 2293 421 2345; x_wconf 82' lang='lat' dir='ltr'><strong>Cap.1V.</strong></span> <span class='ocrx_word' id='word_1_214' title='bbox 479 2289 624 2334; x_wconf 81' lang='grc' dir='ltr'><em>Ἀλλὰ</em></span> <span class='ocrx_word' id='word_1_215' title='bbox 678 2291 776 2348; x_wconf 81' lang='grc' dir='ltr'><strong>γὰρ</strong></span> <span class='ocrx_word' id='word_1_216' title='bbox 819 2293 940 2336; x_wconf 83' lang='grc' dir='ltr'><em>οὕτε</em></span> 
     </span>
     <span class='ocr_line' id='line_1_33' title="bbox 133 2346 940 2401; baseline 0.005 -11"><span class='ocrx_word' id='word_1_217' title='bbox 133 2347 341 2390; x_wconf 81' lang='grc' dir='ltr'><em>τούτων</em></span> <span class='ocrx_word' id='word_1_218' title='bbox 378 2346 544 2392; x_wconf 78' lang='grc' dir='ltr'><em>οὐδέν</em></span> <span class='ocrx_word' id='word_1_219' title='bbox 587 2349 753 2401; x_wconf 79' lang='grc' dir='ltr'><em>ἐστιν,</em></span> <span class='ocrx_word' id='word_1_220' title='bbox 805 2349 940 2394; x_wconf 83' lang='grc' dir='ltr'><em>ουδέ</em></span> 
     </span>
     <span class='ocr_line' id='line_1_34' title="bbox 132 2403 938 2462; baseline 0.009 -15"><span class='ocrx_word' id='word_1_221' title='bbox 132 2423 158 2461; x_wconf 78' lang='grc' dir='ltr'>γ</span> <span class='ocrx_word' id='word_1_222' title='bbox 159 2403 267 2462; x_wconf 89' lang='lat'>&#39;-—]</span> <span class='ocrx_word' id='word_1_223' title='bbox 291 2408 573 2462; x_wconf 87' lang='lat' dir='ltr'><strong>Progreditur</strong></span> <span class='ocrx_word' id='word_1_224' title='bbox 588 2410 641 2450; x_wconf 88' lang='lat' dir='ltr'><strong>ad</strong></span> <span class='ocrx_word' id='word_1_225' title='bbox 658 2411 781 2452; x_wconf 80' lang='lat' dir='ltr'><strong>aiiam</strong></span> <span class='ocrx_word' id='word_1_226' title='bbox 798 2412 938 2454; x_wconf 86' lang='lat' dir='ltr'><strong>crimi-</strong></span> 
     </span>
     <span class='ocr_line' id='line_1_35' title="bbox 131 2466 935 2510; baseline 0.004 -3"><span class='ocrx_word' id='word_1_227' title='bbox 131 2466 344 2508; x_wconf 88' lang='lat' dir='ltr'><strong>nationem</strong></span> <span class='ocrx_word' id='word_1_228' title='bbox 366 2467 418 2507; x_wconf 84' lang='lat' dir='ltr'><strong>ab</strong></span> <span class='ocrx_word' id='word_1_229' title='bbox 430 2467 716 2508; x_wconf 62' lang='lat' dir='ltr'><strong>adversariis</strong></span> <span class='ocrx_word' id='word_1_230' title='bbox 707 2481 745 2508; x_wconf 77' lang='lat' dir='ltr'><strong>in</strong></span> <span class='ocrx_word' id='word_1_231' title='bbox 766 2482 813 2510; x_wconf 86' lang='lat' dir='ltr'><strong>se</strong></span> <span class='ocrx_word' id='word_1_232' title='bbox 833 2482 935 2510; x_wconf 91' lang='lat' dir='ltr'><strong>con·</strong></span> 
     </span>
     <span class='ocr_line' id='line_1_36' title="bbox 133 2524 940 2578; baseline 0.006 -15"><span class='ocrx_word' id='word_1_233' title='bbox 133 2525 311 2573; x_wconf 68' lang='lat' dir='ltr'><strong>iontem,</strong></span> <span class='ocrx_word' id='word_1_234' title='bbox 355 2524 469 2576; x_wconf 86' lang='lat' dir='ltr'><strong>quod</strong></span> <span class='ocrx_word' id='word_1_235' title='bbox 517 2529 560 2564; x_wconf 89' lang='lat' dir='ltr'><strong>et</strong></span> <span class='ocrx_word' id='word_1_236' title='bbox 603 2524 836 2578; x_wconf 83' lang='lat' dir='ltr'><strong>discipulos</strong></span> <span class='ocrx_word' id='word_1_237' title='bbox 879 2528 940 2568; x_wconf 88' lang='lat' dir='ltr'><strong>in·</strong></span> 
     </span>
     <span class='ocr_line' id='line_1_37' title="bbox 133 2581 934 2626; baseline 0.006 -5"><span class='ocrx_word' id='word_1_238' title='bbox 133 2581 334 2622; x_wconf 85' lang='lat' dir='ltr'><strong>stitueret</strong></span> <span class='ocrx_word' id='word_1_239' title='bbox 355 2588 398 2622; x_wconf 91' lang='lat' dir='ltr'><strong>et</strong></span> <span class='ocrx_word' id='word_1_240' title='bbox 437 2582 680 2624; x_wconf 85' lang='lat' dir='ltr'><strong>mercedem</strong></span> <span class='ocrx_word' id='word_1_241' title='bbox 704 2584 760 2624; x_wconf 88' lang='lat' dir='ltr'><strong>ab</strong></span> <span class='ocrx_word' id='word_1_242' title='bbox 784 2585 934 2626; x_wconf 89' lang='lat' dir='ltr'><strong>iisdem</strong></span> 
     </span>
     <span class='ocr_line' id='line_1_38' title="bbox 134 2638 937 2692; baseline 0.004 -13"><span class='ocrx_word' id='word_1_243' title='bbox 134 2639 343 2691; x_wconf 80' lang='lat' dir='ltr'><strong>exigeret.</strong></span> <span class='ocrx_word' id='word_1_244' title='bbox 370 2651 408 2680; x_wconf 86' lang='lat' dir='ltr'><strong>v.</strong></span> <span class='ocrx_word' id='word_1_245' title='bbox 428 2639 662 2692; x_wconf 86' lang='lat' dir='ltr'><strong>Aristop</strong></span> <span class='ocrx_word' id='word_1_246' title='bbox 680 2638 717 2684; x_wconf 79' lang='lat' dir='ltr'><strong>h,</strong></span> <span class='ocrx_word' id='word_1_247' title='bbox 749 2641 860 2684; x_wconf 88' lang='lat' dir='ltr'><strong>Nub.</strong></span> <span class='ocrx_word' id='word_1_248' title='bbox 898 2655 937 2686; x_wconf 88' lang='lat' dir='ltr'><strong>v.</strong></span> 
     </span>
     <span class='ocr_line' id='line_1_39' title="bbox 132 2694 938 2749; baseline 0.009 -15"><span class='ocrx_word' id='word_1_249' title='bbox 132 2694 203 2739; x_wconf 83' lang='lat'><strong>98.</strong></span> <span class='ocrx_word' id='word_1_250' title='bbox 244 2696 388 2746; x_wconf 82' lang='lat' dir='ltr'><strong>Quam</strong></span> <span class='ocrx_word' id='word_1_251' title='bbox 418 2698 615 2749; x_wconf 83' lang='lat' dir='ltr'><strong>quoniam</strong></span> <span class='ocrx_word' id='word_1_252' title='bbox 658 2699 715 2739; x_wconf 90' lang='lat' dir='ltr'><strong>ita</strong></span> <span class='ocrx_word' id='word_1_253' title='bbox 747 2712 938 2741; x_wconf 86' lang='lat' dir='ltr'><strong>comme·-</strong></span> 
     </span>
     <span class='ocr_line' id='line_1_40' title="bbox 101 2754 937 2810; baseline 0.005 -16"><span class='ocrx_word' id='word_1_254' title='bbox 101 2758 105 2763; x_wconf 86' lang='lat'>&#39;</span> <span class='ocrx_word' id='word_1_255' title='bbox 135 2758 290 2804; x_wconf 88' lang='lat' dir='ltr'><strong>morat,</strong></span> <span class='ocrx_word' id='word_1_256' title='bbox 319 2760 368 2795; x_wconf 84' lang='lat' dir='ltr'><strong>ut</strong></span> <span class='ocrx_word' id='word_1_257' title='bbox 399 2767 493 2795; x_wconf 88' lang='lat' dir='ltr'><strong>eum</strong></span> <span class='ocrx_word' id='word_1_258' title='bbox 513 2754 725 2807; x_wconf 82' lang='lat' dir='ltr'><strong>gravitate</strong></span> <span class='ocrx_word' id='word_1_259' title='bbox 753 2758 937 2810; x_wconf 83' lang='lat' dir='ltr'><strong>quadam</strong></span> 
     </span>
     <span class='ocr_line' id='line_1_41' title="bbox 135 2811 939 2866; baseline 0.005 -14"><span class='ocrx_word' id='word_1_260' title='bbox 135 2824 228 2852; x_wconf 87' lang='lat' dir='ltr'><strong>eam</strong></span> <span class='ocrx_word' id='word_1_261' title='bbox 262 2811 461 2852; x_wconf 85' lang='lat' dir='ltr'><strong>subiiciat</strong></span> <span class='ocrx_word' id='word_1_262' title='bbox 489 2812 563 2864; x_wconf 79' lang='lat' dir='ltr'><strong>iiii,</strong></span> <span class='ocrx_word' id='word_1_263' title='bbox 598 2814 652 2854; x_wconf 82' lang='lat' dir='ltr'><strong>de</strong></span> <span class='ocrx_word' id='word_1_264' title='bbox 683 2826 767 2866; x_wconf 86' lang='lat' dir='ltr'><strong>qua</strong></span> <span class='ocrx_word' id='word_1_265' title='bbox 792 2814 939 2856; x_wconf 84' lang='lat' dir='ltr'><strong>hacte-</strong></span> 
     </span>
     <span class='ocr_line' id='line_1_42' title="bbox 134 2867 938 2923; baseline 0.006 -15"><span class='ocrx_word' id='word_1_266' title='bbox 134 2881 216 2909; x_wconf 87' lang='lat' dir='ltr'><strong>nus</strong></span> <span class='ocrx_word' id='word_1_267' title='bbox 248 2868 433 2920; x_wconf 80' lang='lat' dir='ltr'><strong>dixerat,</strong></span> <span class='ocrx_word' id='word_1_268' title='bbox 467 2877 567 2923; x_wconf 90' lang='lat' dir='ltr'><strong>post</strong></span> <span class='ocrx_word' id='word_1_269' title='bbox 597 2867 698 2912; x_wconf 79' lang='grc' dir='ltr'><em>οὔτε</em></span> <span class='ocrx_word' id='word_1_270' title='bbox 726 2877 844 2914; x_wconf 91' lang='lat' dir='ltr'><strong>recte</strong></span> <span class='ocrx_word' id='word_1_271' title='bbox 877 2873 938 2914; x_wconf 86' lang='lat' dir='ltr'><strong>in-</strong></span> 
     </span>
     <span class='ocr_line' id='line_1_43' title="bbox 136 2921 940 2983; baseline 0.006 -17"><span class='ocrx_word' id='word_1_272' title='bbox 136 2925 273 2967; x_wconf 82' lang='lat' dir='ltr'><strong>fertur</strong></span> <span class='ocrx_word' id='word_1_273' title='bbox 304 2921 409 2967; x_wconf 79' lang='grc' dir='ltr'><em>οὐδὲ</em></span> <span class='ocrx_word' id='word_1_274' title='bbox 438 2940 498 2979; x_wconf 84' lang='grc' dir='ltr'><strong>γε,</strong></span> <span class='ocrx_word' id='word_1_275' title='bbox 524 2928 638 2980; x_wconf 89' lang='lat' dir='ltr'><strong>quod</strong></span> <span class='ocrx_word' id='word_1_276' title='bbox 664 2942 798 2983; x_wconf 90' lang='lat' dir='ltr'><strong>nuper</strong></span> <span class='ocrx_word' id='word_1_277' title='bbox 819 2930 940 2971; x_wconf 86' lang='lat' dir='ltr'><strong>Hir·</strong></span> 
     </span>
     <span class='ocr_line' id='line_1_44' title="bbox 137 2981 942 3035; baseline 0.007 -12"><span class='ocrx_word' id='word_1_278' title='bbox 137 2981 306 3035; x_wconf 78' lang='lat' dir='ltr'><strong>schig.</strong></span> <span class='ocrx_word' id='word_1_279' title='bbox 365 2989 528 3025; x_wconf 86' lang='lat' dir='ltr'><strong>temere</strong></span> <span class='ocrx_word' id='word_1_280' title='bbox 576 2985 791 3029; x_wconf 87' lang='lat' dir='ltr'><strong>Graecum</strong></span> <span class='ocrx_word' id='word_1_281' title='bbox 843 3001 942 3029; x_wconf 87' lang='lat' dir='ltr'><strong>esse</strong></span> 
     </span>
     <span class='ocr_line' id='line_1_45' title="bbox 136 3041 939 3097; baseline 0.006 -18"><span class='ocrx_word' id='word_1_282' title='bbox 136 3042 321 3093; x_wconf 87' lang='lat' dir='ltr'><strong>negavit.</strong></span> <span class='ocrx_word' id='word_1_283' title='bbox 373 3041 464 3082; x_wconf 85' lang='lat' dir='ltr'><strong>Sed</strong></span> <span class='ocrx_word' id='word_1_284' title='bbox 496 3054 534 3085; x_wconf 81' lang='lat' dir='ltr'><strong>v,</strong></span> <span class='ocrx_word' id='word_1_285' title='bbox 566 3043 728 3097; x_wconf 84' lang='lat' dir='ltr'><strong>infrap</strong></span> <span class='ocrx_word' id='word_1_286' title='bbox 704 3058 745 3097; x_wconf 88' lang='lat' dir='ltr'><strong>p.</strong></span> <span class='ocrx_word' id='word_1_287' title='bbox 784 3045 923 3088; x_wconf 80' lang='lat'><strong>3013</strong></span> <span class='ocrx_word' id='word_1_288' title='bbox 931 3075 939 3084; x_wconf 91' lang='lat'><strong>.</strong></span> 
     </span>
     <span class='ocr_line' id='line_1_46' title="bbox 136 3097 941 3156; baseline 0.007 -16"><span class='ocrx_word' id='word_1_289' title='bbox 136 3097 204 3140; x_wconf 83' lang='lat'><strong>33.</strong></span> <span class='ocrx_word' id='word_1_290' title='bbox 252 3097 301 3137; x_wconf 88' lang='grc' dir='ltr'><strong>Ι).</strong></span> <span class='ocrx_word' id='word_1_291' title='bbox 343 3098 400 3142; x_wconf 82' lang='lat'><strong>40</strong></span> <span class='ocrx_word' id='word_1_292' title='bbox 456 3100 506 3140; x_wconf 84' lang='grc' dir='ltr'><strong>Ι).</strong></span> <span class='ocrx_word' id='word_1_293' title='bbox 570 3101 632 3142; x_wconf 89' lang='lat' dir='ltr'><strong>De</strong></span> <span class='ocrx_word' id='word_1_294' title='bbox 661 3101 775 3155; x_wconf 88' lang='lat' dir='ltr'><strong>Rep.</strong></span> <span class='ocrx_word' id='word_1_295' title='bbox 819 3104 868 3146; x_wconf 83' lang='lat'><strong>11.</strong></span> <span class='ocrx_word' id='word_1_296' title='bbox 902 3118 941 3156; x_wconf 82' lang='lat' dir='ltr'><strong>p.</strong></span> 
     </span>
     <span class='ocr_line' id='line_1_47' title="bbox 136 3154 942 3210; baseline 0.006 -13"><span class='ocrx_word' id='word_1_297' title='bbox 136 3154 236 3198; x_wconf 86' lang='lat'><strong>367.</strong></span> <span class='ocrx_word' id='word_1_298' title='bbox 281 3154 332 3196; x_wconf 87' lang='lat' dir='ltr'><strong>C.</strong></span> <span class='ocrx_word' id='word_1_299' title='bbox 372 3155 427 3200; x_wconf 90' lang='lat' dir='ltr'><strong>X.</strong></span> <span class='ocrx_word' id='word_1_300' title='bbox 469 3170 509 3210; x_wconf 88' lang='lat' dir='ltr'><strong>p.</strong></span> <span class='ocrx_word' id='word_1_301' title='bbox 551 3157 649 3202; x_wconf 87' lang='grc'><strong>608.</strong></span> <span class='ocrx_word' id='word_1_302' title='bbox 693 3159 744 3200; x_wconf 91' lang='grc' dir='ltr'><strong>Β.</strong></span> <span class='ocrx_word' id='word_1_303' title='bbox 779 3161 942 3203; x_wconf 87' lang='lat' dir='ltr'><strong>Criton.</strong></span> 
     </span>
     <span class='ocr_line' id='line_1_48' title="bbox 138 3211 941 3268; baseline 0.005 -13"><span class='ocrx_word' id='word_1_304' title='bbox 138 3225 182 3266; x_wconf 85' lang='lat' dir='ltr'><strong>p.</strong></span> <span class='ocrx_word' id='word_1_305' title='bbox 196 3211 268 3255; x_wconf 91' lang='grc'><strong>52</strong></span> <span class='ocrx_word' id='word_1_306' title='bbox 285 3212 755 3268; x_wconf 71' lang='lat' dir='ltr'><strong>E.1,egg.1p...628A</strong></span> <span class='ocrx_word' id='word_1_307' title='bbox 768 3219 941 3260; x_wconf 76' lang='lat' dir='ltr'><strong>Politic.</strong></span> 
     </span>
     <span class='ocr_line' id='line_1_49' title="bbox 141 3269 943 3327; baseline 0.004 -14"><span class='ocrx_word' id='word_1_308' title='bbox 141 3283 182 3323; x_wconf 85' lang='lat' dir='ltr'><strong>p.</strong></span> <span class='ocrx_word' id='word_1_309' title='bbox 186 3269 286 3313; x_wconf 82' lang='grc'><strong>271.</strong></span> <span class='ocrx_word' id='word_1_310' title='bbox 294 3269 342 3311; x_wconf 81' lang='lat' dir='ltr'><strong>E.</strong></span> <span class='ocrx_word' id='word_1_311' title='bbox 360 3271 640 3327; x_wconf 82' lang='lat' dir='ltr'><strong>Parmenid.p</strong></span> <span class='ocrx_word' id='word_1_312' title='bbox 647 3273 758 3318; x_wconf 82' lang='grc'><strong>.157.</strong></span> <span class='ocrx_word' id='word_1_313' title='bbox 775 3277 824 3316; x_wconf 88' lang='grc' dir='ltr'><strong>Β.</strong></span> <span class='ocrx_word' id='word_1_314' title='bbox 828 3275 943 3317; x_wconf 79' lang='lat' dir='ltr'><strong>&#39;lim-</strong></span> 
     </span>
     <span class='ocr_line' id='line_1_50' title="bbox 140 3327 944 3386; baseline 0.006 -17"><span class='ocrx_word' id='word_1_315' title='bbox 140 3341 182 3381; x_wconf 82' lang='grc' dir='ltr'><strong>ρ.</strong></span> <span class='ocrx_word' id='word_1_316' title='bbox 216 3327 287 3370; x_wconf 88' lang='grc'><strong>20.</strong></span> <span class='ocrx_word' id='word_1_317' title='bbox 320 3328 373 3370; x_wconf 91' lang='grc' dir='ltr'><strong>Β.</strong></span> <span class='ocrx_word' id='word_1_318' title='bbox 416 3330 546 3371; x_wconf 81' lang='lat' dir='ltr'><strong>Plura</strong></span> <span class='ocrx_word' id='word_1_319' title='bbox 579 3332 707 3373; x_wconf 85' lang='lat' dir='ltr'><strong>etiam</strong></span> <span class='ocrx_word' id='word_1_320' title='bbox 741 3345 787 3374; x_wconf 80' lang='lat' dir='ltr'><strong>su</strong></span> <span class='ocrx_word' id='word_1_321' title='bbox 793 3333 944 3386; x_wconf 89' lang='lat' dir='ltr'><strong>ppedi-</strong></span> 
     </span>
     <span class='ocr_line' id='line_1_51' title="bbox 143 3384 944 3442; baseline 0.008 -17"><span class='ocrx_word' id='word_1_322' title='bbox 143 3384 297 3426; x_wconf 87' lang='lat' dir='ltr'><strong>tabunt</strong></span> <span class='ocrx_word' id='word_1_323' title='bbox 317 3386 504 3428; x_wconf 89' lang='lat' dir='ltr'><strong>Brunck.</strong></span> <span class='ocrx_word' id='word_1_324' title='bbox 539 3390 594 3431; x_wconf 88' lang='lat' dir='ltr'><strong>ad</strong></span> <span class='ocrx_word' id='word_1_325' title='bbox 617 3389 764 3442; x_wconf 85' lang='lat' dir='ltr'><strong>Eurip.</strong></span> <span class='ocrx_word' id='word_1_326' title='bbox 799 3391 944 3435; x_wconf 79' lang='lat' dir='ltr'><strong>otest.</strong></span> 
     </span>
     <span class='ocr_line' id='line_1_52' title="bbox 142 3442 941 3502; baseline 0.009 -21"><span class='ocrx_word' id='word_1_327' title='bbox 142 3455 182 3484; x_wconf 92' lang='lat' dir='ltr'><strong>v.</strong></span> <span class='ocrx_word' id='word_1_328' title='bbox 223 3442 324 3486; x_wconf 89' lang='grc'><strong>295.</strong></span> <span class='ocrx_word' id='word_1_329' title='bbox 367 3443 656 3488; x_wconf 75' lang='lat' dir='ltr'><strong>Heindorf</strong></span> <span class='ocrx_word' id='word_1_330' title='bbox 698 3447 750 3487; x_wconf 81' lang='lat' dir='ltr'><strong>ad</strong></span> <span class='ocrx_word' id='word_1_331' title='bbox 783 3449 941 3502; x_wconf 80' lang='lat' dir='ltr'><strong>Cratyi.</strong></span> 
     </span>
    </p>
   </div>
   <div class='ocr_carea' id='block_1_13' title="bbox 1014 1661 1833 3501">
    <p class='ocr_par' dir='ltr' id='par_1_14' title="bbox 1014 1661 1819 1947">
     <span class='ocr_line' id='line_1_53' title="bbox 1047 1661 1818 1716; baseline -0.011 -7.518"><span class='ocrx_word' id='word_1_332' title='bbox 1047 1665 1162 1709; x_wconf 84' lang='lat'><strong>97.</strong></span> <span class='ocrx_word' id='word_1_333' title='bbox 1197 1663 1376 1705; x_wconf 86' lang='lat' dir='ltr'><strong>Herm.</strong></span> <span class='ocrx_word' id='word_1_334' title='bbox 1410 1661 1467 1703; x_wconf 88' lang='lat' dir='ltr'><strong>ad</strong></span> <span class='ocrx_word' id='word_1_335' title='bbox 1489 1661 1634 1715; x_wconf 79' lang='lat' dir='ltr'><strong>Viget</strong></span> <span class='ocrx_word' id='word_1_336' title='bbox 1661 1676 1700 1716; x_wconf 89' lang='lat' dir='ltr'><strong>p.</strong></span> <span class='ocrx_word' id='word_1_337' title='bbox 1720 1661 1818 1706; x_wconf 85' lang='grc'><strong>836</strong></span> 
     </span>
     <span class='ocr_line' id='line_1_54' title="bbox 1014 1718 1819 1791; baseline 0 -29"><span class='ocrx_word' id='word_1_338' title='bbox 1014 1723 1162 1791; x_wconf 83' lang='lat' dir='ltr'><strong>itaque</strong></span> <span class='ocrx_word' id='word_1_339' title='bbox 1209 1734 1345 1790; x_wconf 90' lang='lat' dir='ltr'><strong>neque</strong></span> <span class='ocrx_word' id='word_1_340' title='bbox 1399 1733 1493 1760; x_wconf 87' lang='lat' dir='ltr'><strong>cum</strong></span> <span class='ocrx_word' id='word_1_341' title='bbox 1551 1718 1819 1762; x_wconf 89' lang='lat' dir='ltr'><strong>Fischero</strong></span> 
     </span>
     <span class='ocr_line' id='line_1_55' title="bbox 1014 1773 1821 1833; baseline -0.001 -13"><span class='ocrx_word' id='word_1_342' title='bbox 1014 1774 1118 1820; x_wconf 75' lang='grc' dir='ltr'><em>ἀλλὰ</em></span> <span class='ocrx_word' id='word_1_343' title='bbox 1159 1776 1239 1833; x_wconf 79' lang='grc' dir='ltr'><strong>γὰρ</strong></span> <span class='ocrx_word' id='word_1_344' title='bbox 1282 1773 1388 1818; x_wconf 85' lang='grc' dir='ltr'><em>ουδὲ</em></span> <span class='ocrx_word' id='word_1_345' title='bbox 1424 1774 1590 1818; x_wconf 82' lang='grc' dir='ltr'><em>τούτων</em></span> <span class='ocrx_word' id='word_1_346' title='bbox 1626 1780 1821 1819; x_wconf 86' lang='lat' dir='ltr'><strong>seriben-</strong></span> 
     </span>
     <span class='ocr_line' id='line_1_56' title="bbox 1016 1837 1821 1905; baseline -0.004 -26"><span class='ocrx_word' id='word_1_347' title='bbox 1016 1838 1115 1879; x_wconf 91' lang='lat' dir='ltr'><strong>dum</strong></span> <span class='ocrx_word' id='word_1_348' title='bbox 1150 1838 1345 1887; x_wconf 82' lang='lat' dir='ltr'><strong>videtur,</strong></span> <span class='ocrx_word' id='word_1_349' title='bbox 1365 1848 1522 1905; x_wconf 88' lang='lat' dir='ltr'><strong>neque</strong></span> <span class='ocrx_word' id='word_1_350' title='bbox 1564 1848 1655 1877; x_wconf 83' lang='lat' dir='ltr'><strong>cnm</strong></span> <span class='ocrx_word' id='word_1_351' title='bbox 1692 1837 1821 1879; x_wconf 85' lang='lat' dir='ltr'><strong>Bek-</strong></span> 
     </span>
     <span class='ocr_line' id='line_1_57' title="bbox 1017 1888 1705 1947; baseline -0.007 -10"><span class='ocrx_word' id='word_1_352' title='bbox 1017 1897 1148 1938; x_wconf 83' lang='lat' dir='ltr'><strong>kero</strong></span> <span class='ocrx_word' id='word_1_353' title='bbox 1183 1892 1237 1936; x_wconf 88' lang='lat' dir='ltr'><strong>ov&#39;&#39;</strong></span> <span class='ocrx_word' id='word_1_354' title='bbox 1267 1893 1308 1934; x_wconf 84' lang='grc' dir='ltr'><strong>τέ</strong></span> <span class='ocrx_word' id='word_1_355' title='bbox 1340 1888 1375 1947; x_wconf 78' lang='grc' dir='ltr'><strong>γ’</strong></span> <span class='ocrx_word' id='word_1_356' title='bbox 1408 1894 1453 1934; x_wconf 81' lang='grc' dir='ltr'><strong>εἴ</strong></span> <span class='ocrx_word' id='word_1_357' title='bbox 1474 1904 1591 1933; x_wconf 78' lang='lat' dir='ltr'><strong>mos·</strong></span> <span class='ocrx_word' id='word_1_358' title='bbox 1622 1895 1705 1934; x_wconf 75' lang='grc' dir='ltr'><strong>κτλ.</strong></span> 
     </span>
    </p>

    <p class='ocr_par' dir='ltr' id='par_1_15' title="bbox 1018 1947 1826 2697">
     <span class='ocr_line' id='line_1_58' title="bbox 1077 1947 1826 2020; baseline -0.003 -26"><span class='ocrx_word' id='word_1_359' title='bbox 1077 1954 1163 1994; x_wconf 82' lang='grc' dir='ltr'><strong>καὶ</strong></span> <span class='ocrx_word' id='word_1_360' title='bbox 1203 1950 1444 2006; x_wconf 82' lang='grc' dir='ltr'><em>χρήματα</em></span> <span class='ocrx_word' id='word_1_361' title='bbox 1493 1947 1826 2020; x_wconf 60' lang='grc' dir='ltr'><em>πράττομαι]</em></span> 
     </span>
     <span class='ocr_line' id='line_1_59' title="bbox 1018 2006 1821 2063; baseline -0.003 -10"><span class='ocrx_word' id='word_1_362' title='bbox 1018 2011 1132 2053; x_wconf 90' lang='lat' dir='ltr'><strong>idem</strong></span> <span class='ocrx_word' id='word_1_363' title='bbox 1175 2017 1242 2052; x_wconf 89' lang='lat' dir='ltr'><strong>est</strong></span> <span class='ocrx_word' id='word_1_364' title='bbox 1273 2009 1389 2062; x_wconf 89' lang='lat' dir='ltr'><strong>quod</strong></span> <span class='ocrx_word' id='word_1_365' title='bbox 1418 2006 1583 2059; x_wconf 77' lang='grc' dir='ltr'><em>μισθὸν</em></span> <span class='ocrx_word' id='word_1_366' title='bbox 1614 2008 1690 2063; x_wconf 72' lang='grc' dir='ltr'><strong>τῆς</strong></span> <span class='ocrx_word' id='word_1_367' title='bbox 1721 2024 1821 2051; x_wconf 79' lang='grc' dir='ltr'><em>συν-</em></span> 
     </span>
     <span class='ocr_line' id='line_1_60' title="bbox 1020 2065 1822 2121; baseline 0.001 -12"><span class='ocrx_word' id='word_1_368' title='bbox 1020 2071 1175 2109; x_wconf 70' lang='grc' dir='ltr'><em>ουσίας</em></span> <span class='ocrx_word' id='word_1_369' title='bbox 1242 2065 1505 2121; x_wconf 71' lang='grc' dir='ltr'><em>πράττεσθαι</em></span> <span class='ocrx_word' id='word_1_370' title='bbox 1565 2081 1632 2121; x_wconf 89' lang='lat' dir='ltr'><strong>ap.</strong></span> <span class='ocrx_word' id='word_1_371' title='bbox 1695 2069 1822 2110; x_wconf 85' lang='lat' dir='ltr'><strong>Xen.</strong></span> 
     </span>
     <span class='ocr_line' id='line_1_61' title="bbox 1020 2126 1823 2177; baseline -0.001 -9"><span class='ocrx_word' id='word_1_372' title='bbox 1020 2127 1150 2168; x_wconf 85' lang='lat' dir='ltr'><strong>Mem.</strong></span> <span class='ocrx_word' id='word_1_373' title='bbox 1186 2126 1226 2167; x_wconf 93' lang='lat' dir='ltr'><strong>I.</strong></span> <span class='ocrx_word' id='word_1_374' title='bbox 1257 2126 1300 2175; x_wconf 87' lang='grc'><strong>2,</strong></span> <span class='ocrx_word' id='word_1_375' title='bbox 1331 2126 1422 2176; x_wconf 81' lang='grc'><strong>60,</strong></span> <span class='ocrx_word' id='word_1_376' title='bbox 1456 2137 1539 2177; x_wconf 85' lang='lat' dir='ltr'><strong>quo</strong></span> <span class='ocrx_word' id='word_1_377' title='bbox 1572 2127 1667 2165; x_wconf 73' lang='lat' dir='ltr'><strong>loco</strong></span> <span class='ocrx_word' id='word_1_378' title='bbox 1689 2134 1823 2167; x_wconf 81' lang='lat' dir='ltr'><strong>testa-</strong></span> 
     </span>
     <span class='ocr_line' id='line_1_62' title="bbox 1020 2182 1824 2236; baseline -0.001 -11"><span class='ocrx_word' id='word_1_379' title='bbox 1020 2189 1090 2225; x_wconf 89' lang='lat' dir='ltr'><strong>tur</strong></span> <span class='ocrx_word' id='word_1_380' title='bbox 1136 2182 1377 2236; x_wconf 81' lang='lat' dir='ltr'><strong>Xenophon</strong></span> <span class='ocrx_word' id='word_1_381' title='bbox 1432 2183 1659 2224; x_wconf 88' lang='lat' dir='ltr'><strong>Socratem</strong></span> <span class='ocrx_word' id='word_1_382' title='bbox 1719 2197 1824 2224; x_wconf 88' lang='lat' dir='ltr'><strong>nun·</strong></span> 
     </span>
     <span class='ocr_line' id='line_1_63' title="bbox 1020 2240 1824 2294; baseline 0.001 -12"><span class='ocrx_word' id='word_1_383' title='bbox 1020 2255 1149 2294; x_wconf 89' lang='lat' dir='ltr'><strong>quam</strong></span> <span class='ocrx_word' id='word_1_384' title='bbox 1210 2255 1233 2281; x_wconf 88' lang='lat' dir='ltr'><strong>a</strong></span> <span class='ocrx_word' id='word_1_385' title='bbox 1290 2240 1564 2280; x_wconf 79' lang='lat' dir='ltr'><strong>familiaribus</strong></span> <span class='ocrx_word' id='word_1_386' title='bbox 1624 2243 1824 2293; x_wconf 78' lang='lat' dir='ltr'><strong>exegisse</strong></span> 
     </span>
     <span class='ocr_line' id='line_1_64' title="bbox 1022 2297 1824 2350; baseline 0.001 -9"><span class='ocrx_word' id='word_1_387' title='bbox 1022 2297 1235 2341; x_wconf 84' lang='lat' dir='ltr'><strong>mercedis</strong></span> <span class='ocrx_word' id='word_1_388' title='bbox 1265 2297 1510 2350; x_wconf 82' lang='lat' dir='ltr'><strong>quidquam.</strong></span> <span class='ocrx_word' id='word_1_389' title='bbox 1543 2298 1655 2341; x_wconf 81' lang='lat' dir='ltr'><strong>conf.</strong></span> <span class='ocrx_word' id='word_1_390' title='bbox 1678 2299 1741 2340; x_wconf 83' lang='lat' dir='ltr'><strong>Pl</strong></span> <span class='ocrx_word' id='word_1_391' title='bbox 1760 2307 1824 2342; x_wconf 80' lang='lat' dir='ltr'><strong>at.</strong></span> 
     </span>
     <span class='ocr_line' id='line_1_65' title="bbox 1023 2354 1821 2410; baseline 0.004 -14"><span class='ocrx_word' id='word_1_392' title='bbox 1023 2357 1152 2410; x_wconf 85' lang='lat' dir='ltr'><strong>Hipp.</strong></span> <span class='ocrx_word' id='word_1_393' title='bbox 1193 2369 1234 2409; x_wconf 86' lang='lat' dir='ltr'><strong>p.</strong></span> <span class='ocrx_word' id='word_1_394' title='bbox 1273 2355 1375 2398; x_wconf 85' lang='lat'><strong>300.</strong></span> <span class='ocrx_word' id='word_1_395' title='bbox 1423 2355 1474 2396; x_wconf 89' lang='lat' dir='ltr'><strong>D.</strong></span> <span class='ocrx_word' id='word_1_396' title='bbox 1521 2354 1750 2409; x_wconf 82' lang='lat' dir='ltr'><strong>Euthyphr.</strong></span> <span class='ocrx_word' id='word_1_397' title='bbox 1782 2371 1821 2410; x_wconf 89' lang='lat' dir='ltr'><strong>p.</strong></span> 
     </span>
     <span class='ocr_line' id='line_1_66' title="bbox 1020 2410 1821 2466; baseline 0 -12"><span class='ocrx_word' id='word_1_398' title='bbox 1020 2413 1061 2458; x_wconf 87' lang='lat'><strong>3.</strong></span> <span class='ocrx_word' id='word_1_399' title='bbox 1098 2414 1146 2456; x_wconf 90' lang='lat' dir='ltr'><strong>D.</strong></span> <span class='ocrx_word' id='word_1_400' title='bbox 1177 2411 1426 2466; x_wconf 88' lang='lat' dir='ltr'><strong>Xenoph.</strong></span> <span class='ocrx_word' id='word_1_401' title='bbox 1471 2410 1590 2452; x_wconf 88' lang='lat' dir='ltr'><strong>Mem</strong></span> <span class='ocrx_word' id='word_1_402' title='bbox 1634 2414 1669 2453; x_wconf 91' lang='grc' dir='ltr'><strong>Ι.</strong></span> <span class='ocrx_word' id='word_1_403' title='bbox 1703 2414 1747 2464; x_wconf 83' lang='grc'><strong>6,</strong></span> <span class='ocrx_word' id='word_1_404' title='bbox 1778 2411 1821 2458; x_wconf 83' lang='lat'><strong>3.</strong></span> 
     </span>
     <span class='ocr_line' id='line_1_67' title="bbox 1023 2469 1826 2524; baseline 0.002 -13"><span class='ocrx_word' id='word_1_405' title='bbox 1023 2472 1075 2515; x_wconf 90' lang='lat'><strong>11</strong></span> <span class='ocrx_word' id='word_1_406' title='bbox 1109 2484 1199 2524; x_wconf 88' lang='lat' dir='ltr'><strong>sqq.</strong></span> <span class='ocrx_word' id='word_1_407' title='bbox 1232 2470 1415 2511; x_wconf 87' lang='lat' dir='ltr'><strong>Conviv.</strong></span> <span class='ocrx_word' id='word_1_408' title='bbox 1463 2469 1494 2510; x_wconf 89' lang='grc'><strong>1.</strong></span> <span class='ocrx_word' id='word_1_409' title='bbox 1524 2469 1564 2513; x_wconf 88' lang='grc'><strong>5.</strong></span> <span class='ocrx_word' id='word_1_410' title='bbox 1628 2471 1737 2524; x_wconf 84' lang='lat' dir='ltr'><strong>Legi</strong></span> <span class='ocrx_word' id='word_1_411' title='bbox 1770 2473 1826 2513; x_wconf 87' lang='lat' dir='ltr'><strong>de</strong></span> 
     </span>
     <span class='ocr_line' id='line_1_68' title="bbox 1022 2528 1826 2582; baseline 0.001 -12"><span class='ocrx_word' id='word_1_412' title='bbox 1022 2530 1102 2571; x_wconf 84' lang='lat' dir='ltr'><strong>hac</strong></span> <span class='ocrx_word' id='word_1_413' title='bbox 1154 2541 1202 2569; x_wconf 90' lang='lat' dir='ltr'><strong>re</strong></span> <span class='ocrx_word' id='word_1_414' title='bbox 1251 2528 1378 2569; x_wconf 87' lang='lat' dir='ltr'><strong>etiam</strong></span> <span class='ocrx_word' id='word_1_415' title='bbox 1424 2531 1664 2580; x_wconf 77' lang='lat' dir='ltr'><strong>merentur,</strong></span> <span class='ocrx_word' id='word_1_416' title='bbox 1718 2543 1826 2582; x_wconf 85' lang='lat' dir='ltr'><strong>quae</strong></span> 
     </span>
     <span class='ocr_line' id='line_1_69' title="bbox 1023 2583 1822 2640; baseline 0.001 -13"><span class='ocrx_word' id='word_1_417' title='bbox 1023 2587 1219 2640; x_wconf 81' lang='lat' dir='ltr'><strong>disputat</strong></span> <span class='ocrx_word' id='word_1_418' title='bbox 1250 2583 1615 2638; x_wconf 76' lang='lat' dir='ltr'><strong>spanhemius</strong></span> <span class='ocrx_word' id='word_1_419' title='bbox 1647 2586 1698 2627; x_wconf 83' lang='lat' dir='ltr'><strong>ad</strong></span> <span class='ocrx_word' id='word_1_420' title='bbox 1731 2589 1822 2628; x_wconf 84' lang='lat' dir='ltr'><strong>Ari-</strong></span> 
     </span>
     <span class='ocr_line' id='line_1_70' title="bbox 1023 2640 1614 2697; baseline -0.008 -12"><span class='ocrx_word' id='word_1_421' title='bbox 1023 2644 1218 2697; x_wconf 86' lang='lat' dir='ltr'><strong>stophan.</strong></span> <span class='ocrx_word' id='word_1_422' title='bbox 1249 2643 1394 2684; x_wconf 87' lang='lat' dir='ltr'><strong>Nubh.</strong></span> <span class='ocrx_word' id='word_1_423' title='bbox 1426 2655 1465 2682; x_wconf 90' lang='lat' dir='ltr'><strong>v.</strong></span> <span class='ocrx_word' id='word_1_424' title='bbox 1497 2640 1567 2686; x_wconf 85' lang='grc'><strong>98,</strong></span> <span class='ocrx_word' id='word_1_425' title='bbox 1611 2693 1614 2696; x_wconf 9' lang='grc' dir='ltr'><strong><em>ἡ</em></strong></span> 
     </span>
    </p>

    <p class='ocr_par' dir='ltr' id='par_1_16' title="bbox 1025 2697 1829 3044">
     <span class='ocr_line' id='line_1_71' title="bbox 1084 2697 1828 2754; baseline 0.001 -12"><span class='ocrx_word' id='word_1_426' title='bbox 1084 2702 1133 2745; x_wconf 79' lang='lat' dir='ltr'><strong>E.</strong></span> <span class='ocrx_word' id='word_1_427' title='bbox 1173 2699 1290 2741; x_wconf 78' lang='grc' dir='ltr'><em>ἐπεὶ</em></span> <span class='ocrx_word' id='word_1_428' title='bbox 1329 2700 1412 2740; x_wconf 84' lang='grc' dir='ltr'><strong>καὶ</strong></span> <span class='ocrx_word' id='word_1_429' title='bbox 1457 2697 1615 2740; x_wconf 82' lang='grc' dir='ltr'><em>τοῦτό</em></span> <span class='ocrx_word' id='word_1_430' title='bbox 1648 2702 1709 2754; x_wconf 80' lang='grc' dir='ltr'><strong>γέ</strong></span> <span class='ocrx_word' id='word_1_431' title='bbox 1740 2716 1828 2752; x_wconf 88' lang='grc' dir='ltr'><strong>μοι</strong></span> 
     </span>
     <span class='ocr_line' id='line_1_72' title="bbox 1025 2759 1828 2812; baseline 0.001 -12"><span class='ocrx_word' id='word_1_432' title='bbox 1025 2760 1115 2812; x_wconf 74' lang='lat'><strong>——]</strong></span> <span class='ocrx_word' id='word_1_433' title='bbox 1187 2759 1310 2800; x_wconf 81' lang='lat' dir='ltr'><strong>Haec</strong></span> <span class='ocrx_word' id='word_1_434' title='bbox 1383 2771 1552 2810; x_wconf 89' lang='lat' dir='ltr'><strong>quoque</strong></span> <span class='ocrx_word' id='word_1_435' title='bbox 1606 2760 1663 2800; x_wconf 81' lang='lat' dir='ltr'><strong>ita</strong></span> <span class='ocrx_word' id='word_1_436' title='bbox 1714 2761 1828 2801; x_wconf 76' lang='lat' dir='ltr'><strong>dicta</strong></span> 
     </span>
     <span class='ocr_line' id='line_1_73' title="bbox 1025 2815 1828 2869; baseline -0.001 -10"><span class='ocrx_word' id='word_1_437' title='bbox 1025 2830 1124 2859; x_wconf 86' lang='lat' dir='ltr'><strong>esse</strong></span> <span class='ocrx_word' id='word_1_438' title='bbox 1157 2817 1299 2869; x_wconf 79' lang='lat' dir='ltr'><strong>liquet,</strong></span> <span class='ocrx_word' id='word_1_439' title='bbox 1333 2820 1378 2856; x_wconf 88' lang='lat' dir='ltr'><strong>ut</strong></span> <span class='ocrx_word' id='word_1_440' title='bbox 1408 2815 1695 2869; x_wconf 80' lang='lat' dir='ltr'><strong>sophistarum</strong></span> <span class='ocrx_word' id='word_1_441' title='bbox 1725 2831 1828 2859; x_wconf 89' lang='lat' dir='ltr'><strong>ava—</strong></span> 
     </span>
     <span class='ocr_line' id='line_1_74' title="bbox 1025 2873 1829 2917; baseline 0.002 -2"><span class='ocrx_word' id='word_1_442' title='bbox 1025 2875 1124 2916; x_wconf 81' lang='lat' dir='ltr'><strong>ritia</strong></span> <span class='ocrx_word' id='word_1_443' title='bbox 1165 2881 1338 2915; x_wconf 86' lang='lat' dir='ltr'><strong>notetur</strong></span> <span class='ocrx_word' id='word_1_444' title='bbox 1377 2886 1428 2913; x_wconf 88' lang='lat' dir='ltr'><strong>ac</strong></span> <span class='ocrx_word' id='word_1_445' title='bbox 1461 2873 1663 2916; x_wconf 78' lang='lat' dir='ltr'><strong>rideatur.</strong></span> <span class='ocrx_word' id='word_1_446' title='bbox 1698 2877 1829 2917; x_wconf 84' lang='lat' dir='ltr'><strong>Cete-</strong></span> 
     </span>
     <span class='ocr_line' id='line_1_75' title="bbox 1026 2931 1828 2984; baseline 0.003 -12"><span class='ocrx_word' id='word_1_447' title='bbox 1026 2945 1118 2973; x_wconf 88' lang='lat' dir='ltr'><strong>rum</strong></span> <span class='ocrx_word' id='word_1_448' title='bbox 1151 2931 1338 2984; x_wconf 66' lang='lat' dir='ltr'><strong>profecit</strong></span> <span class='ocrx_word' id='word_1_449' title='bbox 1367 2931 1467 2972; x_wconf 89' lang='lat' dir='ltr'><strong>hinc</strong></span> <span class='ocrx_word' id='word_1_450' title='bbox 1502 2936 1653 2973; x_wconf 85' lang='lat' dir='ltr'><strong>auctor</strong></span> <span class='ocrx_word' id='word_1_451' title='bbox 1685 2933 1828 2974; x_wconf 82' lang='lat' dir='ltr'><strong>Thea-</strong></span> 
     </span>
     <span class='ocr_line' id='line_1_76' title="bbox 1026 2988 1382 3044; baseline 0.006 -14"><span class='ocrx_word' id='word_1_452' title='bbox 1026 2992 1091 3044; x_wconf 81' lang='lat' dir='ltr'><strong>gis</strong></span> <span class='ocrx_word' id='word_1_453' title='bbox 1124 3003 1164 3041; x_wconf 85' lang='lat' dir='ltr'><strong>p.</strong></span> <span class='ocrx_word' id='word_1_454' title='bbox 1199 2988 1296 3032; x_wconf 87' lang='grc'><strong>128.</strong></span> <span class='ocrx_word' id='word_1_455' title='bbox 1334 2991 1382 3028; x_wconf 79' lang='grc' dir='ltr'><strong>Α.</strong></span> 
     </span>
    </p>

    <p class='ocr_par' dir='ltr' id='par_1_17' title="bbox 1029 3041 1833 3160">
     <span class='ocr_line' id='line_1_77' title="bbox 1082 3041 1828 3099; baseline 0.001 -12"><span class='ocrx_word' id='word_1_456' title='bbox 1082 3047 1236 3087; x_wconf 69' lang='grc' dir='ltr'><em>εἴτις</em></span> <span class='ocrx_word' id='word_1_457' title='bbox 1268 3041 1392 3087; x_wconf 69' lang='grc' dir='ltr'><strong>οἷός</strong></span> <span class='ocrx_word' id='word_1_458' title='bbox 1423 3041 1462 3085; x_wconf 82' lang='grc' dir='ltr'><strong>τ’</strong></span> <span class='ocrx_word' id='word_1_459' title='bbox 1492 3045 1600 3099; x_wconf 87' lang='grc' dir='ltr'><em>ειη]</em></span> <span class='ocrx_word' id='word_1_460' title='bbox 1640 3047 1703 3088; x_wconf 89' lang='lat' dir='ltr'><strong>De</strong></span> <span class='ocrx_word' id='word_1_461' title='bbox 1725 3060 1828 3088; x_wconf 88' lang='lat' dir='ltr'><strong>con-</strong></span> 
     </span>
     <span class='ocr_line' id='line_1_78' title="bbox 1029 3103 1833 3160; baseline 0.004 -15"><span class='ocrx_word' id='word_1_462' title='bbox 1029 3106 1315 3145; x_wconf 87' lang='lat' dir='ltr'><strong>structionev.</strong></span> <span class='ocrx_word' id='word_1_463' title='bbox 1329 3103 1484 3146; x_wconf 82' lang='lat' dir='ltr'><strong>Matth.</strong></span> <span class='ocrx_word' id='word_1_464' title='bbox 1511 3104 1533 3155; x_wconf 63' lang='grc' dir='ltr'><strong>ἓ</strong></span> <span class='ocrx_word' id='word_1_465' title='bbox 1558 3103 1657 3148; x_wconf 86' lang='grc'><strong>524.</strong></span> <span class='ocrx_word' id='word_1_466' title='bbox 1670 3105 1761 3145; x_wconf 89' lang='lat' dir='ltr'><strong>Ohs</strong></span> <span class='ocrx_word' id='word_1_467' title='bbox 1788 3106 1833 3160; x_wconf 94' lang='lat'><strong>3.</strong></span> 
     </span>
    </p>

    <p class='ocr_par' dir='ltr' id='par_1_18' title="bbox 1028 3157 1831 3501">
     <span class='ocr_line' id='line_1_79' title="bbox 1087 3157 1828 3218; baseline 0 -15"><span class='ocrx_word' id='word_1_468' title='bbox 1087 3161 1324 3216; x_wconf 72' lang='grc' dir='ltr'><em>Γοργίας</em></span> <span class='ocrx_word' id='word_1_469' title='bbox 1343 3175 1395 3202; x_wconf 81' lang='grc' dir='ltr'><strong>τε</strong></span> <span class='ocrx_word' id='word_1_470' title='bbox 1419 3157 1752 3203; x_wconf 73' lang='grc' dir='ltr'><em>ὁΛεοντῑνοε</em></span> <span class='ocrx_word' id='word_1_471' title='bbox 1771 3163 1828 3218; x_wconf 77' lang='lat'><strong>-]</strong></span> 
     </span>
     <span class='ocr_line' id='line_1_80' title="bbox 1028 3218 1830 3273; baseline 0.005 -14"><span class='ocrx_word' id='word_1_472' title='bbox 1028 3219 1099 3261; x_wconf 90' lang='lat' dir='ltr'><strong>De</strong></span> <span class='ocrx_word' id='word_1_473' title='bbox 1141 3218 1203 3261; x_wconf 76' lang='lat' dir='ltr'><strong>his</strong></span> <span class='ocrx_word' id='word_1_474' title='bbox 1235 3219 1439 3273; x_wconf 86' lang='lat' dir='ltr'><strong>sophistis</strong></span> <span class='ocrx_word' id='word_1_475' title='bbox 1483 3231 1521 3261; x_wconf 79' lang='lat' dir='ltr'><strong>v,</strong></span> <span class='ocrx_word' id='word_1_476' title='bbox 1564 3220 1616 3261; x_wconf 88' lang='lat' dir='ltr'><strong>ad</strong></span> <span class='ocrx_word' id='word_1_477' title='bbox 1658 3221 1830 3263; x_wconf 75' lang='lat' dir='ltr'><strong>Platon.</strong></span> 
     </span>
     <span class='ocr_line' id='line_1_81' title="bbox 1030 3276 1829 3331; baseline 0.001 -15"><span class='ocrx_word' id='word_1_478' title='bbox 1030 3277 1127 3319; x_wconf 85' lang='lat' dir='ltr'><strong>dial.</strong></span> <span class='ocrx_word' id='word_1_479' title='bbox 1166 3276 1375 3329; x_wconf 73' lang='lat' dir='ltr'><strong>Gorgiam</strong></span> <span class='ocrx_word' id='word_1_480' title='bbox 1419 3277 1510 3318; x_wconf 88' lang='lat' dir='ltr'><strong>init.</strong></span> <span class='ocrx_word' id='word_1_481' title='bbox 1545 3277 1597 3318; x_wconf 87' lang='lat' dir='ltr'><strong>ad</strong></span> <span class='ocrx_word' id='word_1_482' title='bbox 1633 3279 1829 3331; x_wconf 82' lang='lat' dir='ltr'><strong>Hippiam</strong></span> 
     </span>
     <span class='ocr_line' id='line_1_82' title="bbox 1031 3334 1829 3387; baseline -0.004 -12"><span class='ocrx_word' id='word_1_483' title='bbox 1031 3335 1130 3375; x_wconf 84' lang='lat' dir='ltr'><strong>mai.</strong></span> <span class='ocrx_word' id='word_1_484' title='bbox 1173 3334 1380 3387; x_wconf 82' lang='lat' dir='ltr'><strong>Proiegg.</strong></span> <span class='ocrx_word' id='word_1_485' title='bbox 1420 3339 1463 3375; x_wconf 87' lang='lat' dir='ltr'><strong>et</strong></span> <span class='ocrx_word' id='word_1_486' title='bbox 1502 3334 1555 3374; x_wconf 89' lang='lat' dir='ltr'><strong>ad</strong></span> <span class='ocrx_word' id='word_1_487' title='bbox 1600 3336 1829 3387; x_wconf 82' lang='lat' dir='ltr'><strong>Protagor.</strong></span> 
     </span>
     <span class='ocr_line' id='line_1_83' title="bbox 1030 3391 1831 3445; baseline -0.002 -14"><span class='ocrx_word' id='word_1_488' title='bbox 1030 3406 1072 3445; x_wconf 91' lang='lat' dir='ltr'><strong>p.</strong></span> <span class='ocrx_word' id='word_1_489' title='bbox 1111 3391 1211 3436; x_wconf 84' lang='lat'><strong>314.</strong></span> <span class='ocrx_word' id='word_1_490' title='bbox 1250 3391 1302 3434; x_wconf 92' lang='grc' dir='ltr'><strong>Β.</strong></span> <span class='ocrx_word' id='word_1_491' title='bbox 1343 3394 1395 3434; x_wconf 84' lang='lat' dir='ltr'><strong>ai.</strong></span> <span class='ocrx_word' id='word_1_492' title='bbox 1458 3391 1515 3432; x_wconf 88' lang='lat' dir='ltr'><strong>Hi</strong></span> <span class='ocrx_word' id='word_1_493' title='bbox 1547 3404 1651 3434; x_wconf 86' lang='lat' dir='ltr'><strong>vero</strong></span> <span class='ocrx_word' id='word_1_494' title='bbox 1682 3403 1831 3432; x_wconf 87' lang='lat' dir='ltr'><strong>omnes</strong></span> 
     </span>
     <span class='ocr_line' id='line_1_84' title="bbox 1033 3448 1830 3501; baseline -0.001 -13"><span class='ocrx_word' id='word_1_495' title='bbox 1033 3450 1285 3501; x_wconf 83' lang='lat' dir='ltr'><strong>sapientiam</strong></span> <span class='ocrx_word' id='word_1_496' title='bbox 1341 3461 1459 3489; x_wconf 84' lang='lat' dir='ltr'><strong>suam</strong></span> <span class='ocrx_word' id='word_1_497' title='bbox 1510 3451 1702 3489; x_wconf 81' lang='lat' dir='ltr'><strong>venaiem</strong></span> <span class='ocrx_word' id='word_1_498' title='bbox 1747 3448 1830 3489; x_wconf 88' lang='lat' dir='ltr'><strong>cir-</strong></span> 
     </span>
    </p>
   </div>
   <div class='ocr_carea' id='block_1_14' title="bbox 1395 3518 1472 3570">
    <p class='ocr_par' dir='ltr' id='par_1_19' title="bbox 1395 3518 1472 3570">
     <span class='ocr_line' id='line_1_85' title="bbox 1395 3518 1472 3570; baseline 0 -27"><span class='ocrx_word' id='word_1_499' title='bbox 1395 3518 1472 3570; x_wconf 73' lang='lat'><strong>5..</strong></span> 
     </span>
    </p>
   </div>
  </div>
 </body>
</html>
