2158 3718
302 90 400 141 142
910 88 1387 144 PLATONIS

425 231 562 312 Cap.
624 231 854 290 XXIV.
946 238 1134 306 Χωρὶς
1189 238 1245 290 δὲ
1302 238 1403 303 τῆς
1458 234 1643 304 δόξης,
1697 227 1737 291 ὦ
1793 234 2005 308 ἄνδρες,

202 305 249 360 C
299 317 427 374 οὐδὲ
489 318 702 376 δίκαιόν
761 341 857 390 μοι
915 323 1063 375 δοκεῖ
1119 317 1258 374 εἶναι
1321 323 1550 376 δεῖσθαι
1590 323 1693 377 τοῦ
1739 323 2004 379 δικαστοῦ

300 402 428 458 οὐδὲ
487 403 746 474 δεόμενον
802 403 1176 480 ἀποφεύγειν,
1233 402 1376 458 ἀλλὰ
1429 405 1702 460 διδάσκειν
1755 409 1847 461 καὶ
1890 409 2006 461 πεί-

300 493 450 544 θειν.
505 488 570 543 οὐ
634 487 740 558 γὰρ
797 491 885 542 ἐπὶ
943 488 1124 557 τούτῳ
1185 487 1440 556 κάθηται
1493 487 1522 543 ὁ
1570 489 1860 562 δικαστής,
1916 493 2004 544 ἐπὶ

299 576 376 642 τῷ
445 574 924 644 καταχαρίζεσθαι
968 570 1056 626 τοι
1084 575 1302 637 δίκαιοι,
1363 571 1487 627 ἀλλ’
1554 578 1642 628 ἐπὶ
1684 576 1761 644 τῷ
1802 578 2006 644 κρίνειν

298 660 512 712 ταῦτα·
559 661 651 712 καὶ
696 655 982 726 ὀμώμοκεν
1027 655 1093 711 οὐ
1131 661 1463 729 χαριεῖσθαι
1497 656 1696 722 οἷς.ἂν
1741 661 1875 736 δοκῇ
1904 656 2007 713 αύ-

299 743 409 811 τῷ,
473 739 616 795 ἀλλὰ
675 739 919 795 δικάσειν
975 737 1119 795 κατὰ
1177 738 1308 805 τοὺς
1351 739 1574 810 νόμους.
1638 738 1844 797 οὔκουν
1893 741 2001 814 χρὴ

296 823 422 880 οὔτε
466 823 614 895 ἡμᾶς
657 827 867 891 ἐθίζειν
909 822 1055 896 ὑμᾶς
1097 831 1402 896 ἐπιορκεῖν,
1462 823 1590 879 οὔθ’
1639 825 1785 896 ὑμᾶς
1827 830 2007 893 ἐθίζε-

295 913 468 965 σθαι·
532 909 809 981 οὐδέτεροι
870 931 979 983 γαρ
1038 905 1112 964 ἂν
1164 907 1319 980 ἡμῶν
1383 906 1677 980 εὐσεβοῖεν.
1754 911 1827 982 μὴ
1905 931 2007 966 ουν

297 993 518 1060 ἀξιοῦτέ
561 1015 643 1065 με,
690 987 728 1047 ὦ
779 990 976 1065 ἄνδρες
1013 992 1344 1059 Ἀθηναῖοι,
1401 997 1634 1048 τοιαῦτα
1697 997 1808 1050 δεῖν
1869 992 2009 1063 πρὸς

300 1077 445 1149 ὑμᾶς
487 1100 781 1149 πραττειν,
822 1076 860 1132 ἃ
903 1078 1042 1148 μήτε
1086 1077 1329 1148 ἡγοῦμαι
1371 1075 1514 1132 καλὰ
1563 1078 1705 1133 εἶναι
1744 1101 1883 1150 μητε
1929 1082 2008 1134 δί·
2056 1093 2058 1095 ’

302 1185 433 1219 καια
487 1163 625 1234 μήτε
685 1160 845 1228 ὅσια,
887 1161 1066 1226 ἄλλως
1118 1184 1174 1217 τε
1227 1169 1417 1233 μέντοι
1465 1157 1559 1241 [νὴ
1606 1168 1708 1218 Δία
1755 1158 2005 1239 πάντως]

419 1329 527 1382 Cap.
559 1329 733 1370 XXIV.
765 1328 815 1369 C.
849 1326 1056 1368 οὔκουν
1087 1323 1214 1380 χρή]
1246 1327 1299 1366 V.
1335 1321 1515 1374 οὐκοῦν,
1549 1329 1669 1380 quod
1693 1341 1748 1369 ex
1778 1328 1878 1368 Par.
1905 1327 2007 1368 D'r.

303 1386 411 1430 ven.
441 1388 485 1430 b
516 1387 651 1426 Vind-
680 1386 720 1429 1.
751 1385 792 1429 4.
819 1387 860 1430 6.
892 1386 1182 1428 emendatum.

419 1446 476 1486 D.
521 1440 668 1495 ὅσια,
712 1441 880 1484 ἄλλως
912 1459 961 1484 τε
991 1442 1178 1494 μέντοι
1216 1439 1278 1495 νὴ
1308 1442 1419 1481 Διά
1449 1438 1663 1482 πάντως
1694 1441 1778 1482 καὶ
1810 1436 1913 1494 dm]
1951 1443 2009 1485 V.

303 1499 414 1550 ὅσια,
445 1500 621 1554 μάλιστα
653 1499 842 1551 πάντως,
882 1499 935 1556 νὴ
961 1502 1053 1542 Δία
1090 1500 1231 1551 μέντοι
1271 1500 1338 1540 καὶ
1378 1494 1446 1542 ἆσ.
1487 1513 1614 1552 φευγ.
1649 1499 1790 1540 codd.
1826 1501 2010 1541 multum

300 1562 416 1601 inter
449 1575 495 1602 se
526 1562 793 1613 discrepant.
856 1560 1072 1601 Dedimus
1118 1559 1237 1611 quod
1276 1558 1488 1598 exhibent
1529 1558 1660 1598 Bodl.
1692 1558 1794 1598 Vat.
1825 1558 1940 1598 Ven.
1970 1559 2009 1598 b.

307 1619 406 1659 Par.
444 1619 582 1659 DST.
616 1631 712 1658 cum
742 1619 864 1658 Flor.
895 1619 937 1658 d.
970 1631 1011 1670 g.
1042 1618 1084 1657 h.
1115 1630 1156 1657 v,
1191 1618 1466 1668 interpretat.
1504 1615 1553 1656 ln
1586 1616 1689 1656 Par.
1721 1615 1850 1656 BCE.
1886 1617 2010 1658 vind.

304 1735 423 1774 ducit
453 1745 658 1782 uxorem,
707 1734 896 1784 liberos,
937 1732 1118 1786 propin-

306 1805 417 1845 quos
463 1792 740 1832 lacrimantes
795 1797 838 1832 et
873 1792 1116 1832 lamentan-

307 1857 398 1901 tes,
433 1862 519 1901 quo
557 1849 748 1889 iudicum
778 1850 914 1890 animi
943 1849 1001 1889 ad
1035 1847 1116 1888 mi-

307 1907 594 1948 sericordiam
624 1907 870 1947 flectantur.

367 1965 475 2017 Cap.
507 1965 685 2006 XXIV.
718 1962 903 2018 Χωρὶε·
935 1961 990 2003 δὲ
1021 1964 1118 2015 τῆς

310 2020 508 2076 δόξης]
557 2023 601 2062 h.
643 2036 680 2063 e.
733 2024 828 2064 sed
866 2027 1116 2076 praeter-

311 2094 473 2134 quam
524 2081 671 2134 quod
723 2081 876 2121 illud
926 2080 1118 2120 existi-

311 2140 554 2180 mationi
589 2151 738 2179 meae
761 2151 868 2179 non
899 2150 1120 2190 respon·

313 2198 494 2240 deret:
586 2197 713 2237 aber
802 2195 1122 2248 abgesehen

312 2268 420 2295 von
461 2255 578 2295 dem
616 2255 898 2295 Ansehen.
944 2253 1054 2295 Crit.
1085 2266 1122 2292 c.

313 2313 364 2356 3:
408 2307 508 2353 ἀλλὰ
547 2312 678 2364 χωρὶς
715 2310 792 2362 μὲν
832 2311 912 2352 τοῦ
950 2309 1123 2364 ἐστερῆ-

315 2371 422 2412 σθαι
454 2367 660 2410 τοιούτου
690 2367 934 2423 ἐπιτηδείου
967 2392 1020 2402 --
1069 2368 1126 2408 ἔτι

316 2427 362 2469 δὲ
403 2429 471 2469 καὶ
512 2429 687 2468 πολλοῖς
735 2426 854 2479 δόξω
897 2428 980 2467 κτλ.
995 2457 1006 2478 ,
1048 2426 1127 2467 ubi

314 2487 416 2527 vide
452 2492 604 2527 annot.
651 2486 793 2539 Legg.
848 2499 890 2538 Ρ.
932 2484 1030 2528 814.
1075 2484 1126 2526 C.

317 2540 521 2594 ου’δαμιόε
570 2540 787 2596 εὔσχημον
837 2537 1015 2596 γιηγνοιτ
1074 2536 1127 2582 ἂν

322 2602 401 2642 τοῦ
433 2601 571 2642 κακοῦ
601 2601 732 2653 χωρὶς
763 2601 893 2641 τοῦτο
926 2598 973 2640 ἐν
1004 2595 1126 2639 πόλει

321 2656 436 2700 ὅπου
456 2661 661 2713 γίγνοιτο,
677 2658 883 2712 Sympos.
907 2657 1058 2711 p.173
1077 2655 1128 2698 O.

318 2718 447 2788 χωρὶς
505 2717 585 2756 τοῦ
638 2715 814 2756 οἴεσθαι
864 2710 1128 2766 ωφελεῐσθαι

319 2771 559 2826 ὑπερφυῶς
594 2769 653 2814 ωε
691 2777 835 2827 χαιᾛρω
876 2773 992 2814 Ibid.
1023 2772 1126 2816 184.

321 2834 371 2877 B.
413 2834 629 2875 Herodot.
669 2832 706 2873 Ι.
746 2832 815 2876 93.
868 2831 998 2885 χωρὶς
1044 2831 1128 2871 τῶν

319 2889 568 2945 Αἰγυπτίων
598 2890 751 2944 ἔργων.
783 2913 834 2920 —-
876 2890 987 2930 Mox
1018 2884 1125 2929 ἆπο-

320 2946 502 3003 φεύγειν
519 2953 587 2990 est
617 2949 829 2989 salvum
860 2948 1127 2998 evadere,

320 3008 554 3049 absolvi.

378 3065 429 3106 G.
472 3063 559 3105 ἐπὶ
608 3077 783 3117 τουτῳ
822 3085 879 3093 --
925 3060 1009 3102 ἐπὶ
1060 3061 1129 3115 τῷ

321 3121 779 3191 καταχαρίζεσθαι
811 3135 844 3160 τ.
874 3117 941 3172 δ.]
973 3120 1128 3172 Lysid.

319 3196 362 3235 Ρ.
380 3182 479 3226 219.
501 3182 555 3224 Ε.
589 3181 704 3221 πᾶσα
737 3174 762 3232 ἦ
786 3175 958 3231 τοιαύτη
989 3190 1128 3218 σπου-

323 3238 377 3294 δὴ
415 3253 498 3280 ουκ
546 3236 613 3279 ἐπὶ
653 3233 826 3278 τούτοις
877 3232 1000 3276 ἕνεκά
1047 3248 1127 3275 του

323 3294 787 3369 παρασκευαζομένοις.
806 3293 944 3346 Gorg.
964 3307 1007 3347 p
1021 3292 1124 3338 474.

321 3357 375 3400 Ε.
413 3350 469 3397 οὕ
496 3352 642 3409 δήπου
680 3350 804 3395 ἐκτὸς
843 3366 1007 3393 τουτων
1038 3349 1126 3392 ἐστὶ

1204 1727 1252 1770 τὰ
1283 1728 1413 1778 καλά,
1447 1730 1527 1770 τοῦ
1569 1725 1596 1782 ἢ
1626 1724 1817 1783 ωφέλιμα
1846 1746 1955 1772 ειναι
1987 1727 2013 1786 ἢ

1204 1784 1308 1842 ἡδέα
1358 1785 1386 1841 ἢ
1435 1783 1673 1840 ἀμφότερα.
1736 1790 2014 1831 Matthiae

1201 1845 1278 1889 Gr.
1320 1847 1363 1897 §-
1402 1844 1503 1890 472.
1546 1846 1585 1888 2.
1627 1846 1672 1898 β.
1704 1871 1759 1876 -
1792 1850 2012 1900 καταχαρι-

1200 1902 1355 1957 ζεσθαι
1416 1900 1464 1944 τὸ
1514 1900 1684 1943 δίκαιον
1736 1912 1802 1945 est
1857 1907 2013 1947 iusti-

1202 1964 1332 2003 tiam
1371 1962 1584 2002 donare
1635 1964 1878 2014 gratiae3
1927 1965 2015 2004 ius

1202 2020 1520 2072 negligere,
1559 2032 1664 2072 quo
1695 2022 1866 2062 alteri
1899 2034 2014 2074 gra-

1204 2085 1315 2118 tum
1345 2077 1546 2119 facias.

1264 2135 1349 2174 καὶ
1384 2129 1701 2187 ὀμώμοκεν]
1731 2133 2014 2177 Demosth.

1207 2208 1244 2235 c.
1289 2192 1529 2233 Timocrat.
1574 2205 1617 2245 Ρ.
1647 2191 1731 2236 747
1769 2193 1837 2234 ed.
1865 2193 2016 2238 Reisk.

1209 2250 1459 2304 ψηφιοῦμαι
1491 2249 1595 2290 κατὰ
1627 2247 1731 2290 τούς
1759 2248 1927 2302 νόμους
1947 2253 2016 2292 καὶ

1211 2307 1260 2349 τὰ
1291 2310 1546 2361 ψηφίσματα
1577 2309 1657 2348 τοῦ
1687 2305 1828 2362 δήμου
1850 2311 1918 2350 καὶ
1945 2310 2022 2364 τῆς

1211 2367 1380 2420 βουλης
1391 2380 1476 2406 των
1497 2371 1805 2408 πεντακοσίων.
1821 2369 2018 2409 Pollux

1213 2423 1373 2466 onom.
1412 2424 1541 2466 VIII.
1586 2423 1685 2466 122.
1741 2420 1766 2464 ὁ
1806 2424 1853 2466 δὲ
1884 2423 2019 2494 ὅρκος

1213 2477 1267 2536 ἦν
1305 2482 1390 2521 τῶν
1429 2479 1662 2521 δικαστῶν·
1707 2483 1803 2533 περὶ
1841 2482 1917 2533 μὲν
1956 2475 2018 2523 ὦν

1212 2537 1341 2590 νόμοι
1392 2537 1497 2587 εἰσί,
1547 2535 1652 2579 κατὰ
1701 2537 1805 2580 τοὺς
1853 2538 2018 2592 νόμους

1212 2597 1499 2667 ψηφιεῖσθαι·
1541 2596 1635 2650 περὶ
1667 2594 1714 2637 δὲ
1743 2589 1805 2638 ὦν
1834 2596 1891 2652 μή
1922 2598 2017 2648 εἰσι,

1214 2667 1300 2696 συν
1316 2668 1460 2708 γνωμῃ
1482 2651 1737 2708 δικαιοτάτῃ.
1762 2670 1804 2696 v.
1825 2658 2018 2699 Meier.

1213 2720 1256 2754 et
1291 2712 1651 2755 Schoemann
1690 2714 1726 2754 Ι.
1768 2727 1805 2755 c.
1849 2729 1891 2768 p.
1933 2716 2021 2760 128

1212 2785 1280 2824 sq.
1313 2777 1357 2812 et
1385 2785 1430 2839 p.
1463 2769 1562 2814 135.

1269 2826 1336 2882 μὴ
1368 2821 1466 2869 οὖν
1497 2823 1747 2882 ἀξιοῦτε]
1788 2830 1830 2870 h.
1861 2844 1897 2871 e.
1926 2843 2017 2871 no-

1210 2889 1314 2928 lite
1345 2888 1524 2940 igitur
1553 2891 1759 2939 putare.
1811 2888 1920 2929 Mox
1937 2901 2018 2929 no-

1211 2946 1348 2986 tanda
1390 2951 1458 2986 est
1503 2945 1737 2987 collocatio
1783 2946 2019 2987 verborum

1211 2999 1240 3042 ἃ
1271 2999 1374 3056 μήτε
1404 2998 1590 3057 ἡγοῦμαι
1611 3001 1714 3043 καλὰ
1742 2997 1862 3052 εἶναι,
1893 3005 2016 3045 ouius

1211 3062 1311 3102 loeo
1350 3062 1546 3114 vulgaris
1589 3062 1705 3102 ratio
1734 3063 1951 3130 exigebat
1991 3058 2019 3101 ἃ

1216 3114 1404 3172 ἡγοῦμαι
1435 3116 1539 3172 μήτε
1570 3115 1676 3159 καλὰ
1705 3112 1827 3161 εἶναι.

1271 3174 1445 3217 ἄλλως
1476 3190 1528 3218 τε
1556 3175 1745 3227 μέντοι
1776 3177 1864 3230 —J
1903 3176 1947 3216 h.
1979 3190 2017 3217 e.

1214 3248 1379 3288 quum
1408 3236 1554 3276 alias
1583 3235 1868 3288 profecto,
1907 3239 2017 3274 tum

1210 3294 1444 3335 maxime
1492 3304 1660 3344 nuno,
1722 3305 1884 3345 quum
1928 3292 2017 3333 im-

1208 3352 1457 3403 pietatis
1496 3355 1798 3391 accusatus
1838 3362 1950 3390 sum
1992 3362 2019 3390 a
