2158 3718
17 3634 30 3718 ›assa-v
33 3615 35 3619 ἡ
21 3552 25 3554 .

353 139 767 195 APOLOGIA
805 137 1202 194 SOCRATIS.
1257 140 1318 191 Ρ.
1368 142 1454 193 29.
1495 140 1575 195 St.
1712 144 1810 196 115

114 310 243 359 των,
288 288 604 344 ἀποθανεῖ·

113 372 365 448 ἀφίοιτε,
423 370 626 439 εἴποιμ’
687 370 759 426 ἂν
806 370 956 441 ὑμῖν,
1002 367 1091 426 ὅτι
1127 368 1258 440 Ἐγώ
1308 369 1482 440 ὑμᾶς,
1530 364 1570 425 ὦ
1615 370 1812 445 ἄνδρες

109 455 441 523 Ἀθηναῖοι,
509 455 834 527 ἀσπάζομαι
885 461 986 526 μὲν
1055 457 1147 509 καὶ
1202 458 1372 529 φιλῶ,
1444 460 1700 526 πείσομαι
1754 459 1810 511 δὲ

110 544 330 611 μᾶλλον
385 543 460 610 τῷ
506 543 627 609 θεῷ
676 538 706 605 ἢ
752 538 903 609 ὑμῖν,
972 542 1063 593 καὶ
1105 544 1303 610 ἕωςπερ
1351 538 1424 593 ἂν
1467 546 1674 609 ἐμπνέω
1720 544 1812 595 καὶ

112 623 229 688 οἶός
270 647 328 680 τε
374 616 433 689 ὦ,
476 623 544 679 οὐ
585 621 661 694 μὴ
707 624 1000 692 παύσωμαι
1043 627 1372 698 φιλοσοφῶν
1416 628 1507 678 καὶ
1549 622 1680 694 ὑμῖν
1706 646 1812 678 πα-

111 707 539 780 ρακελειιόμενός
582 730 639 762 τε
686 712 778 762 καὶ
821 706 1230 779 ἐνδεικνύμενος
1260 706 1371 778 ὅτῳ
1403 705 1476 762 ἄν
1505 706 1589 764 ἀεὶ
1623 716 1811 778 ἐντυγ-

53 845 61 857 ,
104 793 259 864 χάνω
302 791 473 863 ὑμῶν,
519 797 687 862 λέγων
731 792 927 862 οἷάπερ
976 791 1174 855 εἴωθα,
1220 784 1434 856 ὅτι,Ὦ
1479 789 1667 862 ἄριστε
1710 792 1813 847 άν-

111 881 284 947 ὑρῶν,
324 876 635 944 Ἀθηναῖος
679 873 784 940 ὤν,
831 877 1040 939 πόλεως
1084 870 1178 941 rig
1224 881 1477 947 μεγίστης
1520 880 1610 931 καὶ
1656 876 1812 932 εὐδο-

110 959 421 1031 κιμωτάτης
467 967 539 1025 εἰς
594 965 801 1034 σοφίαν
847 964 938 1015 καὶ
987 958 1170 1029 ἰσχύν,
1225 959 1526 1031 χρημάτων
1567 964 1668 1032 μὲν
1711 960 1811 1017 οὐκ

110 1044 346 1116 αἰσχύνει
402 1046 845 1115 ἐπιμελούμενος,
900 1041 1050 1106 ὅπως
1107 1062 1195 1097 σοι
1236 1048 1391 1099 ἔσται
1444 1043 1517 1108 ὡς
1572 1049 1815 1108 πλεῖστα,

110 1207 207 1247 don.
1362 1209 1422 1247 Ac
1460 1209 1630 1250 videtur
1673 1205 1726 1250 ἂι
1760 1223 1814 1249 ue

110 1263 190 1304 hoc
219 1264 389 1317 quidem
426 1265 527 1305 loco
559 1278 650 1307 cum
685 1263 1064 1318 διαφθαρήσονται
1097 1258 1439 1306 connecten'dum
1482 1280 1600 1317 esse,
1646 1268 1680 1306 si
1719 1268 1816 1319 qui-

109 1321 205 1362 dem
249 1323 497 1363 existimare
537 1324 661 1373 licet,
704 1325 958 1375 scriptorem
1002 1335 1130 1374 quun»
1177 1323 1320 1363 dicere
1366 1325 1591 1364 vomisset:
1644 1321 1723 1377 ἤδη
1762 1321 1816 1364 ἂν

110 1375 229 1429 ὑμῶν
258 1394 298 1419 οι
331 1379 438 1420 υιεῖς
467 1377 757 1433 ἐπιτηδεύοιεν
790 1377 816 1420 ἃ
848 1377 1083 1433 Σωκράτης
1115 1377 1324 1427 διδάσκει,
1374 1382 1442 1420 και
1476 1379 1629 1422 πάντες
1660 1396 1744 1422 παι
1749 1398 1815 1422 τα

109 1449 214 1477 πασι
216 1434 635 1506 διαφθαρήσονται,
667 1444 838 1479 mutato
868 1444 1114 1479 structurae
1135 1445 1284 1478 tenore
1311 1440 1510 1491 posuisse
1529 1440 1813 1493 participium

111 1496 173 1536 De
207 1491 261 1535 ἄν
297 1509 392 1537 cum
425 1495 661 1537 indicativo
700 1496 833 1536 futuri
865 1502 1115 1536 constructo
1152 1497 1371 1547 disputant
1406 1497 1689 1540 Hermann
1753 1499 1815 1538 De

109 1553 229 1593 Part.
265 1549 319 1592 ἄν
351 1553 470 1593 Libr.
504 1552 532 1596 1.
567 1566 604 1594 c
638 1553 679 1596 8.
715 1554 942 1595 Rostius
984 1555 1060 1594 Gr.
1094 1552 1169 1596 Gr.
1213 1554 1250 1604 §.
1285 1554 1382 1597 120.
1417 1554 1453 1597 6
1499 1570 1534 1595 c.
1567 1555 1609 1608 β
1646 1570 1685 1605 ρ.
1714 1555 1814 1599 593.

110 1616 155 1650 et
191 1611 275 1654 601
316 1624 380 1663 sq.
422 1610 490 1651 ed.
532 1611 573 1654 4.
614 1625 656 1664 p
700 1611 800 1655 611.
844 1612 887 1664 β.
933 1611 1000 1654 ed.
1041 1612 1080 1655 7
1126 1610 1392 1653 Matthiae
1432 1613 1509 1653 Gr.
1551 1613 1591 1665 ξ.
1630 1612 1730 1657 599.
1773 1620 1817 1654 et

107 1667 429 1710 Bernhardv
461 1668 583 1721 Synt.
615 1683 656 1739 p.
689 1669 790 1713 391.

227 1727 276 1766 Ι).
339 1719 374 1766 ὦ
405 1721 600 1780 ανδρες
629 1721 928 1780 Ἀθηναῖοι,
967 1721 1179 1777 ἀσπαζ]
1249 1719 1284 1765 ὦ
1324 1740 1411 1767 om.
1461 1727 1813 1769 Bod1.Ven.11.

110 1783 237 1827 Vind
272 1785 313 1823 b.
345 1784 446 1826 Par.
478 1783 530 1828 C.
538 1785 588 1824 Ι).
594 1783 696 1827 8..Τ
729 1797 813 1825 non
845 1789 1018 1839 praeter
1047 1796 1186 1824 usum.

223 1841 418 1892 μᾶλλον
448 1843 519 1896 τῷ
548 1841 690 1896 θεῷ]
753 1842 828 1883 Sic
868 1842 1022 1895 optimi
1062 1841 1190 1884 codd.
1234 1854 1330 1882 cum
1370 1841 1469 1883 Bas.
1501 1843 1542 1885 2.
1575 1848 1616 1883 et
1652 1842 1812 1885 Euseb.

115 1899 252 1950 vinno
287 1905 379 1939 erat
412 1899 470 1954 τῷ
499 1899 595 1953 θεῷ
625 1914 664 1950 μ.

227 1971 288 1996 ov
320 1954 386 2009 μή
419 1954 699 2008 παύσωμαι
732 1960 811 2012 φ.]
855 1958 902 2002 V,
936 1954 1185 2007 παύσομαι,
1199 1957 1317 2009 quod
1351 1971 1376 1999 e
1410 1956 1532 2000 Bodl.
1570 1957 1672 1997 Vat.
1709 1957 1814 1998 Ven.

269 1207 381 1251 ,61
418 1206 467 1247 C.
499 1206 650 1262 Symp.
683 1207 781 1251 222.
818 1210 865 1248 Α.
899 1220 969 1246 res
1001 1208 1127 1247 aliter
1158 1205 1299 1247 habet.

667 294 711 344 εὶ
768 279 869 341 οὖν
913 310 1009 356 με,
1056 284 1191 357 ὅπερ
1239 287 1422 349 εἶπον,
1465 291 1551 342 ἐπὶ
1598 287 1814 352 τούτοις
1859 283 1912 335 D

110 2073 165 2113 de
191 2073 263 2123 iis,
291 2073 387 2125 qui
419 2073 518 2113 aliis
540 2086 656 2113 non
692 2078 916 2125 parent,

110 2144 216 2170 non
247 2130 667 2183 morigerantur
689 2136 740 2170 et
765 2132 919 2171 obse-

111 2194 354 2241 quuntur
383 2194 729 2240 propterea,
775 2189 920 2240 quod

110 2247 187 2286 iis
220 2251 423 2298 negant
452 2246 638 2285 fidem.
689 2244 835 2285 Docte
866 2242 921 2285 de'

111 2303 196 2343 hoc
250 2303 384 2343 verbo
436 2303 740 2343 disseruerunt
795 2303 920 2342 Val-

112 2361 331 2400 ckenar.
365 2360 421 2400 ad
459 2361 674 2402 Herodot.
706 2360 782 2399 Vi.
822 2359 920 2403 108.

111 2418 412 2458 Fischerus
463 2418 521 2458 ad
567 2418 608 2457 h.
663 2418 691 2457 l.
731 2430 774 2468 Ρ.
823 2417 922 2460 113.

111 2475 417 2516 Heindorf.
448 2475 506 2515 ad.
529 2475 758 2515 Theaetet.
794 2474 829 2524 §.
851 2475 922 2518 11.

112 2531 188 2574 Sic
214 2528 405 2574 απιστειν
427 2534 619 2585 positum
639 2533 770 2573 etiam
783 2533 924 2586 Legg.

113 2590 298 2660 X11.p.
331 2589 431 2634 941.
463 2589 512 2630 C.
545 2597 588 2631 et
619 2590 676 2630 al.

171 2643 255 2699 ἐφ’
301 2639 397 2703 ᾦτε
440 2671 497 2678 —-
549 2648 924 2701 φιλοσοφεῖν]

112 2705 182 2746 De
204 2707 286 2746 hac
313 2707 642 2747 construetione
660 2719 700 2745 v.
727 2706 925 2748 Matth.

114 2765 154 2814 §-
184 2761 285 2808 479.
320 2778 361 2805 a.
390 2762 538 2804 Rost.
574 2766 615 2816 §-
647 2763 746 2806 125.
769 2763 811 2807 8.
834 2771 925 2804 not.

113 2821 182 2864 12,
226 2822 311 2862 Pro
353 2819 400 2861 ἐν
440 2818 570 2872 ταύτῃ
608 2817 778 2876 ζητήσει
808 2823 925 2862 Hir-

115 2879 292 2931 schig.
325 2879 501 2932 scripsit
538 2880 585 2919 in
621 2876 667 2917 ἐν
712 2877 839 2931 ταύτῃ
878 2881 928 2932 τῇ

115 2933 302 2987 ἐξετάσει
343 2937 440 2977 coll.
484 2949 525 2988 p.
566 2934 634 2979 28.
678 2937 732 2976 Ε.
767 2937 835 2980 23.
872 2939 923 2980 Β.

115 2993 186 3038 38.
217 2995 275 3034 A.
307 2994 413 3034 Non
444 3005 571 3046 opus,
604 2995 780 3046 opinor.

172 3050 230 3094 D.
296 3046 604 3102 ἀσπάζομαι
672 3050 768 3101 μὲν
836 3054 924 3093 καὶ

119 3108 285 3162 φιλῶ]
362 3104 649 3161 Ἀσπάζεσθαι
706 3114 772 3150 est
831 3113 928 3151 ali-

117 3179 278 3218 quem
297 3168 552 3208 salutare
584 3168 688 3217 ita,
721 3173 779 3206 ut
813 3182 929 3209 eum

115 3221 510 3276 amplae-‘carim
552 3224 690 3276 φιλεῖν
722 3226 931 3267 saluta-

118 3293 173 3321 re
204 3282 435 3334 aliquem
466 3284 570 3334 ita,
610 3288 672 3321 ut
703 3295 817 3324 eum
847 3297 932 3324 os-

120 3339 348 3380 culeris.
380 3339 437 3380 H.
478 3342 510 3380 l.
547 3340 799 3392 significant
826 3342 936 3383 haee

120 3396 282 3439 verba:
327 3403 489 3449 grato
523 3399 788 3450 laetoque
826 3401 934 3439 ani-

1003 2085 1084 2112 mo
1123 2067 1366 2124 vestiam
1409 2068 1815 2126 h{umanitatem

1005 2136 1060 2169 et
1111 2129 1459 2169 elementiam
1504 2131 1818 2181 amplector

1006 2194 1172 2238 atque
1203 2198 1457 2226 veneror.
1477 2187 1628 2238 Lysid.
1650 2199 1692 2239 Ρ.
1717 2187 1816 2231 217.

1007 2243 1059 2283 Β.
1104 2239 1378 2294 αναγκάζεται
1425 2241 1470 2282 δέ
1510 2258 1558 2296 γε
1599 2245 1718 2294 σῶμα
1750 2244 1817 2284 διὰ

1008 2299 1146 2341 νόσον
1166 2295 1638 2354 ιἀτρικὴνᾶσπάζεσθαι
1656 2304 1723 2342 καὶ
1749 2317 1818 2353 φι-

1009 2361 1106 2399 asty.
1149 2360 1286 2410 Legg.
1326 2359 1409 2398 111.
1450 2359 1549 2403 689.
1583 2365 1638 2400 A.
1679 2358 1726 2400 τὸ
1772 2359 1819 2400 δὲ

1012 2431 1097 2457 πον
1102 2414 1211 2470 ηρὸν
1242 2415 1310 2455 καὶ
1339 2413 1493 2456 α’δικον
1523 2415 1687 2457 δοκοῦν
1709 2412 1818 2458 εἶναι

1013 2476 1126 2525 φιλεῖ
1156 2489 1198 2514 τε
1229 2488 1296 2514 και
1329 2469 1568 2526 ἀσπάζεται.
1617 2476 1686 2516 De
1721 2490 1818 2518 sen-

1012 2535 1152 2574 tentia
1209 2533 1464 2575 ve1·:borum
1515 2535 1714 2583 πείσομαι
1774 2532 1821 2573 δὲ

1014 2591 1214 2642 μᾶλλον
1258 2590 1325 2644 τῷ
1363 2589 1474 2643 θεῷ
1514 2593 1632 2631 conf.
1664 2605 1817 2632 vocem

1020 2650 1136 2690 Petri
1167 2648 1523 2700 Aen-*ApostoL
1555 2648 1597 2699 5,
1631 2649 1700 2692 29.

1073 2706 1159 2746 καὶ
1191 2703 1644 2762 ἐνδεικνύμενος]
1692 2708 1819 2748 Idem

1012 2766 1133 2805 verbi
1174 2777 1279 2804 usus
1321 2770 1387 2803 est
1427 2779 1463 2805 c.
1494 2765 1580 2805 IX.
1613 2773 1721 2805 extr.
1763 2766 1820 2818 τῷ

1010 2823 1105 2888 θεῷ
1165 2821 1354 2874 βοηθῶν
1411 2821 1693 2873 ἐνδεικνυμαι,
1755 2820 1820 2862 ὅτι

1013 2875 1096 2920 οὐκ
1125 2878 1212 2919 ἔστι
1245 2876 1407 2930 σοφός.

1068 2937 1148 2978 εἰς
1207 2939 1413 2988 σοφίαν
1489 2939 1577 2978 καὶ
1635 2936 1826 2990 ἰσχύν]

1009 2997 1120 3036 Voc.
1154 2992 1277 3046 ἰσχὺν
1306 3008 1396 3036 non
1428 2996 1480 3036 de
1501 2997 1714 3048 potentia,
1744 2997 1822 3037 sed

1011 3055 1064 3094 de
1094 3054 1227 3094 animi
1245 3055 1549 3105 magnitudine
1571 3060 1614 3094 et
1642 3055 1820 3095 fortitu-

1016 3113 1118 3151 dine
1158 3111 1460 3164 accipiendum
1507 3125 1603 3153 esse
1645 3114 1821 3165 egregie

1018 3169 1169 3209 docuit
1198 3169 1359 3209 Fisch
1377 3183 1520 3210 erus.
1579 3168 1694 3210 Nam
1726 3183 1821 3210 ver-

1017 3227 1074 3266 ba
1113 3228 1342 3278 sequentia
1380 3228 1540 3270 docent
1581 3224 1703 3278 ἰσχὺν
1744 3241 1822 3279 op-

1018 3285 1124 3336 poni
1160 3297 1289 3325 curae
1317 3291 1360 3324 et
1385 3286 1532 3325 studio
1556 3285 1822 3333 divitiarum,

1018 3343 1215 3389 honoris,
1247 3343 1406 3385 laudis.
1440 3342 1644 3383 Ceterum
1670 3343 1823 3382 eodem

1021 3400 1153 3439 modo
1186 3400 1254 3440 De
1285 3401 1395 3453 Rep.
1431 3401 1509 3440 VI.
1555 3414 1596 3452 Ρ.
1635 3398 1735 3442 494.
1776 3400 1823 3437 C.

1358 3472 1452 3523 8.
