2158 3718
385 141 458 191 56
1007 137 1434 188 PLATONIS

297 299 338 349 c
373 283 408 355 ἦ
455 294 529 358 γε
559 288 863 362 φιλοσοφία
909 286 1000 338 καὶ
1046 281 1078 348 ὴ
1122 283 1587 356 φιλογυμναστία.
1639 262 1858 357 οὐῖιοὲρ,
1895 283 2065 358 οἶμαι,

320 440 321 443 ¹
379 374 642 448 συμφέρει
675 378 793 433 τοῖς
819 364 1052 438 ἄρχουσι
1082 364 1421 441 φρονήματα
1458 363 1672 437 μεγάλα
1709 373 2067 440 ἐγγίγνεσθαι

379 457 492 511 τῶν
536 452 881 524 ἀρχομένων,
941 448 1067 505 οὐδὲ
1124 453 1315 524 φιλίας
1358 449 1584 523 ἰσχυρὰς
1623 455 1716 507 καὶ
1760 459 2064 520 κοινωνίας,

378 537 409 596 ὃ
454 535 521 606 δὴ
563 536 805 609 μάλιστα
850 538 996 610 φιλεῖ
1040 530 1109 588 τοί
1174 555 1230 590 τε
1282 531 1427 589 ἄλλα
1472 535 1660 590 πάντα
1721 540 1815 593 καὶ
1857 536 1889 594 ὁ
1934 543 2069 610 ἔρως

377 629 639 696 ἐμποιεῖν.
684 623 824 692 ἔργῳ
871 622 926 673 δὲ
972 621 1139 673 τοῦτο
1185 620 1434 689 ἔμαθον
1470 623 1562 674 καὶ
1622 626 1676 676 οἱ
1718 620 1930 679 ὲνθάδε
1971 623 2068 678 τύ-

380 724 606 780 ραννοι·
654 701 684 760 ὁ
733 700 840 776 γὰρ
879 702 1347 775 Αριστογείτονος
1389 705 1524 776 ἔρως
1565 709 1658 760 καὶ
1699 703 1734 773 ἡ
1770 704 2068 779 Ἁρμοὸίου

380 793 539 866 φιλία
579 791 805 861 βέβαιος
847 792 1107 858 2evopaev72
1153 790 1443 843 κατέλυσεν
1489 786 1677 845 αὐτῶν
1725 787 1828 857 τὴν
1871 790 2070 864 ἀρχήν.

382 871 559 939 οὕτως
601 864 665 929 οὗ
696 876 798 945 μὲν
825 869 1055 943 αἰσχρὸν
1097 875 1267 939 ἐτέθη
1291 874 1628 945 χαρίζεσθαι
1656 879 1927 944 ἐρασταῖς,
1971 897 2072 931 κα-

381 962 476 1030 κία
519 960 632 1013 τῶν
678 961 931 1029 θεμένων
971 967 1177 1020 κεῖται,
1223 959 1336 1011 τῶν
1376 959 1478 1028 μεν
1519 953 1807 1029 ἀρχόντων
1850 963 2074 1016 πλεονε-

284 1055 326 1106 1)
376 1042 495 1124 ξία,
534 1044 645 1097 τῶν
687 1044 744 1097 δὲ
776 1039 1099 1113 ἀρχομένων
1131 1039 1439 1113 ἀνανδρία·
1486 1033 1552 1096 οὗ
1583 1044 1639 1097 δὲ
1682 1039 1857 1099 καλὸν
1884 1041 2074 1110 ἁπλῶς

379 1129 683 1199 ἐνομίσθη,
724 1123 832 1181 διὰ
874 1122 981 1192 τὴν
1026 1127 1138 1180 τῶν
1183 1127 1438 1196 θεμένων
1477 1127 1576 1193 τῆς
1624 1129 1809 1203 ψυχῆς
1851 1125 2074 1202 ἀργίαν.

495 1292 545 1333 C.
605 1291 973 1344 ἐγγίγνεσθαι
1014 1292 1115 1328 τῶν
1152 1286 1497 1344 ἀρχομένων]
1537 1294 1632 1336 τοῖς
1675 1288 1935 1345 ἀρχομένοις
1969 1290 2073 1333 Bas.

380 1349 422 1394 2.
458 1348 562 1393 Ven.
599 1350 643 1391 Ξ.
676 1353 720 1390 et
750 1358 880 1400 supra
910 1357 1083 1387 versum
1120 1345 1245 1387 vind.
1280 1345 1322 1389 2.

396 1492 424 1535 Γ
495 1434 591 1476 καὶ
630 1432 656 1487 ἡ
693 1431 999 1487 Ἁρμοδίου
1038 1430 1225 1486 φιλία]
1280 1431 1331 1476 V.
1363 1430 1385 1484 ἡ
1423 1431 1587 1484 aberat,
1631 1437 1804 1486 praeter
1835 1430 1964 1476 fidem
1995 1446 2073 1476 co·

383 1505 542 1535 «icum.

496 1578 547 1620 D.
589 1577 643 1618 ἐν
659 1574 732 1618 θᾰ
747 1575 801 1616 δε
833 1575 882 1616 δὲ
914 1573 1066 1627 πολύ]
1100 1574 1143 1614 δὲ
1164 1577 1344 1628 propter
1366 1573 1536 1616 finalem
1558 1574 1801 1629 praegressi
1823 1587 1919 1619 voc.
1943 1575 2072 1630 sylla-

435 1719 522 1760 καὶ
551 1736 573 1771 η
608 1733 664 1773 γε
692 1718 998 1772 φιλοσοφία
1031 1716 1118 1756 καὶ
1147 1715 1167 1768 ἡ

379 1776 509 1832 φιλ.]
558 1774 670 1819 Nam
695 1787 924 1830 puerorum
956 1787 1093 1826 amor,
1125 1778 1175 1816 ut

377 1836 488 1877 bene
519 1834 722 1875 observat
760 1831 1175 1886 Remdersius,

378 1897 426 1934 ut
462 1891 692 1946 plurimum
739 1891 779 1932 in
824 1890 1176 1944 philosophorum

378 1949 534 1991 scholis
583 1952 627 1990 et
672 1948 904 2004 gymnasiis
948 1947 1179 1988 oriebatur.

378 2019 418 2046 v.
461 2007 633 2048 Cicer.
671 2005 847 2047 Tuscul.
892 2005 962 2046 lv.
1018 2003 1088 2049 33.
1137 2007 1182 2044 et

378 2063 521 2106 Pnat.
560 2063 700 2118 Legg.
731 2062 763 2105 1.
801 2061 898 2106 636
937 2062 985 2103 Β.
1043 2061 1180 2103 Prae-

379 2125 501 2163 terea
546 2120 659 2162 conf.
728 2117 1017 2162 Demosth.
1076 2117 1181 2159 Phi-

381 2178 486 2233 lipp.
523 2178 556 2220 Ῑ.
588 2192 629 2233 p
670 2177 750 2222 51.
791 2176 926 2232 ὥςπερ
968 2176 1011 2215 οι
1060 2173 1181 2228 Βάρ-

380 2238 513 2291 βαροι
581 2234 878 2276 ntursv'ovnm
973 2233 1179 2274 Ceterum

378 2298 482 2349 post
522 2292 658 2334 τοῦτό
675 2307 739 2349 γε,
772 2290 916 2334 istud
947 2290 1177 2343 quidem

381 2354 420 2392 Ιι.
431 2365 468 2393 e.
481 2350 763 2422 παιδεραστίι
769 2381 782 2402 ,
812 2354 930 2391 recte
961 2347 1058 2388 dein
1078 2347 1182 2388 snb-

375 2408 539 2450 ficitur:
589 2408 660 2448 καὶ
699 2406 727 2460 ἧ’
763 2421 811 2463 γε
853 2421 899 2459 φ.
930 2419 966 2445 κ.
998 2420 1039 2444 τ.
1073 2405 1111 2444 λ.
1145 2404 1175 2444 ἰ.

379 2478 420 2507 e.
452 2470 619 2519 atque
649 2465 782 2507 adeo
813 2461 1177 2518 philosophia

379 2527 434 2564 et
472 2522 864 2576 gymnastices
907 2518 1172 2561 studium.

377 2579 526 2621 Locus
557 2584 624 2621 est
656 2578 987 2621 sincerissimus.

437 2637 487 2678 C.
546 2634 943 2690 φρονήματα
972 2636 1175 2673 -τῶν

378 2692 732 2765 ἀρχομένων]
768 2691 1064 2746 Exspectabas
1095 2689 1172 2731 da-

377 2750 510 2790 tivum
559 2755 652 2794 τοῖς
703 2748 884 2802 ἆρχομέι
885 2763 934 2787 οι
923 2765 982 2799 ι,ς
1042 2760 1169 2800 quem

377 2811 468 2847 tres
497 2806 620 2848 codd.
654 2819 751 2848 cuni
787 2806 852 2848 ed.
898 2806 995 2847 Bas,
1021 2803 1062 2847 2.
1098 2817 1174 2846 ex-

376 2862 536 2905 hibent.
605 2863 694 2904 Sed
743 2863 921 2905 duarum
976 2859 1174 2903 con'stru-

377 2921 565 2963 ctionum
597 2920 846 2962 confusione
864 2921 1072 2974 genitivus
1103 2933 1173 2961 re-

376 2976 519 3020 fertur
546 2978 600 3019 nd
633 2975 890 3032 φρονήματα
913 2976 1092 3031 μεγάλι,
1124 2982 1173 3019 nt

377 3035 554 3077 verbum
577 3036 714 3104 &yflyv
697 3038 847 3076 νεσθαι
876 3041 1060 3089 ponatur
1079 3035 1171 3076 sine

378 3091 553 3145 dativo,
595 3093 707 3135 sicut
742 3105 843 3134 mox
875 3092 1075 3134 dicitur‘
1061 3113 1081 3134 0
1119 3093 1168 3144 δὴ

375 3149 570 3206 μάλιστα
601 3152 720 3206 φιλεῖ
746 3173 800 3181 -
819 3144 1035 3205 ἔαποιεῖν.
1099 3151 1174 3192 Sic

378 3208 505 3250 etiam
545 3209 611 3250 De
655 3208 766 3260 Rep.
810 3207 859 3248 V.
903 3221 944 3262 p
987 3207 1081 3251 464
1120 3209 1170 3249 D

374 3277 503 3319 quem
539 3267 679 3308 iocum
708 3265 1023 3308 Rfickertus
1054 3279 1173 3307 com-

374 3324 556 3376 paravit.

431 3377 459 3456 εἲ
496 3380 551 3433 δὴ
582 3379 828 3437 μάλιστα
859 3379 1041 3436 φιλεῖ]
1074 3379 1111 3423 h.
1137 3397 1174 3425 e.

1259 1716 1416 1758 solet
1457 1715 1738 1770 efficere,
1787 1721 1836 1759 ut
1875 1715 1984 1760 infra
2023 1732 2069 1789 p.

1259 1773 1355 1818 188.
1396 1773 1449 1814 Β.
1503 1774 1676 1819 Menex.
1722 1787 1764 1828 p.
1808 1773 1910 1819 242.
1949 1778 2009 1818 Α·
2042 1772 2069 1817 ⁰¹

1263 1830 1314 1892 δὴ
1345 1831 1460 1884 φιλεῖ
1492 1832 1535 1871 ἐκ
1577 1835 1661 1872 ’τῶν
1701 1829 1944 1886 ἀνθρώπων
1972 1837 2067 1881 τοῖς

1264 1904 1309 1929 ευ
1334 1887 1533 1944 πράττοι
1537 1904 1578 1928 σι
1595 1891 1894 1943 προςπίπτειν.
1928 1890 2067 1946 Legg.

1263 1946 1336 1989 VI.
1369 1959 1408 2000 p
1438 1944 1534 1988 766.
1564 1948 1622 1987 Α·
1655 1948 1854 1992 παιδείας
1884 1949 1961 2001 μὲν
1989 1947 2070 2002 ἆρ-

1267 2007 1355 2055 θῆς
1384 2001 1520 2055 τυχόν
1554 2024 1605 2032 --
1628 2003 1872 2045 θειότατον
1902 2003 2070 2059 ἡμερώ-

1264 2058 1401 2101 τατόν
1439 2075 1486 2100 τε
1527 2059 1630 2109 ζῶον
1667 2063 1896 2115 γίγνεσθαι
1912 2065 2066 2174 ρφιλεῖ.

1264 2118 1429 2160 Phileb
1463 2131 1504 2172 p.
1547 2117 1616 2161 37.
1662 2119 1713 2160 Β.
1755 2119 1869 2163 Tim.
1995 2121 2067 2167 89

1268 2175 1326 2246 Ε.
1360 2173 1450 2219 δυ’Ξι
1438 2192 1464 2215 α
1496 2173 1660 2228 ψευδής
1696 2191 1743 2218 τε
1783 2176 1855 2218 καὶ
1893 2177 2071 2232 ἀληθὴς

1265 2231 1368 2288 ἡμῖν
1401 2250 1448 2287 φι
1434 2234 1516 2273 ιλεῖ
1542 2235 1786 2287 γίγνεσθαι.
1819 2236 1876 2278 al.

1323 2289 1383 2331 τά
1415 2305 1469 2331 τε
1500 2289 1635 2332 ἄλλα
1667 2307 1846 2333 παντα
1876 2307 1914 2333 κ.
1947 2309 1987 2336 τ.
2004 2293 2067 2348 L]

1267 2346 1306 2392 h.
1339 2362 1375 2390 e.
1397 2361 1537 2417 ‘prae
1568 2350 1784 2391 ceteris
1814 2351 2068 2392 omnibus

1267 2408 1505 2448 maxime
1553 2420 1714 2450 amor.
1785 2407 1857 2450 Sic
1909 2409 2068 2451 Graeci

1267 2463 1539 2516 frequentant
1568 2464 1704 2509 ἄλλως
1734 2480 1779 2506 τε
1813 2465 1900 2515 καὶ,
1931 2482 1984 2506 τα
2015 2481 2063 2507 τε

1262 2519 1374 2560 ἄλλα
1415 2522 1498 2560 καί.
1543 2535 1582 2563 v.
1626 2522 1734 2563 infra
1789 2535 1827 2576 p.
1869 2522 1968 2568 220.
2014 2527 2065 2567 A.

1262 2579 1388 2630 Apol.
1438 2577 1508 2622 36.
1557 2579 1754 2622 Asci-it.
1800 2592 1841 2632 p.
1885 2580 1956 2622 52.
2006 2581 2056 2624 C.

1260 2635 1445 2676 Phaedr.
1478 2649 1518 2688 p.
1551 2635 1650 2680 257.
1677 2640 1725 2676 Α.
1758 2635 1853 2677 Non
1885 2642 1952 2678 est
1982 2636 2066 2690 igi-

1258 2695 1327 2732 tur
1366 2692 1482 2744 quod
1528 2706 1623 2734 cum
1667 2692 2064 2736 Schieierma-

1260 2747 1425 2790 chero
1466 2762 1544 2803 pro
1584 2748 1667 2790 πάν
1648 2765 1724 2790 vm
1766 2751 1889 2792 malis
1921 2757 2063 2794 ταῦτα

1261 2806 1358 2858 legi.
1397 2806 1554 2848 Verum
1586 2809 1695 2849 vidit
1728 2807 1940 2852 Astius.

1318 2862 1339 2903 ὁ
1373 2862 1471 2919 γὰρ
1498 2863 2063 2922 ’Λριστογείτονος-]

1258 2921 1350 2962 Res
1401 2922 1505 2963 satis
1565 2929 1664 2964 nota
1730 2930 1809 2966 est.
1887 2926 1924 2967 Ι
1930 2926 2065 2968 nudat

1258 2978 1503 3020 Wolfius
1545 2982 1751 3025 Aelian.
1811 2982 1860 3024 V.
1893 2976 1949 3025 H.
1981 2983 2060 3025 XI.

1255 3036 1295 3079 8.
1347 3035 1401 3077 ad
1448 3051 1629 3091 eumque
1683 3040 2061 3086 Perizonium.

1260 3094 1391 3135 Plura
1422 3094 1539 3136 dabit
1572 3096 1846 3138 Meursius
1875 3099 1917 3139 in
1947 3099 2062 3140 Pisi-

1260 3157 1396 3192 strato
1429 3165 1465 3193 c.
1499 3154 1614 3195 xm.
1667 3155 1872 3197 Ceterum
1907 3156 2059 3197 horum

1262 3210 1530 3262 Aristogiton
1574 3211 1654 3252 fuit
1691 3218 1889 3265 amator,
1944 3213 2059 3255 Har·

1260 3266 1428 3308 modius
1467 3272 1661 3320 amatus,
1717 3269 1757 3310 id
1798 3269 1912 3323 quod
1955 3271 2059 3311 satis

1261 3325 1480 3366 declarant
1524 3326 1654 3366 verba
1699 3327 1799 3377 ἔρως
1839 3332 1883 3370 et
1923 3328 2061 3384 φιλία,

1261 3382 1313 3426 cf.
1351 3382 1586 3436 Hipparch.
1615 3396 1656 3437 p.
1694 3382 1794 3427 929.
