2158 3718
333 98 437 155 200
935 97 1412 152 PLATONIS

333 265 422 298 τοι
467 241 532 308 δὴ
575 243 842 319 ἀφῖκται,
906 243 1050 298 ἀλλὰ
1113 247 1259 300 δοκεῖ
1314 251 1412 314 μέν.
1461 244 1749 316 μοι-ἥξειν
1787 245 2028 317 τήμερον

333 329 388 394 ἐξ
430 321 506 381 ὧν
547 326 986 398 ἀπαγγέλλουσιν
1032 326 1256 394 ἥκοντές
1283 351 1428 394 τινες
1471 327 1586 385 ἀπὸ
1635 333 1890 386 Σουνίου
1936 333 2030 386 καὶ

335 411 738 478 καταλιπόντες
797 420 900 468 ἐκεῖ
954 410 1114 466 αὐτό.
1176 417 1347 481 δῆλον
1401 407 1503 469 οὖν
1548 421 1604 470 ἐκ
1662 413 1880 470 τούτων
1922 417 2032 469 τῶν

338 497 610 566 ἀγγέλων,
668 496 754 552 ὅτι
814 497 926 563 ἥξει
971 496 1238 569 τήμερον,
1296 502 1388 554 καὶ
1430 498 1650 568 ἀνάγκη
1698 497 1764 566 δὴ
1813 505 1889 564 εἰς
1931 497 2034 554 αὕ-

338 604 463 652 ριον
507 586 673 643 ἔσται,
723 575 762 636 ὦ
811 581 1130 652 Σώκρατες,
1175 581 1276 638 τὸν
1318 586 1443 653 βίον
1486 604 1544 639 σε
1591 586 1870 639 τελευτᾶν.

465 662 604 742 Cap.
651 662 726 720 ΙΙ.

815 665 946 720 ΣΩ.
999 665 1168 732 Ἀλλ’,

1236 659 1261 683 ⁴5

1223 690 1262 720 w
1316 671 1562 738 Κρίτων,
1623 668 1758 745 τύχῃ
1814 667 2035 744 ἀγαθῇ.

456 857 505 900 Ι).
566 855 700 897 αλλὰ
739 860 893 900 δοκεῖ
934 863 1022 913 μέν
1057 875 1152 912 μοι
1185 858 1250 928 ,ἦ
1236 860 1368 914 ζειν]
1407 859 1531 902 Bodl.
1565 861 1679 904 Ἰιὼ.
1715 860 1830 903 Flor.
1864 861 1902 906 ΙΙ.
1938 862 2037 903 Par.

341 915 390 955 Ι).
423 914 535 955 Ven.
571 916 610 958 b
649 917 817 966 δοκεῖν,
860 918 975 970 quod
1011 918 1091 958 fuit
1123 919 1195 970 qui
1230 924 1335 959 noto
1366 921 1438 959 illo
1470 919 1741 960 attractionis
1771 932 1931 972 genere
1962 920 2040 961 de-

336 971 550 1020 senderet
582 987 666 1025 quo
701 976 928 1016 infinitivus
961 989 1014 1017 ex
1046 974 1291 1028 parenthesi
1314 978 1500 1028 pendet:
1534 977 1588 1017 de
1610 990 1698 1030 quo
1720 991 1758 1016 v.
1776 977 1830 1018 ad
1855 972 2037 1019 Phaedr.

339 1045 379 1084 p
420 1031 516 1075 272
569 1033 618 1072 D.

339 1091 556 1143 explicatt.

339 1237 421 1275 tur.
484 1232 634 1284 ltaque
666 1233 785 1275 locus
814 1235 876 1275 sic
907 1234 1146 1287 intelligen-

342 1289 420 1330 dus
461 1295 553 1332 est.
603 1303 665 1330 an
707 1304 833 1333 vero
877 1293 1030 1332 navis
1072 1304 1146 1332 re-

342 1348 475 1399 diit,
510 1361 620 1408 qna
657 1363 882 1391 reversa
916 1354 998 1392 etc.
1062 1350 1151 1390 lta-

340 1418 423 1458 que
456 1418 560 1446 cave
593 1410 614 1457 ἡ
651 1407 980 1450 desideraveris,
1044 1407 1149 1447 Ver-

341 1465 391 1503 ba
427 1463 554 1507 haec·
587 1469 636 1503 οὑ
677 1465 744 1505 δεῖ
766 1487 822 1495 ——-
849 1463 1152 1506 ἅτωτεθνάναι

343 1535 419 1573 με;
463 1521 731 1576 Hirschig.
774 1528 974 1576 tanquam
1017 1522 1151 1576 inepti

342 1580 597 1631 magistelli,
643 1587 690 1621 ut
729 1582 812 1631 ait,
858 1583 1150 1633 importunum

340 1637 765 1689 interpretamentum
789 1638 1028 1679 abiicienda
1051 1652 1150 1679 cen-

341 1700 432 1742 set,
476 1695 573 1747 quia
620 1709 689 1737 res
724 1703 766 1737 et
798 1695 962 1737 Critoni
993 1701 1037 1738 et
1069 1696 1153 1735 So-

339 1753 468 1792 cratis
501 1756 752 1805 aequalibus
786 1755 892 1795 satis
917 1759 1019 1795 nota
1053 1754 1153 1794 fu'e-

339 1810 408 1856 rit.
443 1815 488 1850 ut
521 1824 617 1851 eam
654 1813 904 1853 accuratius
934 1825 1154 1864 exponere

339 1867 467 1908 suerit
500 1869 755 1912 absurdum.
797 1869 885 1910 Sed
908 1870 1152 1922 neutiquam

340 1925 531 1967 otiosum
565 1927 753 1979 videtur,
792 1927 910 1980 quod
945 1928 1153 1968 Socrates

343 1984 548 2025 continno
585 1986 711 2026 etiam
755 1985 965 2026 moriendi
994 1990 1152 2026 ‘'neces-

346 2042 517 2083 sitatem
563 2043 643 2082 sibi
690 2044 920 2085 instantem
965 2055 1158 2084 comme-

345 2105 498 2141 morat.
574 2100 670 2141 Nec
728 2114 832 2141 vero
884 2101 988 2143 talia
1041 2100 1155 2154 apud

343 2157 574 2199 Platonem
651 2160 857 2199 continuo
916 2158 1158 2200 abiicienda

345 2228 444 2256 esse
478 2215 706 2257 docuimus
736 2215 789 2258 ad
817 2220 1005 2270 Apolog.
1030 2217 1157 2258 Socr.

343 2287 387 2326 p.
419 2273 489 2316 23.
526 2273 576 2314 C.
610 2279 654 2314 et
687 2274 736 2317 E.
801 2274 862 2315 De
912 2288 990 2315 usn
1023 2274 1160 2315 infini-

347 2331 423 2372 tivi
449 2330 680 2382 τεθνάναι,
717 2345 796 2386 pro
821 2345 909 2385 quo
930 2337 1162 2383 exspectes

347 2387 655 2440 ἀποθνήσκειν,
669 2404 706 2431 v.
720 2389 772 2430 ad
793 2394 975 2444 apolog.
990 2390 1164 2432 Socrat.

349 2459 386 2487 (⁸.
416 2445 566 2489 XVII.
607 2469 656 2476 —·
720 2448 783 2487 De
814 2461 860 2488 re
897 2449 986 2501 ipsa
1020 2462 1057 2487 v.
1085 2447 1166 2487 Fi-

349 2503 588 2544 scherus
628 2503 680 2545 ad
726 2505 765 2545 h.
811 2506 836 2546 l.
879 2511 923 2547 et
963 2518 1074 2558 quae
1111 2503 1163 2544 ad

351 2560 575 2602 Phaedon.
619 2575 661 2615 p.
703 2562 773 2606 58.
817 2565 860 2604 A
891 2577 985 2616 sqq.
1029 2575 1166 2615 expo-

353 2620 537 2660 suimus,
601 2619 888 2661 Athenienses
922 2621 1034 2660 enim
1065 2633 1166 2672 pro·-

351 2682 528 2728 pterea‚
573 2676 686 2728 quod
742 2679 902 2730 Apollo
943 2677 1161 2718 Theseum

351 2746 450 2773 cum
491 2735 618 2773 sociis
652 2748 703 2775 ex
738 2735 868 2776 Creta
909 2736 1045 2775 insula
1078 2734 1165 2775 sal-

351 2803 453 2830 vum
487 2791 737 2840 reduxerat,
772 2793 1003 2844 quotannis
1034 2793 1163 2834 mise-

352 2853 454 2889 runt
498 2849 668 2900 publice
714 2852 884 2902 legatos
923 2851 961 2890 in
1011 2850 1164 2891 Delum

352 2907 535 2947 insulam
558 2937 567 2949 .
614 2907 684 2958 qui
717 2909 912 2960 Apollini
947 2920 1068 2948 sacra
1103 2906 1165 2947 fa—

352 2969 503 3004 cerent
543 2977 730 3016 eumque
775 2965 941 3017 hymnis
974 2965 1168 3006 celebra-

354 3026 462 3063 rent.
516 3021 574 3061 Hi
607 3022 738 3071 legati
767 3023 1022 3063 dicebantur
1055 3025 1169 3063 θεω-

354 3080 450 3132 ροί,
492 3091 527 3118 s.
563 3081 757 3131 θεωρία,
800 3094 823 3122 a
865 3080 999 3121 verbo
1033 3079 1170 3134 ὠρεῖν,

356 3137 394 3177 li.
430 3151 466 3175 e.
499 3136 767 3190 φροντίζειν,
806 3136 1094 3190 θεραπεύειν..
1129 3142 1172 3179 et

356 3194 529 3235 nomine
581 3193 712 3244 θεός,
767 3196 809 3239 h.
852 3209 890 3237 e.
946 3197 1171 3249 Apollo.

358 3251 460 3292 lude
494 3253 546 3292 ab
581 3266 633 3293 eo
658 3259 855 3307 tempore
889 3259 1051 3304 autem,
1085 3266 1171 3306 quo

357 3322 481 3350 sacra
540 3311 779 3363 legatorum
831 3312 950 3352 navis
1011 3323 1171 3352 corona

360 3370 502 3410 laurea
552 3372 704 3409 ornata
755 3375 870 3419 erat,
921 3381 1063 3422 usque
1111 3367 1167 3411 ad

682 1032 773 1074 Nos
809 1033 1082 1075 indicativum
1130 1035 1253 1074 unice
1295 1047 1443 1076 verum
1487 1042 1702 1088 putamus.

1235 1408 1318 1451 IV.
1350 1408 1406 1460 8,
1437 1409 1477 1451 2.
1523 1406 1748 1451 Phaedon.
1781 1409 1834 1449 in.

1772 1036 1836 1077 De
1874 1041 1951 1090 μέν
1999 1048 2039 1080 V.

1272 1234 1419 1276 ditum
1462 1237 1701 1286 legatorum
1743 1234 1866 1277 nefas
1911 1233 2042 1276 habe-

1234 1295 1360 1334 batur
1406 1292 1615 1345 supplicia
1659 1292 1713 1334 de
1755 1293 1925 1346 publice
1966 1292 2044 1332 da·-

1236 1351 1391 1393 mnatis
1423 1350 1548 1391 sumi.
1581 1350 1878 1403 V.Xenopl1.
1914 1349 2046 1390 Mem.

1895 1406 2043 1450 Quum

1238 1469 1372 1517 igitur
1414 1465 1670 1518 accidisset,
1715 1470 1761 1506 ut
1803 1465 1922 1507 navis
1961 1465 2047 1519 pri·

1240 1525 1326 1575 die,
1358 1538 1483 1576 quam
1519 1524 1727 1565 Socrates
1751 1523 2046 1574 damnaretur,

1239 1583 1384 1624 laurea
1426 1595 1586 1622 corona
1629 1588 1858 1624 ornaretur
1895 1586 1939 1622 et
1964 1580 2047 1622 ‘tri-

1240 1642 1359 1694 ginta
1401 1639 1553 1680 diebus
1591 1645 1692 1692 post
1729 1639 1917 1692 rediret,
1955 1638 2047 1679 >So-

1241 1703 1382 1739 crates
1413 1704 1514 1751 post
1545 1697 1863 1740 damnationem
1886 1697 1926 1738 in
1951 1708 2048 1738 car-

1241 1768 1340 1797 cere
1380 1760 1578 1796 versatus
1617 1761 1685 1796 est
1722 1755 1897 1809 triginta
1937 1754 2048 1797 dies.

1241 1827 1283 1853 v.
1324 1813 1543 1854 Phaedon.
1590 1826 1630 1866 p.
1661 1812 1733 1856 58.
1769 1816 1800 1855 Α
1836 1825 1932 1866 sqq.
1971 1811 2049 1854 ibi-

1240 1883 1324 1924 que
1357 1883 1451 1912 ann.
1482 1870 1726 1923 Xenoph.
1760 1873 1786 1914 Ι.
1820 1884 1858 1912 c.

1297 1929 1355 1972 D.
1432 1926 1564 1968 ἀλλὰ
1614 1929 1769 1969 δοκεῖ
1812 1931 1905 1982 μέν
1958 1941 2052 1980 μοι

1244 1982 1333 2036 ἦξε
1350 1985 1424 2039 ιν]
1479 1986 1628 2027 Possis
1668 1986 1959 2040 interpretari=
1999 1989 2053 2026 at

1242 2044 1468 2085 videtur
1525 2045 1742 2086 saltem.
1833 2043 2054 2084 Falluntur

1246 2104 1318 2154 qui
1357 2103 1397 2142 in
1440 2101 1597 2142 talibus
1639 2103 1716 2154 μὲν
1755 2101 1839 2142 vim
1876 2113 2054 2141 asseve-

1245 2159 1365 2200 randi
1419 2158 1577 2200 habere
1633 2163 1796 2211 putant.
1869 2158 1942 2199 Sic
1980 2161 2056 2210 μέν

1246 2229 1330 2258 non
1375 2217 1571 2257 subiecto
1616 2216 1666 2257 δέ
1701 2229 1834 2270 saepe
1885 2216 2056 2269 ponitur

1249 2275 1319 2316 ubi
1361 2273 1585 2328 praecedit
1623 2275 1837 2316 sententia
1874 2285 2054 2326 negans,

1250 2333 1474 2374 subiuncta
1497 2344 1576 2386 per
1605 2330 1713 2372 α’λλοὶ
1738 2331 1949 2374 sententia
1975 2330 2055 2372 ad·

1249 2391 1492 2439 versativa,
1545 2391 1612 2429 cni
1670 2391 1746 2439 μὲν
1797 2388 2055 2430 adnectitur.

1251 2447 1443 2502 Sophist.
1466 2460 1506 2499 p.
1531 2446 1628 2490 240.
1654 2447 1704 2489 B.
1727 2445 1930 2498 ου’δσμῶς
1951 2445 2057 2497 ἅλη-

1251 2503 1387 2545 θινόν
1444 2519 1510 2557 γε,
1570 2502 1678 2542 ἀλλ’
1742 2503 1880 2548 ἐοικὸς
1949 2507 2055 2556 μέν.

1249 2561 1431 2603 Theaet.
1476 2575 1517 2614 p.
1555 2562 1652 2605 201.
1697 2561 1750 2605 Β.
1803 2559 2058 2613 οὐδαμῶς

1248 2621 1374 2673 ἔγωγε
1407 2618 1557 2671 οἶμαι,
1597 2618 1730 2659 ἀλλὰ
1776 2623 1920 2659 πεῖσαι
1950 2622 2056 2672 μέν,

1249 2677 1366 2719 Men.
1401 2691 1440 2730 Ρ.
1472 2677 1542 2720 87.
1581 2682 1627 2719 Α.
1670 2676 1815 2716 οὔπω
1853 2675 1981 2726 οἶδα,
2023 2675 2061 2716 εὶ

1250 2738 1339 2775 ἔστι
1381 2733 1430 2774 τὸ
1477 2740 1710 2785 τοιοῦτον,
1764 2733 1873 2774 ἀλλ’
1925 2732 2060 2787 ὥςπερ

1251 2797 1343 2845 μέν
1374 2807 1469 2832 τινα
1499 2790 1524 2833 ι’
1531 2809 1584 2833 πο
1579 2791 1719 2833 ’θεσιν
1750 2791 1791 2832 οῗ
1779 2809 1875 2843 μαι
1894 2790 2060 2845 προήι-

1251 2866 1330 2904 you
1363 2851 1485 2901 ἔχειν.
1518 2851 1695 2900 Protao.
1722 2864 1764 2904 p.
1781 2850 1882 2894 344.
1911 2855 1960 2892 Λ.
1995 2846 2058 2889 ου

1252 2907 1334 2962 γὰρ
1376 2907 1515 2957 eim
1572 2907 1678 2948 ἀλλὰ
1720 2907 1927 2963 γενέσθαι
1969 2909 2062 2958 μέν

1253 2969 1383 3006 ἐστιν.
1430 2964 1612 3007 Phaedr.
1653 2979 1693 3019 p.
1734 2966 1833 3010 242.
1879 2964 1930 3005 C.
1975 2961 2063 3018 εἰμι

1257 3025 1334 3078 μὲν
1380 3022 1429 3074 δὴ
1471 3022 1627 3076 μάντις
1668 3027 1791 3076 μέν,
1835 3038 1895 3063 ου
1948 3020 2062 3063 πάνυ

1258 3082 1301 3122 δὲ
1332 3082 1584 3136 σπουδαῖος,
1614 3080 1724 3121 ἀλλ’
1762 3104 1811 3111 -
1834 3078 1938 3122 ὅσον
1967 3079 2063 3131 μὲν

1256 3141 1430 3194 ἐμαυτῷ
1473 3138 1610 3189 μόιον
1651 3137 1811 3184 ἱκανός.
1856 3139 1918 3178 De
1946 3138 2061 3191 Rep.

1259 3198 1307 3237 V.
1342 3210 1381 3248 p.
1416 3196 1514 3241 475.
1544 3196 1595 3237 Ε.
1627 3194 1890 3250 οὐδαμῶς,
1921 3194 2062 3244 εἷπον,

1255 3253 1368 3294 ἀλλ’
1423 3253 1604 3307 ὁμοίους
1646 3256 1739 3308 μὲν
1777 3251 2062 3305 φιλοσόφους.

1257 3312 1462 3354 Nimirum
1497 3313 1537 3353 in
1568 3312 1726 3353 talibus
1747 3310 1805 3360 id,
1836 3308 1951 3362 quod
1987 3320 2064 3349 an·

1257 3375 1328 3412 tea
1361 3374 1563 3424 negatum
1599 3374 1690 3421 est,
1736 3367 1789 3411 ad
1822 3366 2063 3410 adversati·
