2222 3762
389 147 455 222 es
994 141 1470 197 PLATONIS

391 290 673 360 Πρόδικος
718 289 746 345 ὁ
793 291 973 354 Κεῖος,
1019 294 1109 343 καὶ
1145 289 1362 352 Ἱππίας
1400 287 1427 344 ὁ
1467 287 1696 351 Ἠλεῖος.
1727 286 1936 343 τούτων
1973 285 2083 360 γὰρ

391 367 685 440 ἕκαστος,ὦ
717 372 928 445 ἂνδρες,
957 372 1074 437 οἶός
1102 372 1138 427 τ’
1179 376 1322 426 ἐστὶν
1352 371 1448 427 ὶών
1475 380 1548 436 εὶς
1577 372 1812 438 ἑκάστην
1845 375 1954 426 τῶν
1984 371 2081 427 πό·

393 463 528 514 λεων
562 457 691 522 τοὺς
725 466 891 522 νέους,
929 457 1010 521 οἷς
1043 459 1206 522 ἔξεστι
1234 459 1343 510 τῶν
1371 461 1581 511 ἑαυτῶν
1606 459 1848 511 πολιτῶν
1875 467 2081 528 προῖκα

389 544 629 609 ξυνεῖναι
659 536 700 613 ᾧ
724 541 796 597 ἂν
821 541 1150 613 βούλωνται,
1189 541 1422 605 τούτους
1449 545 1713 596 πείθουσι
1743 540 1841 603 τὰς
1867 546 2081 594 ἐκείνων

283 638 351 690 20
388 617 676 694 ξυνουσίας
707 625 1090 688 ἀπολιπόντας
1132 629 1285 698 σφίσι
1331 626 1569 692 ξυνεῖναι
1608 623 1868 696 χρήματα
1902 624 2081 679 διδόν-

385 735 487 776 τας
510 717 598 767 καὶ
618 710 786 784 χάριν
817 713 1174 782 προςειὸέναι.
1211 712 1324 763 ἐπεὶ
1350 713 1441 764 καὶ
1467 707 1635 773 ἄλλος
1659 708 1803 779 ἀνήρ
1828 715 1940 764 ἐστι
1958 708 2082 762 1Ιοὶ-

385 819 503 869 ριος
526 794 735 851 ἐνθάδε
763 791 1025 869 anepos-,321
1052 790 1151 863 ἐγώ
1178 792 1442 870 ᾐσθόμην
1458 796 1856 865 ἐπιδημοῦντα·
1886 797 2079 864 ἔτυχον

384 879 491 953 γάρ
523 877 853 952 προςελθών
890 875 1071 951 ἀνδρί,
1110 875 1171 941 ὃς
1211 882 1440 934 τετέλεκε
1488 876 1750 950 χρήματα
1788 889 2081 951 σοφισταῖς

501 1042 781 1099 Πρόδικος
823 1039 846 1083 ὁ
885 1042 1074 1094 Κεῖος]
1123 1041 1246 1082 Bodl.
1280 1042 1391 1081 Ven.
1424 1055 1461 1081 a.
1499 1040 1546 1084 Ξ.
1579 1041 1701 1082 Vind.
1732 1042 1773 1084 2.
1806 1040 1847 1084 5.
1878 1042 1917 1085 6.
1962 1040 2083 1082 Flor.

382 1120 422 1158 g.
456 1104 629 1145 Coislin.
662 1102 788 1152 Keos,
821 1108 869 1142 ut
894 1101 1022 1154 Reip.
1058 1099 1110 1141 X.
1147 1113 1186 1151 p.
1220 1099 1316 1142 600.
1353 1099 1398 1139 C.
1436 1099 1653 1152 Protagor
1699 1113 1737 1151 p.
1769 1098 1867 1142 314.
1897 1099 1946 1142 C.
1981 1099 2077 1139 Ari-

382 1162 523 1215 stoph.
569 1161 677 1202 Rau.
715 1160 815 1204 997.
857 1154 912 1198 οὐ
950 1158 1063 1199 Χῖος
1115 1152 1218 1197 ἀλλὰ
1256 1156 1377 1199 Keos.
1444 1157 1734 1198 Veruntamen
1776 1158 2098 1210 inscriptiones-

381 1220 491 1273 apud
533 1219 786 1260 Rroensted.
822 1216 966 1258 itiner.
1000 1217 1050 1259 N.
1086 1217 1123 1259 7.
1144 1221 1186 1256 et
1203 1215 1270 1258 10.
1305 1214 1465 1267 liquido
1498 1212 1715 1255 KEIOI
1743 1214 1912 1265 habent,
1948 1221 2079 1266 atque

380 1278 599 1319 Theocrit.
622 1276 815 1326 ld.XVl,
847 1273 915 1317 44.
953 1273 1219 1315 Simonidem
1253 1273 1440 1325 appellat
1472 1267 1626 1313 αόιδὸν
1656 1270 1732 1311 τὸν
1768 1271 1930 1326 Κήϊονι
1963 1271 2078 1312 unde

378 1336 515 1376 forma
550 1333 660 1374 Ktos
689 1347 772 1374 non
806 1332 953 1374 debuit
995 1331 1163 1384 probari
1201 1332 1320 1370 Astio
1353 1328 1598 1373 Commeat.
1631 1330 1683 1370 ad
1717 1330 1896 1380 Protag.
1930 1343 1972 1380 p.
2003 1327 2075 1372 44.

378 1392 580 1442 Accedit,
621 1391 734 1444 quod
766 1390 1034 1444 grammatici
1067 1394 1238 1429 veteres
1268 1392 1397 1438 atque
1429 1387 1596 1429 scribae
1636 1399 1712 1440 per
1751 1403 1779 1429 ι·
1807 1385 1972 1441 μακρὸν
2013 1388 2078 1428 in-

376 1452 634 1492 tellexerunt
664 1463 720 1503 ει,
761 1449 944 1489 docente
981 1448 1130 1488 Bastio
1161 1445 1213 1486 ad
1247 1446 1435 1498 Gregor.
1469 1444 1659 1487 Corinth.
1701 1459 1739 1498 p.
1779 1445 1910 1497 8923
1953 1443 2074 1499 diph-

375 1507 559 1561 thongus
593 1512 746 1548 autem·
773 1507 830 1560 τῷ
866 1521 878 1545 ι
909 1506 1042 1546 simile
1073 1504 1278 1557 quiddam
1311 1508 1449 1544 sonat.

375 1622 675 1671 cumtulerunt‚
716 1633 844 1672 quum
876 1620 1081 1659 Socrates
1122 1618 1185 1658 fa-

372 1679 606 1719 miliaribus
657 1679 744 1719 suis
815 1678 925 1718 nulla
983 1677 1185 1718 mercede

372 1736 437 1776 sui
487 1737 653 1789 copiam
706 1736 968 1788 impertiret,
1025 1735 1184 1787 quippe

373 1794 618 1835 doctrinam
649 1794 899 1835 existimans
932 1805 1057 1834 omne
1086 1806 1183 1845 pre-

371 1853 496 1903 tium,
538 1850 652 1904 quod
687 1850 866 1905 pecunia
917 1857 1070 1903 posset
1112 1863 1180 1891 re-

372 1909 516 1962 pendi,
545 1909 798 1962 longissime
822 1920 1027 1960 superare
1059 1907 1180 1961 (Xe-

371 1965 520 2019 noph.
561 1966 692 2010 Mem.
732 1967 764 2009 Ι.
805 1965 884 2019 6).
945 1965 1116 2006 Primus
1156 1979 1180 2005 a

374 2025 595 2076 discipulis
625 2024 711 2064 suis
731 2022 976 2064 mercedem
1006 2024 1173 2067 institu-

371 2082 503 2124 tionis
545 2082 746 2134 exegisse
786 2085 982 2122 narratur
1017 2080 1176 2122 Prota—

367 2153 498 2193 goras
532 2139 772 2189 Abderites,
807 2139 876 2192 qui
924 2140 1056 2180 etiam
1087 2140 1173 2193 pri·

364 2211 460 2238 mus
490 2196 723 2250 sophistam
764 2210 811 2238 se
848 2196 1060 2249 appellari
1092 2209 1169 2237 vo-

367 2257 471 2306 luit3
503 2255 539 2294 is
573 2255 685 2295 enim
723 2254 880 2296 dicitur
918 2266 1000 2294 non
1034 2255 1171 2295 minus

367 2313 610 2354 didactrum
641 2312 694 2352 ab
725 2312 991 2354 auditoribus
1019 2317 1171 2365 postu-

363 2372 525 2412 lavisse
542 2383 672 2422 quam
693 2376 864 2411 centum
883 2370 1034 2421 minas,
1065 2383 1174 2423 quae

364 2428 418 2470 ad
450 2433 624 2469 nostrae
658 2430 862 2480 pecuniae
883 2429 1070 2468 rationes
1103 2441 1164 2468 re-

367 2491 547 2527 vocatae
587 2484 772 2526 efficiunt
807 2484 898 2526 fere
929 2484 1045 2527 2500
1077 2485 1171 2525 loa-

367 2543 600 2584 chimicos:
646 2555 683 2585 v.
724 2543 950 2595 Diogen.
986 2542 1168 2583 Laert.

368 2599 441 2641 lX.
484 2599 554 2643 52.
594 2599 735 2650 ibique
765 2599 972 2651 Menag.
1007 2599 1169 2642 Quin-

362 2659 423 2698 til.
457 2657 530 2698 lll.
571 2657 612 2699 1.
644 2655 780 2698 Gell.
819 2669 860 2700 ν.
893 2655 963 2700 10.
1025 2656 1169 2698 Huius

362 2728 466 2756 vero
498 2715 742 2766 exemplum
776 2714 1001 2764 continuo,
1038 2719 1083 2755 ut
1111 2714 1171 2762 fit,

362 2772 531 2825 sequuti
571 2776 668 2812 sunt
700 2772 786 2822 alii,
817 2771 856 2812 in
891 2771 954 2811 his
985 2773 1169 2813 maxime

363 2829 552 2883 Gorgias
585 2829 845 2877 Leontinus,
878 2829 1045 2871 dicendi
1078 2836 1170 2871 arte

361 2892 404 2929 et
436 2886 642 2928 facultate
665 2888 941 2939 clarissimus,
973 2887 1044 2940 qui
1076 2887 1168 2940 ipse

361 2957 532 2997 quoque
567 2957 590 2985 a
626 2944 803 2998 singulis
823 2945 1042 2998 discipulis
1067 2957 1168 2986 cen-

360 3007 482 3043 tenas
513 3002 647 3042 minas
681 3002 899 3056 exigebat3
933 3003 985 3044 de
1012 3015 1096 3056 quo
1125 3016 1165 3043 v.

364 3059 580 3103 Diodor.
625 3060 731 3102 Sic.
771 3059 875 3103 XII.
923 3061 996 3105 53.
1050 3061 1164 3102 Sui-

362 3118 453 3158 das
503 3116 542 3158 h.
588 3130 626 3160 v.
691 3121 753 3158 Ac
783 3119 920 3160 simile
961 3118 1059 3170 quid
1097 3117 1164 3160 fe-

362 3177 421 3216 cit
463 3176 554 3216 sine
603 3175 733 3218 dubio
781 3177 910 3217 etiam
951 3176 1162 3217 Prodicus

363 3232 504 3284 Ceus,
546 3244 673 3286 quem
708 3233 788 3274 etsi
835 3233 959 3276 Plato
1006 3233 1160 3276 ceteris

361 3290 563 3344 sophistis
586 3290 719 3343 pluris
737 3291 980 3333 aestimavit
1001 3291 1158 3345 (Gorg.

359 3362 400 3401 p.
419 3348 521 3394 459.
551 3349 634 3401 13.),
667 3354 812 3390 tamen
843 3349 946 3390 item
977 3355 1158 3403 propter

360 3407 578 3449 avaritiam
610 3407 747 3459 carpit
781 3407 958 3461 Protag.
982 3420 1023 3460 p.
1053 3407 1152 3452 315.

1273 1617 1319 1657 C.
1343 1616 1466 1656 sicuti
1482 1616 1722 1657 fecitetiam
1738 1615 1937 1670 Xenoph.
1951 1617 2076 1669 Sym-

1271 1687 1363 1727 pos.
1384 1674 1455 1714 lv.
1477 1674 1548 1717 62.
1572 1674 1908 1727 Hippiasautem
1921 1676 2074 1725 Eleus,

1269 1745 1403 1773 vanus
1434 1732 1659 1773 doctrinae
1694 1745 1797 1772 snae
1830 1739 2079 1774 ostentator

1268 1791 1429 1841 (plat.
1462 1789 1641 1842 Protag.
1673 1803 1713 1842 p.
1741 1789 1840 1834 315.
1868 1792 1915 1833 C.
1942 1793 2071 1845 Hipp.

1265 1848 1362 1891 mai.
1396 1860 1436 1899 p.
1473 1847 1572 1891 285.
1622 1849 1668 1890 Β.
1719 1848 1851 1902 Ηίρρ.
1897 1850 1994 1891 min.
2031 1863 2071 1903 p.

1265 1905 1365 1949 367,
1398 1905 1475 1957 E.)
1507 1904 1600 1957 quis
1634 1904 1858 1957 dubitabit,
1890 1919 2070 1960 quaeso,

1266 1965 1365 2016 quin
1419 1963 1521 2003 item
1569 1964 1786 2014 marsupio
1841 1977 1918 2005 suo
1962 1965 2074 2006 bene

1265 2020 1570 2074 prospexerit?
1632 2021 1860 2063 Enimvero
1900 2022 2071 2064 fuerunt

1263 2077 1482 2131 sophistae
1542 2091 1692 2119 omnes
1750 2080 1906 2120 mercis
1962 2094 2075 2123 suae

1261 2136 1375 2176 avari
1408 2148 1647 2189 cauponeS,
1687 2137 1757 2189 qui
1788 2137 1972 2179 maxime
2004 2138 2069 2178 di-

1259 2193 1392 2234 vitum
1443 2193 1657 2234 hominum
1697 2194 1879 2247 gratiam
1919 2201 1962 2236 et
2005 2196 2067 2237 fa-

1257 2264 1408 2293 vorem
1446 2251 1586 2292 venati
1634 2258 1731 2292 sunt
1778 2253 2072 2308 imprimisque

1259 2309 1622 2359 adolescentium3
1663 2322 1748 2361 quo
1791 2312 1961 2352 nomine
1991 2325 2072 2354 eos

1257 2372 1431 2421 praeter
1478 2367 1704 2407 Platonem
1745 2370 1875 2409 etiam
1915 2369 2064 2411 Xeno-

1259 2423 1386 2478 phon,
1423 2423 1651 2475 Isocrates,
1677 2426 1947 2475 Aristoteles,
1980 2427 2066 2479 alii,

1259 2481 1612 2535 perstrinxerunt.
1648 2494 1684 2524 v.
1719 2483 1866 2525 Plat.
1902 2485 2065 2526 Prota-

1257 2552 1350 2590 gor.
1398 2552 1437 2591 ρ.
1478 2538 1577 2581 313.
1625 2539 1672 2578 Ι).
1707 2539 1838 2593 Ηίρρ.
1879 2544 1976 2584 mai.
2023 2557 2065 2595 ρ.

1257 2595 1356 2639 282.
1411 2597 1457 2637 Ι).
1508 2597 1562 2636 al.
1608 2594 1846 2650 Xenoph.
1890 2599 1920 2641 l.
1963 2600 2062 2644 613.

1257 2653 1403 2706 Symp.
1453 2655 1491 2696 Ι.
1538 2653 1580 2696 5.
1626 2654 1796 2699 Isocr.
1843 2656 1919 2701 Or.
1962 2658 2062 2703 adv.

1257 2711 1392 2764 Soph.
1428 2718 1472 2752 et
1509 2711 1549 2751 in
1586 2710 1683 2752 Hel.
1717 2713 1901 2758 Encom.
1948 2718 1985 2767 §-
2021 2717 2062 2760 1.

1255 2769 1559 2810 Aristotel.
1597 2767 1790 2821 Sophist.
1824 2771 1998 2815 Eleneh.
2030 2774 2060 2818 l.

1255 2827 1417 2873 Quibus
1461 2825 1595 2867 addas
1628 2827 1798 2871 Cicer.
1846 2830 1974 2873 Acad.
2008 2831 2059 2872 ll.

1255 2884 1324 2928 23.
1386 2885 1459 2925 At
1504 2886 1622 2936 quis
1664 2893 1748 2926 est
1789 2885 1901 2928 hic?
1942 2901 2063 2929 num

1254 2940 1568 2995 sophistes?
1603 2967 1656 2972 —
1691 2943 1770 2984 sic
1801 2945 1943 2985 enim
1973 2959 2058 2999 ap-

1254 3000 1618 3053 pellabantur
1649 3000 1709 3053 ii,
1746 3002 1833 3054 qui
1865 3008 2060 3044 osten-

1252 3056 1540 3099 tationis
1618 3063 1730 3099 aut
1787 3066 2060 3112 quaestus

1251 3127 1443 3157 caussa
1501 3113 2056 3169 philosophabantur.

1249 3173 1313 3214 De
1355 3173 1635 3215 institutionis
1676 3173 1878 3216 mercede
1919 3189 1943 3216 a
1981 3190 2055 3218 so-

1246 3229 1394 3284 phistis
1436 3237 1586 3273 exacta
1626 3243 1664 3274 v,
1701 3231 1934 3276 Boeckh.
1969 3233 2055 3276 Oe-

1244 3301 1339 3332 con.
1373 3288 1525 3331 Athen.
1555 3289 1656 3332 Vol.
1698 3288 1735 3333 I.
1781 3302 1806 3343 p
1856 3289 1953 3334 171.
1984 3291 2053 3334 ed.

1243 3347 1282 3389 1.
1323 3360 1373 3385 z
1407 3346 1504 3391 134.
1537 3345 1605 3388 ed.
1639 3347 1678 3390 2.

1301 3401 1535 3445 τούτους
1566 3403 1858 3458 πείθουσι]
1903 3405 1954 3446 In
1986 3404 2050 3446 his
