2158 3718
357 123 455 175 146

987 122 1461 180 PLATONIS

353 270 527 334 λητον
568 271 671 338 μὲν
714 261 849 337 οὖν,
893 267 966 333 ὠς
1008 272 1126 339 ἐμοὶ
1169 271 1344 340 δοκῶ,
1390 275 1481 334 καὶ
1528 275 1632 328 νῦν
1674 271 2057 349 ἀποπέφευγα.

356 354 447 407 καὶ
492 350 560 407 οὐ
597 350 774 425 μόνον
812 352 1208 427 ἀποφέᾳευγα,
1250 353 1394 410 ἀλλὰ
1441 360 1608 412 παντὶ
1673 359 1843 424 δῆλον
1887 356 2058 414 τοῦτό

357 458 447 506 γε,
504 435 618 502 ὅτι,
674 445 718 493 εἰ
760 435 836 508 μὴ
883 436 1055 506 ἀνέβη
1085 435 1318 503 Ἄνυτος
1361 444 1452 495 καὶ
1499 439 1704 496 Λύκων
1752 440 2063 513 κατηγορή-

360 575 578 628 ciperent,
610 577 730 628 quod
767 575 954 616 subinde
1004 575 1169 616 sactum

361 645 460 674 esse
495 646 549 673 ex
580 634 790 676 Polluc.
842 631 926 672 On.
951 633 1067 674 Vlll.
1100 633 1170 677 33.

366 691 468 732 coll.
511 690 611 734 123.
651 691 828 743 Lysia
864 691 911 731 in
950 691 1092 743 Agor.
1132 691 1171 743 ξ.

366 748 439 793 35.
471 749 620 800 colligi
662 749 777 789 licet.
808 762 851 788 v.
882 747 1173 790 Tittmann.

369 807 569 847 Civitatt.
602 804 760 847 Graec.
791 819 832 859 p.
851 805 950 849 114.
985 806 1173 848 Meier.

371 870 416 905 et
445 861 804 905 Schoemann.
835 863 1039 905 Process.
1080 866 1181 906 Att.

370 936 414 976 p.
446 922 544 966 139.
586 921 703 963 Nam
732 928 782 962 ut
810 935 902 963 rem
932 923 1082 975 paullo
1114 925 1177 964 al-

367 982 457 1021 tius
474 985 739 1034 repetamus,
768 982 883 1021 ratio
913 981 1179 1022 iudiciorum

369 1039 714 1080 Heliasticorum
733 1039 939 1079 universa
952 1039 1061 1079 haec
1079 1040 1178 1079 fuit.

369 1098 662 1150 Eligebantur
677 1098 912 1149 quotannis
931 1109 984 1137 ex
1007 1098 1179 1138 univer-

372 1169 422 1196 so
462 1168 645 1196 numero
677 1155 864 1206 civium,
902 1156 978 1208 qui
1019 1167 1181 1195 annum

372 1214 536 1255 aetatis
566 1213 836 1253 tricesimum
870 1214 1179 1264 excessissent,

377 1273 520 1312 sexies
551 1271 671 1312 mille
701 1271 836 1310 iurati
865 1271 1048 1322 iudices,
1085 1284 1180 1311 sor-

374 1331 534 1370 titione
557 1341 757 1370 anovem
782 1329 1066 1370 archontibus
1085 1341 1182 1369 cum

377 1388 523 1429 scriba
538 1387 712 1440 publice
731 1387 950 1428 instituta.
1010 1387 1182 1427 Horum

377 1446 538 1487 deinde
569 1445 764 1498 quinque
794 1445 933 1486 millia
963 1445 1182 1486 describe-

375 1504 537 1544 bantur
564 1503 611 1543 in
641 1503 792 1544 decem
834 1503 1034 1544 decurias
1063 1503 1184 1543 viro-

377 1574 474 1603 rum
514 1562 860 1615 quingenorum,
905 1561 1183 1614 quandoqui-

335 1645 338 1648 -
378 1621 478 1661 dem
515 1620 636 1660 mille
674 1619 762 1669 illi,
801 1619 875 1671 qui
913 1622 1186 1672 supererant,

381 1679 420 1719 si
462 1689 550 1733 qua
587 1689 698 1729 opus
738 1681 878 1728 esset,
929 1676 1187 1729 supplendis

381 1735 569 1788 singulis
633 1735 824 1775 decuriis
889 1734 1190 1775 inserviebant

381 1791 1187 1843 (1000warenErsatzmanner).

384 1850 508 1901 Quae
539 1851 715 1903 quidem
754 1850 958 1891 decuriae
991 1850 1188 1903 appella-

383 1916 455 1951 tae
495 1913 598 1949 sunt
637 1906 900 1963 δικαστήρια.
957 1907 1190 1949 Iamvero

383 1969 430 2009 in
459 1966 684 2025 plerisque
727 1967 894 2007 caussis
936 1979 1025 2006 una
1056 1966 1184 2006 decu-

383 2027 451 2067 ria
479 2025 693 2066 iudicium
723 2025 976 2074 exercebat3
1007 2025 1055 2063 in
1087 2036 1187 2076 gra-

383 2083 583 2125 vioribus
613 2095 722 2123 vero
754 2083 922 2124 caussis
960 2083 1091 2122 etiam
1122 2081 1188 2120 bi-

384 2154 469 2183 nae
478 2141 549 2181 vel
560 2145 709 2182 ternae
720 2142 787 2182 vel
800 2145 1040 2194 quaternae
1058 2140 1190 2180 decu-

384 2200 479 2241 riae
516 2195 823 2252 (δικαστῆρια)
870 2198 1191 2251 iungebantur3

387 2258 494 2311 quin
510 2258 642 2298 etiam
662 2258 781 2310 apud
804 2256 1074 2297 Andocid.
1122 2254 1193 2295 De

386 2319 565 2371 myster.
604 2318 645 2368 §-
682 2315 751 2359 17.
789 2314 906 2359 6000
943 2315 1061 2355 cives
1105 2311 1197 2353 suf·

386 2374 531 2426 fragia
581 2375 737 2414 tulisse
775 2378 1026 2414 narrantur.
1100 2370 1196 2411 Nec

387 2436 530 2473 tamen
560 2444 733 2484 semper
753 2433 1092 2484 quingentorum
1114 2440 1194 2468 nu-

387 2496 534 2530 merus
545 2490 786 2542 completus
796 2489 894 2543 fuit.
935 2487 1051 2528 Nam
1063 2486 1195 2526 etiam

388 2547 562 2588 minora
591 2552 717 2587 erant
745 2546 925 2595 iudicia,
958 2545 1006 2584 in
1038 2543 1196 2597 quibus

388 2605 556 2645 iudices
588 2604 764 2645 ducenti
791 2604 861 2644 vel
884 2601 1197 2655 quadringenti

392 2663 623 2713 sedebant,
667 2663 724 2703 de
773 2673 860 2714 quo
899 2672 942 2700 v.
985 2659 1192 2699 Polluc.

394 2717 477 2761 On.
507 2719 636 2760 VIII.
653 2719 725 2763 48.
756 2719 904 2760 Etiam
926 2715 1194 2770 septingenti

390 2778 560 2818 iudices
593 2782 891 2819 memorantur
928 2774 1047 2827 apud
1077 2775 1191 2815 Iso-

390 2840 522 2878 crat.
569 2836 671 2877 adv.
723 2833 979 2876 Callimach.
1035 2831 1071 2884 §.
1120 2829 1192 2875 54.

391 2894 543 2946 ltaque
571 2894 694 2934 nullo
717 2893 851 2933 modo
874 2896 941 2931 est
970 2889 1194 2943 credibile,

391 2952 447 2993 de
478 2963 634 2993 caussa
651 2951 849 2992 Socratis
874 2947 959 2992 556
991 2947 1108 2989 cives
1128 2948 1195 2988 iu-

394 3009 627 3051 dicavisse.
685 3009 758 3049 Ex
796 3019 884 3061 quo
919 3017 1194 3058 consequens

394 3072 475 3116 est,
502 3072 552 3108 ut
581 3072 658 3110 aut
693 3065 811 3120 apud
841 3064 1073 3106 Platonem
1101 3063 1196 3106 vul-

395 3130 500 3180 gata
527 3126 659 3168 lectio
689 3127 801 3178 τρεῖς
830 3123 992 3163 vitiosa
1022 3122 1092 3173 sit,
1125 3125 1202 3162 aut

399 3183 519 3238 apud
548 3184 798 3238 Diogenem
834 3180 1060 3221 Laenium
1090 3179 1199 3219 irre·

395 3242 534 3297 pserit
562 3250 705 3288 error.
732 3240 793 3281 Et
821 3238 938 3291 apud
962 3238 1079 3278 hunc
1103 3237 1199 3290 qui·

398 3301 498 3342 dem
520 3313 599 3352 pro
633 3294 905 3354 ὁγδοήκοντα
930 3296 969 3337 si
985 3297 1201 3337 scribatur

334 3384 340 3390 ·
400 3354 685 3412 πεντήκοντα,
721 3368 792 3398 res
829 3359 1040 3408 protenus
1077 3353 1201 3395 salva

401 3417 499 3458 erit.
559 3416 650 3458 Sed
681 3413 963 3456 verisimilius
995 3416 1062 3453 est
1082 3409 1199 3464 apud

1257 579 1483 620 Platonem
1529 592 1624 620 esse
1679 585 1886 623 erratum.
1948 579 2064 621 Nam

1257 637 1435 689 plurimi
1465 643 1581 677 certe
1625 637 1746 690 iique
1775 639 2064 690 praestantis-

1259 695 1358 735 simi
1370 695 1472 734 libri
1490 695 1654 736 habent
1665 694 1904 749 τριάκοντα.
1933 696 2066 738 Quod

1259 765 1337 792 cur
1381 753 1427 792 in
1469 757 1581 805 τρεῖς
1611 753 1791 805 abierit,
1833 766 1989 794 caussa
2019 754 2065 794 in

1256 815 1434 863 promtu
1466 816 1546 851 est.
1605 811 1763 851 visum
1791 812 1907 852 enim
1935 811 2066 852 bonis

1260 869 1425 909 criticis
1457 873 1535 916 est,
1565 868 1697 908 istum
1717 881 1944 909 numerum
1970 882 2066 909 cum

1260 927 1413 968 addito
1444 923 1573 976 μόναι
1602 927 1745 966 minus
1769 925 1880 966 bene
1910 939 2068 967 eonve-

1262 985 1386 1035 nire3
1416 987 1567 1036 itaque
1595 984 1714 1024 hunc
1735 989 1945 1036 protenus
1976 997 2069 1024 mu-

1260 1048 1409 1083 tarunt
1442 1043 1487 1082 in
1507 1045 1632 1094 τρεῖς,
1663 1042 1915 1082 itascilicet
1939 1041 2070 1082 etiarn

1263 1101 1427 1153 optime
1445 1101 1498 1140 de
1510 1099 1692 1140 Socrate
1710 1100 1922 1150 merituri,
1944 1100 2069 1152 quip-

1262 1171 1317 1210 pe
1350 1158 1437 1215 qui*
1453 1159 1540 1198 iam
1560 1158 1781 1198 videretur
1802 1157 1914 1198 adeo
1937 1159 2072 1197 trium

1264 1221 1434 1257 tantum
1446 1215 1757 1268 suffragiorum
1772 1228 1954 1255 numero
1967 1227 2070 1254 con-

1267 1275 1497 1314 demnatus
1529 1286 1641 1314 esse.
1699 1272 1750 1313 ln
1789 1285 1878 1324 quo
1918 1272 2071 1326 optimi

1269 1332 1354 1372 viri
1407 1344 1513 1372 sane
1552 1331 1892 1371 benevolentius
1941 1343 2071 1382 quam

1269 1390 1438 1430 cautius
1487 1394 1683 1441 egerunt.
1755 1389 1871 1430 Nam
1920 1389 2072 1428 rectis-

1269 1448 1377 1488 sime
1419 1448 1584 1488 dictum
1625 1452 1692 1487 est
1733 1443 1960 1500 τριάκοντα
1999 1441 2077 1495 μό-

1270 1519 1362 1557 ναι,
1403 1507 1612 1558 quoniam
1640 1504 1712 1544 vel
1748 1504 1934 1556 triginta
1960 1503 2075 1544 iudi-

1270 1576 1341 1604 ces
1371 1576 1452 1615 pro
1483 1562 1654 1604 numeri
1682 1560 1769 1605 500
1790 1561 2077 1614 amplitudine

1270 1633 1511 1673 sanequam
1551 1620 1681 1674 pauci
1733 1621 1932 1669 fuerunt3
1982 1619 2077 1659 effi·

1270 1680 1391 1720 ciunt
1420 1679 1537 1719 enim
1565 1677 1762 1718 nondum
1789 1682 1957 1730 partem
1984 1677 2078 1718 eius

1271 1737 1500 1790 septimam
1541 1735 1766 1777 decimam.
1829 1734 1933 1776 Jam
1968 1746 2077 1775 vero

1271 1796 1348 1836 ubi
1378 1795 1681 1846 amplectimur
1724 1794 1841 1847 quod
1872 1793 1919 1833 in
1950 1805 2078 1846 prae-

1275 1852 1558 1895 stantissimis
1609 1851 1834 1892 codicibus
1878 1851 2077 1892 Platonis

1276 1911 1484 1962 scriptum
1541 1909 1723 1962 legitur,
1778 1909 1942 1958 nodus,
2005 1909 2080 1961 qui

1269 1970 1390 2010 visus
1430 1979 1601 2020 semper
1630 1971 1698 2008 est
1737 1967 1871 2018 longe
1902 1966 2080 2007 diffieil-

1268 2027 1422 2076 limus,
1477 2026 1598 2070 nullo
1652 2025 1834 2076 negotio
1881 2023 2081 2076 expediri

1270 2089 1430 2138 potest.
1489 2082 1711 2124 Sederunt
1731 2083 1860 2132 enim,
1885 2087 1935 2122 ut
1959 2081 2082 2122 vide·

1273 2149 1368 2193 tur,
1405 2142 1453 2181 in
1491 2153 1648 2181 caussa
1678 2139 1876 2180 Socratis
1914 2139 2082 2179 iudices

1277 2199 1508 2252 quingenti
1530 2203 1574 2238 et
1583 2210 1712 2248 unus,
1726 2197 2085 2250 quandoquidem

1277 2259 1341 2298 ita
1371 2257 1620 2299 institutum
1650 2255 1787 2296 fuisse
1819 2261 2007 2306 constat,
2036 2260 2086 2294 ut

1277 2315 1375 2368 pari
1406 2327 1588 2354 numero
1633 2314 1726 2354 fere
1756 2325 1869 2354 unus
1901 2313 2083 2355 addere-

1278 2379 1364 2423 tur,
1397 2385 1452 2412 ne
1493 2372 1669 2424 quando
1711 2373 1925 2411 incertum
1963 2370 2084 2411 vide-

1278 2436 1399 2470 retur
1426 2429 1660 2482 iudicium,
1701 2429 1737 2468 si
1780 2429 1905 2480 paria
1940 2432 2086 2469 essent

1277 2488 1470 2528 iudicum
1510 2485 1736 2537 suffragia.
1775 2497 1819 2526 v.
1871 2485 2085 2526 Polluc.

1280 2543 1364 2585 On.
1417 2543 1539 2585 VIII.
1586 2541 1660 2588 48.
1707 2542 1992 2584 Demosth.
2038 2543 2086 2583 in

1277 2601 1472 2643 Timocr.
1492 2601 1531 2654 ξ.
1549 2601 1577 2645 9
1607 2613 1651 2653 p.
1665 2599 1763 2643 702.
1784 2600 1884 2641 coll.
1901 2600 2085 2642 Meier.

1277 2665 1319 2700 et
1350 2658 1496 2701 Scho
1513 2664 1666 2700 eman
1681 2671 1726 2698 n.
1761 2661 1953 2699 Process.
1990 2659 2087 2700 Att.

1275 2730 1318 2771 p.
1349 2716 1432 2760 139
1450 2730 1514 2770 sq.
1547 2717 1647 2758 Hoc
1674 2721 1819 2756 autem
1841 2715 1875 2756 si
1898 2716 1962 2758 ita
1987 2715 2088 2768 fuit,

1278 2781 1531 2827 comparato
1575 2775 1661 2815 hoc
1714 2773 1910 2815 Platonis
1963 2774 2086 2815 testi-

1278 2834 1425 2875 monio
1464 2845 1559 2873 cum
1595 2831 1804 2883 Diogenis
1845 2831 2087 2872 narratione

1278 2889 1491 2940 efficitur,
1543 2895 1589 2930 nt
1630 2887 1795 2931 iudices
1837 2887 2008 2930 ducenti
2043 2892 2088 2930 et

1279 2947 1499 3000 octoginta
1510 2960 1618 2987 nnus
1629 2945 1811 2989 eundem
1824 2946 1934 2988 cond
1941 2958 2089 2988 emna-

1281 3006 1399 3047 visse
1430 3004 1700 3046 existimandi
1731 3002 1828 3047 sint.
1888 3003 2000 3047 Nam
2034 3014 2088 3045 ne

1284 3066 1524 3105 statuamus
1549 3063 1813 3103 constituto·
1832 3060 1965 3103 fuisse.
1985 3061 2087 3112 601,

1284 3120 1362 3162 sed
1395 3134 1448 3163 ex
1480 3119 1541 3162 liis
1559 3119 1685 3172 alios,
1720 3118 1818 3172 qnia
1838 3131 1920 3160 non
1944 3119 2087 3172 lique·

1283 3182 1365 3228 ret,
1398 3178 1651 3220 sententiam
1671 3189 1754 3217 non
1781 3177 1946 3228 tulisse,
1978 3177 2088 3218 alios

1285 3235 1411 3278 etiam
1445 3235 1634 3277 abfuisse
1669 3234 1737 3275 vel
1782 3246 1881 3275 sero
1919 3233 2089 3275 venisse

1287 3291 1366 3347 (de
1397 3305 1483 3347 quo
1514 3305 1554 3338 v.
1588 3290 1770 3334 Meier.
1804 3295 1849 3332 et
1886 3289 2089 3332 Schoe-

1285 3363 1358 3391 mn
1375 3364 1452 3392 nn.
1497 3364 1536 3405 p.
1571 3349 1654 3395 722
1684 3360 1750 3402 sq.
1794 3353 1885 3389 not.
1917 3349 2015 3391 coll.
2045 3361 2088 3401 p.

1285 3408 1434 3463 140.),·
1458 3413 1577 3451 certe
1596 3405 1702 3449 illud
1724 3418 1986 3459 magnopere
2008 3405 2088 3447 im-
