2158 3718
1094 6 1115 17 u-

265 27 268 30 Δ
422 0 1392 31 ffiwwwaermmwvfflUa'ww
1431 0 1436 3 ’
1480 2 1503 6 *⁴
1533 2 1545 6 -
1583 0 1600 5 v
1634 1 1635 5 ¹
1690 0 1713 3 Μ

123 31 128 38 t
256 31 257 34 ,
326 26 333 32 -
363 30 404 42 f.
447 31 451 33 -
479 23 490 34 ).
523 29 556 37 ,,.
615 30 625 39 ,.
716 15 856 38 §.h-„vd
950 27 956 33 ,
1023 26 1029 35 ,

172 35 187 50 ι.
245 40 277 62 5·
327 40 355 67 f*
391 39 409 49 μ
444 43 451 46 .,
531 43 552 54 ⁴.
675 38 680 42 .
848 37 857 63 ¹,
1134 51 1140 59 .
1201 36 1203 38 -

254 65 263 74 ψ

711 123 716 126 -
768 94 1031 154 PHAEDO
1063 124 1109 166 p.
1140 113 1208 155 81.

1779 108 1883 167 175

101 243 248 302 εἶναι
293 245 502 318 ἀληθὲς
546 245 673 302 ἀλλ’
711 246 749 317 ἢ
794 245 857 300 τὸ
905 248 1300 318 σωματοειδές,
1340 240 1413 301 οὗ
1448 269 1530 312 τις
1567 249 1639 302 ἂν
1677 249 1879 316 ἅψαιτο

21 335 52 373 T
99 333 194 385 καὶ
233 333 345 401 ᾄδοι
381 332 475 384 καὶ
511 335 631 385 πίοι
667 333 762 384 καὶ
800 332 971 400 φάγοι
998 328 1256 404 καὶπρὸς
1292 329 1360 384 τόι
1398 330 1705 403 ἀφροδίσια
1741 336 1881 404 χρή-

98 429 282 485 σαιτο,
332 413 395 468 τὸ
442 415 504 469 δὲ
550 424 665 482 τοϊς
713 414 919 485 ὄμμασι
968 417 1246 479 σκοτῶδες
1283 416 1377 468 καὶ
1415 415 1622 487 οΞειδές,
1673 417 1909 487 νοητὸν.

99 501 161 554 δὲ
198 501 292 554 καὶ
329 501 640 570 φιλοσοφίᾳ
679 500 922 568 αἱρετόν,
962 504 1127 554 τοῦτο
1167 501 1229 554 δὲ
1262 501 1558 575 εἰθισμένη
1596 511 1781 571 μισεῖν
1818 522 1878 556 τε

25 612 33 614 ἡ
95 584 190 637 καὶ
234 583 459 655 τρέμειν
505 584 600 636 καὶ
638 583 902 653 φεύγειν,
952 583 1100 638 οὕτω
1149 582 1216 654 δὴ
1265 587 1506 654 ἔχουσαν
1545 589 1650 638 οἰέι
1687 584 1877 655 ψυχὴν

94 665 272 737 αὐτὴν
309 666 443 721 καθ’
485 664 664 737 αὐτὴν
714 669 988 737 εἰλικρινῆ
1028 667 1470 733 ἅπαλλάξεσθαι;
1515 666 1655 723 Οὐδ’
1697 667 1933 738 ὁπως-Ο

90 754 255 804 τιοῦν
266 791 283 820 ,
329 753 456 820 ἔφη.

530 750 691 804 Ἀλλὰ
731 753 1125 822 διειλημμένην
1171 774 1236 821 γε
1283 750 1435 823 οἶμαι
1471 751 1583 807 ὑπὸ
1622 757 1725 806 τοῦ
1764 768 1876 807 σω-

12 832 14 834 ’
90 836 441 905 ματοειδοῦς,
482 835 514 889 ὁ
550 833 692 907 αὐτῇ
718 835 752 906 ἡ
778 835 968 906 ὁμιλία
1005 856 1065 889 τε
1102 857 1197 889 και
1235 838 1508 901 ξυνουσία
1544 842 1646 892 τοῦ
1685 838 1875 907 σώμα-

89 938 183 983 τος
238 917 331 973 δια
386 918 449 973 τὸ
507 921 593 973 αει
640 921 891 984 ξυνεῖναι
937 922 1031 973 και
1077 919 1170 973 δια
1215 919 1319 990 τὴν
1366 919 1583 991 πολλὴν
1639 923 1873 991 μελέτην

91 1003 385 1074 ἐνεποίησε
451 1004 761 1074 ξύμφυτον.

839 1004 932 1057 Π
898 1024 1006 1058 ανυ

1060 1024 1143 1072 γε.
1215 1003 1508 1075 Ἐμβριθες
1563 1005 1628 1058 δέ
1677 1026 1770 1074 γε,
1829 1008 1870 1058 05

91 1090 239 1157 φίλε,
278 1107 446 1143 τουτο
485 1093 708 1142 οἴεσθαι
745 1087 850 1158 χρὴ
891 1085 1036 1142 εἶναι
1074 1089 1168 1141 καὶ
1204 1087 1354 1157 βαρύ
1402 1109 1495 1142 και
1533 1089 1740 1156 γεῶδες
1777 1092 1870 1141 καὶ

89 1169 296 1242 ὁρατόν
311 1191 329 1224 ’,
375 1171 408 1225 ὃ
445 1170 513 1242 δὴ
553 1173 647 1225 καὶ
684 1174 890 1241 ἔχουσα
928 1171 961 1242 ἡ
999 1173 1234 1241 τοιαύτη,
1266 1171 1418 1243 ψυχὴ
1467 1173 1781 1244 βαρύνεταί
1813 1193 1872 1226 τε

87 1258 182 1310 καὶ
218 1256 437 1310 ἕλκεται
474 1257 644 1310 πάλιν
666 1258 761 1320 ἐἰς
797 1255 898 1310 τὸν
937 1254 1144 1326 ὁρατὸν
1180 1254 1376 1326 τόπον,
1418 1257 1578 1327 φόβῳ
1616 1261 1718 1310 τοῦ
1757 1254 1873 1310 ἀει-

89 1342 223 1404 δοῦς
259 1361 319 1394 τε
356 1342 450 1395 καὶ
474 1339 698 1410 Ἅιδου,
739 1339 921 1411 (δ’ςπερ
960 1343 1208 1411 λέγεται,
1247 1341 1376 1412 περὶ
1413 1339 1481 1394 τὰ
1517 1341 1774 1411 μνήματά
1811 1361 1929 1402 τεΙ)

86 1425 181 1478 καὶ
235 1423 368 1488 τούς
421 1426 636 1495 τάφους
691 1428 1141 1496 κυλινδουμένη,
1189 1427 1319 1496 περὶ
1369 1425 1405 1479 ἂ
1450 1423 1517 1494 δὴ
1566 1426 1660 1479 καὶ
1699 1421 1868 1495 ὤφθη

195 1570 240 1639 Ο.
270 1590 422 1638 Ἀλλα
465 1595 778 1651 διειλημμ.]
821 1590 942 1639 ἄλλα
983 1596 1072 1639 καί
1106 1598 1226 1640 Bodl.
1249 1599 1359 1638 Veu.
1383 1597 1576 1651 HTub.,
1607 1599 1684 1638 sed
1711 1597 1800 1639 καί
1826 1599 1871 1638 in

11 1639 14 1643 ¹
84 1651 205 1710 Bedl.
203 1654 395 1719 punctis
417 1660 622 1694 notatum.

361 1707 408 1762 ἦ]
436 1709 507 1750 Sic
528 1710 656 1751 codd.
678 1710 765 1750 fere
788 1723 950 1751 omues.
991 1711 1120 1762 Vulg.
1145 1703 1283 1764 αὔτή.

199 1721 351 1750 ooevt

1327 1710 1439 1754 Flor.
1462 1711 1489 1751 (1
1510 1710 1638 1751 habet
1658 1700 1683 1751 ὃ
1706 1703 1840 1752 αὐτό.

198 1724 453 1817 οἴῃεσθαι]
495 1765 696 1808 οἴεσθαί
729 1780 784 1820 γε
813 1767 912 1807 Vat.
944 1767 1070 1808 Vind.
1093 1766 1131 1807 Φ
1160 1767 1253 1807 Par.
1279 1765 1313 1807 G
1335 1768 1481 1809 Ambr.
1504 1767 1616 1807 Flor.
1640 1767 1668 1807 d
1698 1774 1737 1807 et
1766 1780 1789 1807 a
1810 1780 1867 1812 m,

91 1832 175 1866 see.
196 1822 306 1862 Ven.
323 1821 391 1862 H.

198 1868 224 1918 ὃ
247 1870 316 1931 δὴ
339 1877 460 1930 καί]
483 1877 573 1919 καί
589 1890 670 1918 om.
694 1880 792 1919 Vat.

18 1981 21 1983 ,
197 1933 248 1974 D.
283 1891 735 1988 κυλινδουμένη]
765 1937 818 1978 V.
843 1930 1217 1988 καλινδουμένη.

83 1996 256 2030 tuentur
276 1990 394 2030 Bodl.
421 1990 548 2031 Coisl.
579 1991 682 2031 Tub.
707 1993 803 2033 Vat.
826 1993 934 2034 Ven
960 1992 1237 2032 HVindobb.
1266 1989 1347 2031 ΤΦ
1377 1990 1690 2033 Par.CGH1L
1719 1992 1864 2032 Ambr.

822 1880 951 1919 Vind.
978 1879 1015 1919 Φ
1040 1880 1134 1921 Par.
1160 1878 1284 1918 GHL
1307 1880 1452 1918 Anibr.
1475 1879 1585 1918 Flor.
1608 1879 1635 1918 (1
1657 1864 1752 1920 Zitt.

1262 1935 1379 1974 Illam
1401 1934 1579 1974 forma‘r'n
1604 1947 1698 1973 eum
1721 1934 1817 1977 Bas.
1840 1937 1866 1975 2
1927 1959 1938 1976 ι

82 2047 193 2099 Aug,
226 2046 336 2090 Flor.
368 2058 392 2086 a
413 2048 439 2087 b
463 2047 518 2087 (1
509 2060 523 2086 1
542 2059 583 2086 m
613 2048 707 2090 Zitt.
740 2061 783 2092 v,
815 2048 1002 2088 Fischer.
1033 2048 1086 2087 ad
1117 2047 1226 2089 Xen.
1259 2047 1354 2100 Cyr.
1378 2048 1411 2090 I.
1439 2049 1486 2098 4,
1517 2048 1542 2087 5
1573 2047 1668 2090 eoll.
1690 2046 1800 2086 infra
1819 2060 1865 2101 p.

83 2102 137 2142 82
158 2103 207 2145 Ε.

83 2239 177 2290 δές.
220 2243 337 2291 Quae
376 2243 549 2294 quidem
589 2243 695 2282 ratio
738 2255 834 2282 eum
876 2245 928 2284 ab

79 2300 199 2339 initio
216 2299 259 2338 in
276 2299 540 2352 simplicibus
559 2299 785 2339 enuntiatis
803 2313 927 2339 usur-

81 2362 268 2409 paretur,
309 2365 460 2408 postea
501 2356 624 2394 etiam
667 2356 720 2395 ad
756 2357 930 2396 inteuo-

27 2440 30 2443 ι
79 2419 233 2464 gantes
255 2413 487 2452 sententias
504 2412 710 2451 translata
727 2419 804 2453 est.
827 2412 930 2451 Pro-

80 2476 167 2519 tag.
199 2481 241 2521 p.
266 2470 350 2508 354
372 2468 404 2507 B
494 2463 622 2533 ἔχετέ
651 2482 696 2508 τι
717 2460 835 2509 ἄλλο
858 2464 930 2509 τέ-

82 2524 161 2571 λος
190 2520 369 2591 λέγειν,
411 2482 479 2571 εἲς
508 2537 532 2564 ο
565 2516 930 2590 αποβλέψαντες

80 2593 206 2621 αυτα
228 2573 397 2649 ἀγαθοὶ
419 2581 610 2621 καλειτε
631 2573 740 2621 αλλ
762 2596 790 2633 η
815 2574 930 2634 ἡδο-

78 2630 166 2684 νάς
189 2649 238 2677 τε
259 2634 342 2677 καὶ
366 2630 539 2684 λύπας;
563 2638 745 2701 Apolog.
768 2651 809 2690 p.
833 2637 928 2678 34ss

78 2691 189 2733 τίνα
240 2685 388 2733 αλλον
406 2688 587 2762 ἔχουσι
606 2686 800 2759 Ἥ,λόγον
816 2692 926 2760 βοη-

77 2747 289 2796 θοῦντες
318 2742 421 2801 ἐμοὶ
458 2742 565 2790 ἀλλ’
596 2763 626 2802 η
655 2762 741 2790 τον
775 2742 928 2802 ὀρθον

79 2816 130 2845 τε
151 2801 236 2845 καὶ
259 2803 475 2857 δίκαιον;
495 2806 567 2845 ubi
589 2818 630 2845 v.
652 2817 796 2846 annot.
820 2806 927 2845 Ean-

80 2860 175 2900 dem
206 2862 529 2913 explicationem
562 2862 688 2902 habet
716 2855 843 2916 πλὴν
877 2853 924 2915 ἥ,

78 2926 464 2969 praeterquam.
537 2917 733 2957 Ceterum
791 2931 927 2972 prope

81 2973 257 3012 eandem
282 2972 486 3011 formulae
507 2973 779 3013 illustrandae
799 2976 928 3015 ratio-

81 3041 177 3068 nem
201 3029 290 3069 iniit
313 3027 852 3082 SeliaeserusApparat.
873 3031 924 3070 ad

79 3084 198 3124 Dem.
226 3087 254 3125 Ι.
278 3097 318 3136 p.
340 3085 435 3134 751,
479 3085 551 3134 qui
584 3097 672 3124 eam
704 3086 928 3151 distinguit

81 3142 133 3181 ab
174 3141 330 3192 altera,
376 3151 483 3190 quae
528 3153 580 3179 ex
624 3133 740 3182 ἄλλο
769 3133 801 3194 ἥ
836 3151 927 3182 orta

78 3197 288 3237 videatur.
330 3197 492 3236 Drinde
515 3198 744 3236 notandum
767 3210 925 3250 prono-

79 3265 175 3292 men
209 3243 265 3294 οὗ
297 3254 507 3306 ptrtinete
545 3253 668 3292 etiam
707 3253 760 3292 ad
794 3256 925 3294 verba

82 3307 180 3349 ἴδοι
208 3306 292 3350 καὶ
323 3309 425 3350 πίοι
455 3306 536 3349 καὶ
568 3302 715 3361 φάγοι
743 3323 788 3350 κ.
819 3324 858 3352 τ.
883 3311 923 3351 λ.

78 3376 119 3406 v.
142 3365 318 3406 Matth.
341 3367 381 3414 §.
402 3367 499 3405 428.
522 3367 560 3404 2.

137 3413 196 3460 τό
221 3416 279 3462 δε
302 3424 422 3469 τοῖς
444 3413 657 3475 ὄμμασι
681 3443 733 3450 -
755 3420 925 3463 τοῦτο

1019 2238 1081 2285 δὲ
1105 2239 1212 2284 εἶθ’.
1218 2242 1232 2294 J
1254 2243 1316 2282 De
1336 2243 1515 2295 repetito
1539 2238 1593 2282 δέ
1614 2256 1654 2282 v.
1677 2243 1731 2282 ad
1751 2255 1793 2294 p.
1813 2245 1867 2285 78

1021 2299 1051 2340 Ο
1074 2311 1113 2339 et
1134 2313 1176 2352 p.
1199 2300 1253 2339 80
1274 2299 1323 2341 D.

1065 2350 1288 2425 νοητὸν
1322 2349 1387 2396 δε
1417 2351 1516 2395 καὶ
1539 2354 1864 2409 φιλοσοφίᾳ

1019 2404 1271 2464 αἴρετόν]
1308 2410 1569 2462 Intellegitur
1598 2411 1717 2462 illud,
1752 2412 1866 2462 quod.

1015 2469 1057 2507 in
1088 2469 1192 2510 Tim.
1224 2480 1266 2520 p.
1289 2469 1343 2507 29
1366 2468 1402 2506 A
1443 2467 1597 2506 dieitur
1626 2442 1747 2521 λόγῳ
1782 2463 1866 2507 καὶ

1020 2517 1250 2578 φρονήσει
1274 2516 1579 2589 περιληπτόν.

1076 2579 1122 2622 Ο.
1148 2576 1571 2644 διειλημμένην
1592 2592 1652 2634 γε
1674 2573 1860 2633 οἶμαι]

1016 2637 1144 2676 Recte
1184 2635 1479 2676 Heindorf.:
1522 2637 1595 2675 ita
1633 2648 1861 2687 occupa-

1016 2701 1115 2733 tam
1147 2705 1171 2732 a
1202 2704 1446 2746 corpore,
1476 2699 1530 2732 ut
1557 2691 1607 2732 id
1644 2705 1734 2745 per
1756 2704 1864 2731 eam

1017 2750 1318 2803 dispersum
1362 2748 1516 2799 quasi
1546 2755 1596 2788 et
1626 2748 1865 2800 dissipa-

1014 2814 1117 2845 tum
1160 2806 1244 2845 sit.
1305 2804 1438 2845 Verbi
1479 2817 1602 2843 usum
1646 2805 1861 2856 eleganter

1012 2861 1423 2902 illustravitMorus
1446 2861 1499 2900 ad
1511 2862 1640 2904 lsoel.
1652 2860 1859 2913 Panegyr.

1013 2931 1047 2962 e
1075 2920 1123 2958 ΙΙ.
1149 2926 1255 2958 extr.

1071 2975 1120 3014 D.
1152 2971 1284 3027 περὶ
1305 2966 1371 3014 τὰ
1393 2965 1663 3027 μνήματα
1684 2995 1738 3000 --
1761 2965 1865 3025 ‹poi-

1016 3028 1238 3095 σματα]
1263 3030 1606 3084 „Intelleguntur
1646 3026 1860 3081 σκιοειδῆ

1016 3080 1339 3140 φαντάσματα
1391 3088 1628 3136 umlnae,
1679 3085 1860 3123 larvae

1014 3144 1353 3193 umbratiles,
1379 3154 1485 3192 quae
1505 3142 1602 3191 quia
1624 3141 1857 3180 eredeban-

1014 3206 1081 3238 tur
1104 3199 1215 3239 eirea
1244 3199 1438 3252 sepulcra
1460 3198 1619 3237 versari
1643 3205 1683 3236 et
1705 3206 1859 3236 terrere

1011 3256 1146 3304 vivos,
1177 3263 1403 3308 propterea
1432 3255 1483 3293 ab
1511 3253 1690 3305 Apuleio
1723 3252 1857 3291 nomi-

1013 3318 1169 3351 nantur
1212 3312 1581 3364 sepulcrorum
1625 3308 1859 3348 terricu-

1014 3367 1258 3408 lamenta.
1289 3381 1327 3409 V.
1361 3366 1571 3418 Magius
1599 3367 1700 3405 Var.
1727 3365 1858 3402 Len-tt.

1013 3423 1087 3466 IV.
1125 3424 1190 3465 12.
1231 3424 1530 3463 Lavaterus
1571 3421 1632 3460 De
1673 3418 1858 3472 Speetris
