2158 3718
1803 137 1903 192 129
1967 168 1970 171 ·

798 110 1061 194 ΡιιΑΕοο
1093 154 1138 197 p.
1170 142 1239 186 69.

106 306 179 340 τε
216 286 310 340 καὶ
345 282 774 354 πιπρασκόμενα
810 284 887 351 τῷ
926 279 1048 334 ὄντι
1074 274 1131 351 ᾖ,
1171 280 1265 332 καὶ
1291 277 1646 348 ἀνδρεία-καὶ
1672 290 1905 347 σωφρο-

106 371 265 440 -σύνη
303 370 397 423 καὶ
434 367 768 435 δικαιοσύνη
815 367 911 419 καὶ
948 363 1270 434 ξυλλήβὸην
1308 359 1525 432 ἀληθὴς
1561 359 1729 431 ἀρετὴ
1767 358 1904 431 μετὰ

107 454 476 524 φρονήσεως,
516 451 610 505 καὶ
647 450 1141 520 προςγιγνομένων
1177 449 1272 501 καὶ
1308 445 1773 516 ἀπογιγνομένων
1810 447 1905 500 καὶ

113 535 342 606 ἡδονῶν
395 537 490 589 καὶ
537 535 738 608 φόβων
775 535 870 588 καὶ
905 538 1021 587 τῶν
1059 532 1248 587 ἄλλων
1284 531 1515 585 παντων
1560 533 1677 583 τῶν
1713 530 1906 585 τοιού-

111 640 252 674 των
318 620 661 696 χωριζόμενα
707 619 769 673 δὲ
817 617 1146 688 φρονήσεως
1191 617 1287 670 καὶ
1340 615 1725 684 ἀλλαττόμενα
1779 613 1903 668 ἀντι

113 703 395 774 ἀλλήλων,
433 702 507 774 μὴ
546 706 895 773 σκιαγραφία
940 722 1022 766 τις
1055 704 1091 773 ᾗ
1128 702 1163 772 ἡ
1200 700 1431 770 τοιαύτη
1478 697 1647 770 ἀρετὴ
1696 700 1790 753 καὶ
1827 703 1904 770 τῷ

107 785 238 842 όντι
293 786 740 857 ανδραποδᾱίδης
802 807 862 842 τε
917 788 1010 840 καὶ
1073 785 1245 840 οὐδὲν
1302 783 1458 853 ὑγιὲς
1513 781 1641 838 οὐδ’
1696 783 1904 854 ἀληθὲς

104 872 344 941 ἔχουσα,
392 871 455 924 τό
506 871 559 924 δ’
600 872 808 941 ἀληθὲς
843 875 919 942 τῷ
957 868 1080 938 ὄντι
1116 865 1155 940 ᾗ
1199 869 1478 939 κάθαρσίς
1513 888 1596 932 τις
1631 872 1747 922 τῶν
1783 886 1901 921 τοι-
1922 871 1954 916 C

224 1029 273 1068 B.
316 1021 595 1093 ανδρεία]
636 1026 1033 1072 B0d1.'rub.F10r.
1063 1027 1325 1067 abcdim
1355 1027 1508 1067 ZittaV.
1539 1027 1646 1068 Ven.
1674 1025 1775 1072 ΞΠ
1804 1038 1901 1067 oum

112 1085 211 1126 Ald.
232 1085 355 1125 Bass.
379 1079 574 1150 ανὸρία.

225 1133 398 1195 αρετή
421 1136 610 1209 μετά]
620 1141 728 1182 Tub.
750 1140 792 1180 V
795 1152 863 1182 en.
886 1139 938 1182 Π
953 1139 1050 1184 Par.
1060 1138 1095 1180 G
1117 1131 1260 1192 αρετὴ
1282 1132 1470 1192 ἡμετοῖ,
1491 1138 1606 1179 unde
1626 1137 1900 1179 Heindorfius

103 1205 152 1237 et
171 1197 391 1237 Bekkerus
413 1204 561 1264 ηΡοει
580 1190 728 1251 αρετή
746 1197 1034 1238 inseruerunt.

223 1212 446 1306 αληθὲς
477 1248 708 1306 ἔχουσα]
735 1252 805 1293 Sie
827 1253 928 1294 dedi
950 1266 973 1293 e
994 1253 1091 1293 Vat.
1113 1252 1242 1293 Vind.
1267 1250 1306 1292 Φ
1326 1251 1420 1292 Par.
1443 1251 1648 1292 GAmbr.
1668 1250 1778 1291 Flor.
1803 1251 1831 1291 d
1860 1259 1901 1291 et

102 1321 244 1363 marg.
265 1309 375 1350 Ven.
399 1309 461 1352 H.
502 1309 632 1351 Editt.
656 1322 803 1350 omnes
834 1304 919 1364 ἔχῃ
944 1316 1112 1368 praeter
1132 1309 1361 1352 Hermann.
1381 1307 1547 1352 aBodl.
1569 1319 1648 1349 suo
1668 1306 1736 1347 hio
1758 1308 1896 1348 disoe-

98 1365 294 1407 -dentem,
335 1365 438 1406 Post
458 1359 604 1407 οὐδὲν
625 1359 758 1421 υγιὲς
777 1378 890 1407 unus
910 1365 1036 1408 Bodl.
1060 1367 1186 1407 εἶναι
1206 1365 1399 1405 additum
1418 1363 1559 1405 habet.

221 1420 268 1464 C.
309 1409 339 1475 ᾖ
368 1415 692 1476 καθαρσις]
721 1415 964 1476 καθαρσις
993 1409 1024 1476 ᾖ
1054 1422 1153 1463 Vat.
1175 1421 1305 1462 Vind.
1331 1419 1370 1463 Φ
1390 1421 1502 1461 Flor.
1527 1420 1555 1461 d
1574 1420 1672 1462 Par.
1694 1418 1729 1460 G
1750 1421 1899 1464 Ambr.

99 1485 150 1519 et
170 1478 423 1519 co1r.Bod1.

162 1604 210 1644 Β.
272 1591 574 1669 ὥνούμενοὶ
603 1617 698 1671 Μτε
726 1603 826 1647 καὶ
865 1618 958 1646 πι-

98 1654 487 1715 πρασκόμενα
527 1675 567 1702 τ.
597 1653 637 1703 ὅ.
669 1649 715 1716 ᾖ]
759 1662 801 1702 h.
833 1674 871 1703 e.
911 1669 960 1702 et

105 1729 314 1770 vereor,
357 1729 419 1757 ne
459 1730 592 1769 quae
624 1705 723 1759 hoo
753 1719 957 1758 numis-

104 1781 246 1814 mate
315 1781 559 1814 emuntur
615 1775 959 1815 venduntur-

102 1842 228 1884 que,
271 1841 328 1869 ea
368 1829 571 1870 demum
610 1844 664 1871 re
699 1843 823 1871 vera
850 1831 959 1872 sint

102 1895 186 1927 eto.
218 1934 230 1950 r
249 1886 298 1926 In
345 1884 411 1926 his
457 1886 610 1927 mirum
650 1887 803 1928 accidit
842 1888 958 1928 istud

104 1935 353 1995 ὥνουμενα
378 1943 552 1996 passive
581 1943 753 1984 dictum.
795 1944 956 1984 Vitium

102 1999 189 2039 leni
225 1998 461 2039 mutatione
499 1999 725 2040 sustuleris
765 2000 956 2040 seriben-

103 2056 158 2096 do
190 2047 450 2119 ἐωνημένα,
482 2055 565 2096 nisi
591 2055 794 2097 malueris
827 2056 955 2096 etiam

103 2103 287 2177 ὥνῃτα,
316 2111 432 2163 quod
458 2118 631 2177 propter
658 2124 748 2164 seq.
778 2124 955 2166 πιπρα-

102 2179 315 2221 σκομενοι
362 2167 406 2206 ἰιι
456 2160 707 2221 ωνούμενα
746 2174 954 2208 mutatum

104 2230 182 2264 est.
232 2222 530 2276 Heindorf„
571 2236 668 2264 eum
707 2223 871 2263 videret
911 2224 955 2263 in

99 2280 195 2323 cod.
222 2280 338 2345 Aug.
368 2280 572 2333 scriptum
601 2287 772 2320 exstare
807 2272 955 2322 ὠνού-

100 2330 234 2391 μεθα
273 2347 324 2376 τε
363 2332 447 2376 καὶ
475 2329 868 2390 πιπρασκόμεθα,
910 2336 953 2375 in

101 2404 195 2433 eam
229 2391 510 2445 suspitionem
545 2393 736 2443 devenit,
770 2401 813 2433 ut
847 2393 953 2432 scri-

98 2449 300 2515 lgendum
307 2454 498 2514 putaret.
526 2445 610 2490 καὶ
676 2442 758 2490 ετὰ
780 2442 953 2490 τούτου

99 2519 133 2546 α
175 2497 436 2568 ωνούμεθα
474 2517 526 2546 τε
565 2517 627 2546 κα
688 2516 953 2559 πιπρασκο-

98 2573 202 2616 μεν,
243 2558 308 2617 τῷ
348 2552 452 2602 ὄντι
494 2549 538 2615 ᾖ.
571 2563 770 2603 Fortasse
808 2566 948 2602 tamen

98 2616 203 2658 nihil
262 2602 534 2666 mutandum,
605 2618 952 2670 quandoquidem

55 2683 59 2686 ’
95 2672 332 2716 Grammat.
358 2675 404 2714 in
431 2673 613 2714 Bekkeri
639 2675 804 2718 Aneod.
833 2676 864 2716 Ι.
896 2677 950 2716 95

95 2742 125 2771 e
150 2729 279 2795 Lysia
308 2730 430 2771 affert
456 2729 638 2771 formam
666 2731 847 2785 perfecti
868 2725 951 2772 ἐω-

98 2779 254 2839 νηκῶς
279 2793 406 2839 atque
422 2787 661 2840 proximum
686 2781 950 2853 πιπρασκό-

98 2854 221 2896 μενα
259 2855 396 2896 paene
437 2842 643 2896 efflagitat
683 2836 948 2897 ωνούμενα.

97 2899 320 2941 Praeterea
350 2899 475 2939 etiam
502 2899 795 2953 imperfectum
830 2901 948 2940 verbi

97 2962 266 3008 tempus
307 2955 423 3019 apud
448 2954 559 2998 Xen.
598 2956 659 2996 De
690 2969 736 2996 re
744 2958 950 3020 equestri

98 3012 213 3052 VIII.
236 3012 262 3051 2
292 3011 467 3065 passive
493 3012 700 3064 positum:
742 3025 820 3054 οτε
860 3008 947 3066 μὲν

98 3080 189 3122 γαρ
214 3059 421 3132 ἐωνεῖτο,
443 3065 711 3132 πειρᾶσθαι
732 3026 947 3110 ἐκελεύο-

97 3136 202 3178 μεν,
244 3119 288 3166 εἰ
315 3117 514 3165 δύναιτο
550 3116 575 3164 ὁ
613 3122 758 3172 ἵππος
793 3123 947 3166 ταῦτα

97 3180 273 3222 ποιεῖν.
303 3203 356 3209 -
388 3179 511 3229 Quod
534 3179 685 3220 deinde
715 3192 946 3221 recensen-

98 3242 167 3276 tur
187 3242 384 3289 quattuor
406 3236 571 3276 virtutis
601 3235 785 3277 formae.
819 3250 944 3291 pru·

98 3292 304 3342 dentia,
363 3293 599 3342 iustitia,
661 3292 943 3342 fortitudo,

98 3350 470 3402 temperantia,
499 3349 628 3390 dueta
655 3357 720 3389 est
748 3349 854 3389 haee
881 3350 945 3390 di-

97 3404 204 3444 visio
243 3406 448 3446 virtutum
495 3418 548 3445 ex
586 3405 946 3458 Pythagoreorum

94 3460 308 3514 doctrina,
337 3470 383 3502 ut
411 3470 588 3515 apparet
619 3475 672 3503 ex
699 3462 946 3514 fragmentis

183 3543 317 3573 PLAT.
349 3544 520 3576 mum).

1044 1618 1116 1659 ap.
1139 1604 1259 1648 Stob.
1281 1604 1424 1645 Floril.
1446 1605 1479 1644 I.
1504 1616 1540 1644 e.
1562 1616 1604 1657 g.
1637 1603 1820 1657 Theagis
1851 1618 1894 1658 p.

1045 1661 1414 1714 8—12.Metopi
1444 1673 1487 1714 p.
1521 1661 1561 1703 7.
1593 1657 1753 1701 Cliniae
1781 1673 1823 1714 p.
1853 1662 1894 1704 8.

1045 1718 1238 1759 Indidem
1267 1717 1421 1758 sumsit
1447 1716 1698 1757 Aristoteles
1729 1717 1896 1757 dissen-

1044 1775 1154 1815 tiens
1175 1780 1319 1815 tamen
1335 1773 1558 1814 aPlatonis
1573 1772 1750 1824 ratione,
1768 1785 1896 1824 quam

1044 1837 1198 1885 postea
1219 1829 1351 1872 Stoici
1370 1829 1653 1869 vindicarunt.
1681 1842 1722 1869 v.
1746 1829 1896 1882 Wyt-

1045 1886 1283 1927 tenbaoh.
1307 1886 1361 1926 ad
1381 1885 1422 1926 h.
1442 1885 1488 1936 l.‚
1506 1885 1562 1925 ad
1577 1884 1687 1925 Plut.
1711 1885 1771 1925 De
1793 1886 1894 1931 aud.

1042 1950 1156 1997 poet.
1187 1943 1234 1983 T.
1258 1943 1290 1982 Ι.
1320 1955 1363 1995 p.
1386 1942 1470 1983 278
1501 1946 1542 1981 et
1572 1940 1617 1982 C.
1642 1940 1807 1984 Beier.
1839 1943 1896 1983 ad

1043 1999 1128 2040 Cic.
1148 1998 1227 2040 Off.
1246 2000 1279 2041 I.
1300 1998 1421 2049 5‚15.
1442 1997 1622 2038 Excurs.
1642 1998 1691 2037 In
1712 1996 1895 2051 dialogis

1043 2055 1299 2107 quibusdam
1327 2054 1443 2105 quod
1463 2053 1583 2094 Plato
1615 2054 1741 2093 etiam
1766 2055 1891 2105 quin-

1042 2118 1128 2152 tam
1158 2111 1358 2151 virtutem
1387 2119 1594 2150 memorat
1631 2110 1891 2162 primariam,

1040 2168 1319 2221 pietatem,
1363 2166 1415 2207 de
1456 2178 1505 2206 eo
1542 2179 1582 2205 v.
1613 2165 1809 2219 Prolegg.
1838 2167 1894 2207 ad

1041 2224 1212 2292 Protag.
1235 2235 1278 2276 p.
1301 2225 1354 2264 32
1378 2235 1444 2274 sq.
1468 2222 1532 2262 ed.
1558 2224 1598 2262 2.

1097 2293 1196 2321 και
1225 2291 1418 2333 προςγ.
1449 2275 1551 2319 καὶ
1581 2271 1761 2333 απογ.]
1786 2278 1827 2322 h
1853 2291 1890 2323 e.

1040 2336 1152 2377 sive
1174 2336 1354 2376 adsint
1374 2335 1489 2376 sive
1518 2335 1710 2375 absint.

1097 2385 1459 2446 χωριζόμενα
1538 2386 1599 2432 δὲ
1669 2383 1891 2456 φρονή-

1040 2460 1177 2497 σεως
1199 2445 1293 2513 —]
1318 2447 1444 2488 Refer
1482 2447 1535 2487 ad
1564 2440 1767 2500 ἡδονάς,
1801 2440 1891 2499 φό-

1039 2503 1153 2559 βους
1175 2512 1214 2544 et
1234 2490 1384 2545 ταλλα
1405 2516 1581 2556 παντα,
1613 2510 1659 2543 ut
1680 2505 1891 2544 sententia

1037 2561 1144 2602 haee
1165 2562 1240 2602 sit:
1268 2560 1546 2600 disiuncta
1567 2567 1741 2601 autem
1761 2559 1888 2600 haee

1038 2630 1064 2657 a
1105 2618 1378 2671 sapientia
1408 2624 1457 2657 et
1493 2617 1722 2656 invicem
1749 2628 1889 2656 com-

1038 2681 1239 2715 mutata
1259 2674 1381 2714 vide
1412 2686 1473 2713 ne
1494 2672 1631 2713 nihil
1653 2673 1760 2714 sint
1782 2673 1889 2713 nisi

1037 2730 1367 2772 adumbratio
1418 2730 1673 2781 quaedam
1713 2730 1892 2770 virtu·

1038 2788 1123 2828 tis.
1164 2786 1276 2829 Plut.
1313 2787 1412 2827 adv,
1443 2787 1614 2854 Epicur.
1644 2799 1688 2850 p.
1723 2786 1829 2827 1091
1853 2785 1887 2825 D

1037 2838 1240 2885 Πλατων
1255 2865 1311 2873 ·—
1327 2835 1598 2909 ἄπηγορευε
1618 2835 1705 2890 τὰς
1727 2840 1890 2883 λυπῶν

1034 2897 1117 2941 καὶ
1166 2893 1326 2941 πόνων
1377 2891 1662 2964 ἀπαλλαγάς
1702 2891 1888 2952 ἡὸονας

1033 2950 1097 3010 μὴ
1122 2954 1348 3021 νομίζειν,
1368 2948 1475 2997 ἀλλ’
1499 2948 1603 2996 οἷόν
1620 2967 1731 2996 τινα
1751 2966 1886 2995 σκια-

1033 3012 1249 3067 γραφίαν
1277 3003 1310 3065 ἢ
1336 3010 1470 3076 μῖξιν
1496 3006 1678 3053 οἰκείου
1699 3007 1782 3051 καὶ
1804 3002 1885 3050 αλ-

1034 3068 1238 3122 λοτρίου,
1261 3062 1487 3134 καθαπερ
1506 3067 1676 3109 λευκοῦ
1699 3063 1784 3107 καὶ
1804 3061 1886 3118 μέ-

1035 3126 1192 3174 λανος.
1223 3125 1386 3166 Deinde
1407 3116 1520 3166 οὐδ’
1544 3116 1726 3175 ἀληθὲς
1750 3117 1886 3176 ε’·χου

1033 3193 1092 3222 σα
1122 3182 1235 3233 quod
1265 3194 1318 3222 ex
1348 3181 1471 3221 codd.
1500 3179 1745 3219 melioribus
1767 3190 1885 3218 rece-

1031 3238 1187 3292 pimus,
1210 3244 1295 3278 tum
1319 3237 1470 3277 vocula
1487 3248 1537 3276 τε
1555 3235 1774 3285 suadebat,
1794 3240 1882 3274 tum

1034 3294 1234 3346 loquendi
1270 3293 1570 3334 consuetudini
1598 3291 1771 3331 minime
1804 3290 1880 3329 ad-

1035 3351 1196 3390 versari
1221 3350 1459 3391 videbatur.
1487 3361 1528 3389 v,
1561 3360 1668 3398 quae
1696 3346 1778 3386 insi
1782 3358 1805 3385 a
1828 3346 1882 3384 ld

1033 3418 1076 3458 p.
1101 3406 1235 3447 lOOD
1256 3406 1570 3446 annotavimus

1091 3455 1150 3502 τό
1176 3455 1223 3502 δ’
1249 3455 1469 3515 αληθὲς
1500 3458 1569 3515 τῷ
1600 3450 1742 3509 ὄντι]
1768 3456 1898 3495 Haeo.

1506 3526 1539 3578 9
