2158 3718
169 0 371 35 ’ἑᾞηῖ
370 0 471 36 ἰζῖ

490 0 549 46 {255⁸
541 0 701 44 ²5:⁵''3‘W
702 0 805 42 ἕ

169 24 473 170 204Ι

251 256 559 327 Σωκράτης
612 258 768 325 ἔλεγε
806 256 1002 325 λόγον,
1041 258 1153 309 νῦν
1191 256 1269 319 εἰς
1305 253 1566 311 ἀπιστίαν
1603 258 2022 316 καταπέπτωκε-

250 344 592 410 θαυμαστῶς
636 340 745 410 γάρ
790 361 900 410 μου
947 338 976 395 ὁ
1015 339 1180 408 λόγος
1216 333 1380 405 οὗτος
1426 339 1892 414 α’ντιλαμβάνεται
1927 345 2023 398 καὶ

805 0 1039 42 ‘ww
1041 0 1181 38 “rw
1174 0 1260 48 *a
1253 0 1327 42 *a
1321 0 1436 42 *aa
1423 0 1646 50 '²⁹:11
1661 4 1909 57 ..
1940 43 1942 45 ,

1907 50 1983 74 ³1*st
2012 62 2025 66 ..

1890 79 1893 83 ⁸
1926 79 2015 112 ffb
2046 92 2051 104 v
2099 106 2109 115 ι

971 116 1293 162 PLA'I'ONIS

251 428 363 478 νῦν
409 425 502 478 καὶ
549 423 662 494 ἀεί,
710 423 772 478 τὸ
821 422 1099 494 ἁρμονίαν
1135 424 1261 478 τινὰ
1298 424 1456 496 ἡμῶν
1495 423 1638 480 εἶναι
1674 425 1777 498 τὴν
1813 429 2024 499 ψυχήν,

251 510 347 562 καὶ
384 506 565 579 ῶςπερ
603 507 890 578 ὑπέμνησε
921 529 988 578 με
1026 509 1237 579 ῥηθείς,
1277 507 1362 563 ὅτι
1398 512 1491 564 καὶ
1528 510 1678 583 αὐτῷ
1715 532 1809 582 μοι
1845 516 2022 567 ταῦτα

251 593 652 663 προῦὃέδοκτο.

729 594 822 646 καὶ
858 593 1009 646 πάνυ
1057 593 1249 662 δέομαι
1287 594 1475 665 πάλιν,
1515 594 1696 666 ὥςπερ
1736 596 1793 661 ἐξ
1831 594 2024 668 ἀρχῆς,

251 676 430 736 ἄλλον
474 675 626 740 τινὸς
671 678 873 746 λόγου,
921 676 982 740 ὅς
1028 697 1095 747 με
1140 680 1347 748 πείσει,
1387 677 1461 743 ῶς
1495 685 1597 734 τοῦ
1635 679 2027 744 ἀποθανόντος

251 760 322 816 οὐ
361 762 821 832 συναποθνήσκει
856 759 890 832 ἡ
928 761 1096 831 ψυχή.
1172 762 1298 830 λέγε
1344 756 1451 818 οὖν
1496 766 1636 835 πρὸς
1672 766 1838 836 Διός,
1876 771 1953 838 πῇ
1991 763 2023 819 ὁ

193 857 228 898 Ε
252 845 559 915 Σωκράτης
612 849 857 916 μετῆλθε
907 843 1007 899 τὸν
1062 846 1257 915 λόγονς
1314 849 1408 900 καὶ
1451 848 1691 919 πότερον
1746 849 2029 919 κάκεῖνος,

251 928 432 1001 ῶςπερ
477 928 621 1000 ὑμᾶς
668 930 809 1002 φῄς,
859 930 1093 1000 ἔνδηλός
1138 952 1191 984 τι
1239 932 1456 1000 ἐγένετο
1505 931 1815 1004 ἀχθόμενος
1859 934 1894 1004 ἢ
1932 933 2028 1004 οὔ,

252 1014 394 1068 ἀλλὰ
431 1015 622 1085 πράως
661 1016 890 1085 ἐβοήθει
927 1021 1002 1087 τῷ
1041 1015 1213 1088 λόγῳ;
1262 1018 1355 1070 καὶ
1395 1017 1599 1081 ἱκανῶς
1639 1018 1952 1088 ἐβοήθησεν
1987 1018 2028 1088 ἢ

365 1170 462 1214 καὶ
491 1167 662 1231 αὐτῷ]
697 1173 785 1215 καί
807 1174 903 1216 add.
925 1174 1044 1217 Bodl
1068 1176 1165 1215 Vat.
1191 1175 1315 1216 Coisl.
1338 1175 1445 1219 Tub.
1468 1177 1581 1229 Aug.
1602 1177 1710 1218 Ven.
1732 1176 1835 1218 ΛΠ
1861 1184 2024 1231 septem

250 1230 462 1274 Vindobb.
492 1230 602 1273 Flor.
627 1244 652 1271 a
675 1232 697 1271 b
719 1244 741 1270 c
763 1231 822 1270 di
845 1244 885 1270 m
914 1231 1007 1274 Par.
1033 1229 1182 1273 CGHI
1210 1233 1356 1275 Ambr.
1387 1233 1482 1276 Zitt‚
1517 1240 1556 1273 et
1577 1245 1659 1277 rec,
1681 1234 1853 1281 Ven.,..

253 1287 379 1327 etiam
400 1287 500 1328 Bas.
524 1288 563 1330 2.

1820 1232 1868 1274 ’“’.
1891 1234 2025 1275 Habet

364 1371 412 1412 E.
447 1365 687 1424 ἔνδηλός
717 1370 785 1423 τι]
810 1385 854 1412 τι
875 1384 957 1412 om.
982 1370 1109 1415 Coisl.
1131 1373 1242 1426 Aug.
1263 1374 1370 1413 Ven.
1394 1375 1434 1415 Λ
1454 1374 1582 1416 Vind.
1609 1374 1647 1415 Φ
1669 1375 1764 1416 Par.
1789 1373 2027 1417 CEGHIL

251 1427 362 1469 Flor.
383 1428 822 1470 abcdim.sedv.
844 1440 941 1471 ann.

364 1495 463 1539 καὶ
494 1493 727 1552 ἱκανῶς]
761 1498 813 1540 V

835 1488 867 1551 ἢ
886 1493 1012 1539 καὶ
992 1512 1052 1539 ικ.
1095 1500 1224 1539 Recte
1246 1500 1397 1540 omittit
1423 1491 1456 1553 ἥ
1477 1501 1574 1541 Vat.
1615 1503 1659 1541 In
1684 1502 1795 1544 Flor.
1821 1502 1848 1542 d
1879 1498 1922 1544 εἰ
1939 1499 2023 1543 καὶ·

249 1548 426 1603 ἱκανῶς
449 1547 515 1609 ἒβ.
537 1555 703 1607 legitur.
730 1551 1014 1608 [Stephanusz
1046 1552 1129 1596 καὶ
1153 1552 1199 1597 εἰ
1218 1551 1432 1611 ΐκανῶς].

250 1694 388 1736 differt
426 1696 478 1736 ab
511 1690 832 1749 εἰςέρχεσθαι,
865 1696 979 1747 quod
1007 1695 1094 1736 fere

245 1752 583 1792 recordationem
633 1753 850 1802 animique
898 1752 1093 1792 affectum

249 1808 461 1861 significat
489 1817 688 1848 monente
716 1808 1007 1849 Hermanno
1039 1809 1094 1849 ad

250 1864 428 1905 Lucian.
471 1864 530 1904 De
552 1865 698 1906 histor.
721 1876 886 1906 conscr.
910 1878 952 1918 p.
978 1866 1044 1907 18.

304 1921 354 1961 D.
389 1914 413 1962 ὁ
438 1913 603 1975 λόγος
624 1909 792 1968 οὗτος
814 1913 1094 1974 ἀντιλαμ-

249 1936 534 2032 fidvsvatf'
536 1977 578 2019 h.
603 1990 637 2021 e
662 1977 892 2017 mirifice
911 1990 987 2018 me
1010 1990 1092 2017 ca-

247 2035 346 2088 pit,
377 2035 453 2075 ita
481 2042 535 2074 ut
562 2035 622 2075 ab
653 2035 822 2074 altera
857 2034 951 2074 iila
973 2047 1094 2074 sen-

246 2091 417 2131 tentia
445 2091 596 2143 quasi
625 2090 905 2131 abstrahar
935 2099 994 2131 et·
1006 2092 1091 2132 ab·

249 2147 427 2189 ducar.
505 2148 732 2201 Perperam
798 2147 1094 2190 Heindorf.:

248 2203 476 2243 mirifice
503 2217 578 2244 me
609 2205 751 2257 capit
782 2211 829 2243 et
858 2204 1095 2244 delectat

246 2259 377 2300 haec
399 2269 484 2300 tua
504 2261 660 2301 ratio.
691 2260 778 2301 Nec
799 2259 882 2300 alia
903 2261 1010 2301 ratio
1032 2268 1095 2301 est

247 2316 332 2358 loci
352 2318 407 2361 ah
427 2316 498 2357 illo
520 2318 765 2385 comparati
771 2317 908 2357 Parm.
918 2330 958 2370 p.
971 2318 1094 2358 13οΕ

247 2368 356 2421 νέος
377 2395 430 2403 -
450 2368 496 2414 εἶ
514 2369 582 2414 ἔτι
603 2370 685 2414 καὶ
707 2386 763 2414 ου
784 2366 856 2414 πώ
878 2385 962 2414 σου
985 2366 1094 2415 οἷντ-

249 2428 470 2495 είληπται
500 2430 790 2484 φιλοσοφία,
822 2424 884 2477 ῶς
915 2426 983 2471 ἔτι
1011 2423 1093 2470 άν-

247 2481 518 2539 τιλήψετοιι,
541 2487 581 2527 h.
607 2500 642 2530 e.
675 2488 890 2527 necdum
916 2487 1091 2551 philo—

249 2543 437 2596 sophia
459 2550 507 2583 te
527 2544 600 2583 ita
622 2544 786 2596 cepit,
806 2550 857 2583 ut
877 2543 1092 2596 imperi-

248 2605 333 2638 tae
380 2599 742 2639 multitudinis
803 2600 1091 2651 opiniones

249 2657 573 2707 asperneris.
619 2656 739 2703 Quod
779 2664 920 2696 autem
955 2655 1088 2695 Eche-

248 2720 385 2750 crates
420 2711 573 2751 fatetur
607 2712 811 2751 rationem
844 2713 970 2751 istam
1011 2712 1092 2751 sibi

247 2766 416 2820 placere
447 2768 601 2807 eximie
630 2768 820 2818 adeoque
848 2768 930 2806 iam
968 2776 1091 2807 antea

246 2821 382 2863 fuisse
411 2824 643 2875 probatam,
674 2824 716 2863 id
746 2824 918 2863 minime
939 2825 1087 2863 mirum

248 2879 417 2930 accidit,
438 2880 645 2930 siquidem
666 2881 761 2931 ipse
782 2880 861 2920 fuit
881 2879 1090 2932 Pythago-

247 2947 358 2978 reUS.
418 2935 705 2988 Pythagoreos
745 2944 884 2975 autem
926 2943 1092 2976 constat

249 2992 391 3032 omnia
419 2992 473 3032 ad
501 3004 699 3032 numeros
728 3004 776 3031 ac
797 3004 997 3032 sonorum
1019 3006 1090 3031 ra-

246 3048 382 3089 tiones
441 3049 730 3100 revocavisse,
791 3049 903 3099 quod
949 3050 1088 3102 ipsum

248 3105 372 3145 etiam
401 3105 531 3145 animi
560 3116 709 3146 natura
737 3104 939 3153 fecerunt,
964 3118 1089 3157 quam

246 3161 470 3203 voluerunt
490 3163 695 3202 contineri
715 3161 947 3202 harmonia.
984 3162 1087 3201 Rem

246 3219 414 3270 egregie
436 3219 635 3272 exposuit
651 3218 1016 3271 Wyttenbach.
1035 3219 1087 3258 ad

245 3273 459 3316 Phaedon.
486 3288 526 3328 p.
544 3276 640 3318 248.

303 3327 399 3371 καὶ
430 3330 533 3373 νῦν
560 3329 659 3373 καὶ
687 3324 802 3383 ἀεί]
844 3344 999 3381 nunc,
1041 3340 1090 3370 ut

248 3399 453 3440 semper
495 3395 662 3431 antea.
701 3389 785 3431 vid.
819 3387 1085 3431 Schaefer.

245 3443 300 3485 ad
322 3442 452 3498 Soph.
474 3444 571 3486 Ant.
595 3446 687 3489 181.

1236 1695 1332 1738 καὶ
1375 1689 1554 1753 ὥςπερ
1602 1692 1895 1754 ὑπέμνησέ
1934 1697 2022 1755 με]

1183 1763 1230 1794 et
1251 1767 1325 1794 me
1346 1755 1494 1806 quasi
1525 1756 1928 1797 commonefecit
1947 1769 2024 1797 me

1180 1812 1348 1862 ipsum
1380 1823 1583 1863 quoque
1612 1813 1661 1851 in
1684 1813 1863 1853 eadem
1883 1812 2021 1854 fuis-

1180 1879 1232 1907 se
1254 1867 1541 1916 sententia
1568 1876 1611 1907 ut
1632 1868 1807 1909 Phaedr
1830 1882 1872 1923 p.
1897 1869 2028 1910 260ss

1183 1924 1291 1963 etal.
1309 1923 1573 1967 Heindorf.
1592 1925 1647 1965 ad
1669 1925 1822 1978 Cratyl.
1841 1938 1884 1978 p.
1896 1925 2022 1967 3840

1179 1992 1329 2032 ωςπερ
1387 1980 1686 2034 interpretatur
1741 1994 1769 2034 p
1779 1995 1799 2021 r
1810 1994 1832 2022 ο
1844 1994 1871 2035 p
1884 1995 1906 2022 e
1918 1996 1958 2023 m
1969 1994 2023 2023 0-

1181 2036 1309 2079 dum

1236 2091 1307 2146 πῇ
1333 2086 1374 2133 ὁ
1404 2093 1461 2134 Σ.
1492 2092 1751 2147 μετῆλθε
1793 2086 1891 2135 τὸν
1932 2087 2025 2136 λό-

1181 2162 1280 2203 γον
1302 2147 1371 2202 --]
1405 2150 1657 2201 quomodo
1687 2150 1732 2191 S.
1769 2162 2026 2203 persecu-

1181 2216 1264 2246 tus
1288 2207 1358 2246 sit
1380 2213 1427 2246 et
1448 2207 1509 2247 ad
1530 2206 1689 2246 finem
1710 2207 2028 2260 perduxerit.

1182 2263 1601 2316 disputationem
1631 2263 1690 2304 de
1729 2264 1887 2303 animi
1928 2265 2020 2304 im-

1180 2319 1520 2359 mortalitate.

1236 2376 1282 2418 Ε.
1318 2369 1557 2429 ἕνὸηλός
1587 2390 1637 2416 τι
1668 2368 1740 2430 ἔγ.
1766 2367 2024 2430 ἀχθόμε-

1178 2445 1239 2529 ἔέ
1252 2430 1881 2555 &222222333333323r23n1‘35
1891 2432 2021 2552 3¹..ss

1179 2558 1219 2612 p.
1240 2546 1321 2585 218
1337 2546 1374 2585 A
1396 2537 1455 2586 ὂῖν
1478 2567 1529 2573 -
1553 2559 1597 2585 τι
1620 2543 1681 2600 τῷ
1702 2537 1853 2611 μήκει
1863 2542 2026 2587 πονῶν

1179 2594 1325 2664 α’χθῃ.
1347 2601 1456 2641 Xen.
1482 2600 1578 2652 Cyr.
1601 2603 1632 2641 1.
1653 2586 1697 2652 4,
1719 2602 1773 2641 25
1793 2595 1857 2654 μὴ
1881 2594 1905 2641 ὁ
1929 2614 2022 2642 πα-

1178 2672 1263 2710 τηρ
1305 2671 1349 2697 τι
1391 2650 1610 2721 αχθοιτο.
1650 2657 1772 2696 Dem.
1812 2657 1944 2709 Epist.
1978 2670 2021 2711 p.

1180 2713 1302 2756 1478.
1326 2714 1351 2753 9
1382 2709 1425 2753 εἰ
1445 2705 1474 2752 οἳ
1479 2708 1771 2776 χθεσθέντες
1791 2727 1837 2754 τι
1857 2735 1911 2741 -
1932 2727 2020 2767 μη·

1179 2763 1232 2810 δὲ
1261 2761 1378 2822 πρὸς
1405 2726 1778 2821 τελευτήσαντας
1807 2761 2020 2811 ἀπαλλα-

1178 2836 1417 2878 γησονται.
1459 2825 1555 2865 Alia
1597 2825 1710 2865 dabit
1750 2825 2019 2869 Schaefer

1176 2882 1230 2921 ad
1251 2881 1468 2923 Demosth.
1492 2883 1692 2934 Apparat.
1715 2882 1762 2922 T.
1784 2883 1837 2925 V.
1861 2895 1902 2935 p.
1921 2884 2019 2927 377.

1178 2958 1228 2964 -
1259 2931 1417 3001 πράως
1448 2936 1651 2992 βοηθεῖν
1672 2937 1735 2994 τῷ
1759 2933 1900 2993 λόγῳ,
1933 2951 2016 2979 ae·

1178 3006 1274 3044 quo
1305 2994 1472 3034 animo
1512 2983 1822 3034 succur'rere
1858 2996 2020 3035 ratio-

1177 3051 1248 3099 ni,
1270 3051 1297 3091 i.
1324 3063 1360 3091 e.
1386 3062 1491 3090 eam
1521 3050 1806 3091 defendere
1836 3059 1882 3091 et
1902 3052 2021 3093 vin-

1177 3107 1353 3147 dicare
1393 3109 1440 3146 in
1494 3107 1926 3149 dubitationibus
1969 3115 2021 3148 et

1177 3164 1715 3216 reprehensionibus,
1746 3164 1820 3203 ita
1847 3170 1900 3204 ut
1929 3163 2017 3203 ad·

1176 3221 1531 3261 versariorum
1580 3220 1875 3260 sententias
1916 3232 2017 3260 non

1175 3277 1401 3317 moleste
1422 3277 1580 3317 feras

1232 3330 1329 3373 καὶ
1371 3327 1580 3380 ἱκανῶς
1621 3324 1712 3386 ἐβ.]
1763 3331 1804 3371 h.
1849 3344 1883 3372 e.
1934 3329 2017 3372 καὶ

1175 3383 1420 3442 πότερον
1449 3384 1642 3439 ἱκανῶς,
1676 3389 1728 3428 de
1755 3401 1836 3439 quo
1869 3400 1947 3428 usu
1975 3401 2018 3428 v,

1176 3458 1273 3488 ann
1306 3447 1361 3487 ad
1388 3446 1556 3497 Protag.
1584 3457 1625 3498 p
1660 3446 1742 3486 330
1765 3445 1795 3485 G
1828 3451 1867 3485 et
1889 3444 2016 3497 Gorg.

2138 3359 2158 3391 ὼ

2134 3395 2158 3718 i
