2158 3718
644 131 939 185 CRITO.
981 131 1042 184 P.
1082 133 1166 184 44.
1210 129 1289 183 St.
1713 129 1813 180 203

125 282 444 351 Σώκρατες.
537 280 669 334 ΣΩ.
710 280 964 347 Ἐναργὲς
1008 281 1108 348 μὲν
1156 269 1291 341 οὖν,
1346 272 1420 339 ὥς
1474 281 1531 343 γέ
1584 297 1683 346 μοι
1729 277 1820 328 δο-

127 377 220 431 κεῖ,
247 359 321 420 ’ὦ
354 367 592 440 Κρίτῳν.

209 470 212 474 ’
247 447 399 523 Cap.
446 447 547 504 III.
636 450 756 502 KP.
797 451 950 502 Λίαν
992 467 1067 516 γε,
1111 442 1183 508 ὡς
1207 448 1397 499 ἔοικεν.
1439 441 1587 507 ἀλλ’,
1632 434 1671 495 ὦ
1703 444 1822 496 δαι-

127 533 285 606 μόνιε
320 532 660 605 ’Σώκρατες,
716 534 795 586 ἔτι
849 534 941 585 καὶ
1003 533 1106 585 νῦν
1157 532 1277 600 ἐμοὶ
1324 533 1532 582 πείθου
1581 529 1671 580 καὶ
1718 524 1823 580 σιά-

129 623 302 686 θητι·
348 615 420 680 ὡς
466 623 616 689 ἐμοί,
673 613 772 670 ἐὰν
815 613 880 670 σὺ
927 612 1267 689 ἀποθάνῃς,
1314 612 1380 667 οὐ
1423 617 1522 683 μία
1567 608 1825 684 ξυμφορὰ

129 710 301 771 ὲστιὶν,”
339 700 485 757 ἀλλὰ
527 704 695 773 χωρὶς
737 704 838 771 μὲν
883 702 980 755 τοῦ
1025 701 1363 769 ἐστερῆσθαι
1401 694 1668 752 ’τοιούτου
1713 700 1828 749 ἐπι-

130 790 378 857 τηδείου,
434 786 556 843 οἷον
611 782 710 854 ἐγώ
773 783 971 840 οὐδένα
1025 783 1100 853 μή
1156 799 1290 837 ποτε
1334 779 1573 854 εὑρήσω,
1632 783 1709 834 ἔτι
1771 781 1827 833 δὲ

136 964 216 1004 pro
248 953 361 1004 vulg.
393 952 507 992 ἐστιν
538 951 669 1002 ἄλλη,
714 947 819 990 ἀλλὰ
847 963 917 1002 χρ.
977 948 1030 987 In
1076 946 1171 987 aliis
1215 946 1337 988 libris
1374 943 1483 985 ἀλλὰ
1524 945 1686 986 omisso
1723 942 1829 995 ἄλλη

136 1015 415 1119 ’θτνδέιὶιτὲὶς
455 1069 546 1118 μὲν
585 1068 682 1104 τοῦ
718 1062 917 1116 gorea]
953 1062 1016 1103 lta
1048 1059 1239 1101 correxit
1270 1059 1520 1114 wolfius.
1582 1058 1701 1099 Libri
1735 1061 1832 1107 σοῦ,

137 1125 255 1178 quod
288 1120 458 1164 mireris
487 1122 597 1163 tueri
629 1127 831 1162 conatum
878 1132 978 1161 esse
1011 1119 1369 1159 Hermannum
1408 1117 1658 1158 infinitivum
1703 1116 1831 1156 etiam

136 1180 443 1236 praepositioni
483 1179 597 1232 iungi
638 1183 978 1219 asseverantem.
1021 1174 1384 1229 confischaefer.
1428 1175 1481 1215 ad
1514 1176 1700 1227 Gregor.
1734 1173 1834 1213 Cor.

139 1254 180 1294 p.
211 1238 283 1282 39.

141 1380 274 1437 Mag.
318 1393 359 1433 p.
399 1378 484 1422 566
515 1391 576 1429 sq.
621 1376 849 1418 Salmas.
889 1374 942 1416 ad

143 1437 330 1481 Tertun.
364 1435 427 1477 De
457 1435 586 1489 pallio
619 1449 660 1488 p.
691 1435 788 1479 182.
838 1434 946 1475 Ver-

143 1496 329 1546 siculus,
372 1506 499 1546 quem
541 1494 692 1535 mulier
733 1495 805 1535 illa
838 1492 945 1533 reci-

143 1551 264 1596 tasse
315 1551 496 1600 dicitur,
559 1552 718 1605 petitus
779 1555 847 1592 est
893 1561 948 1590 ex

144 1609 307 1653 Iliad.
339 1607 415 1650 lx.
437 1607 536 1651 363.
581 1609 691 1649 Sunt
712 1621 814 1650 vero
851 1620 948 1649 ver-

145 1671 199 1711 ba
230 1667 426 1716 Achillis,
458 1667 609 1719 quibus
630 1665 773 1721 Ulyssi
806 1669 950 1707 osten-

148 1727 213 1768 dit
251 1739 298 1766 se
338 1723 494 1764 iniuriis
535 1724 594 1783 aig
619 1725 948 1774 Agamemnone

149 1780 340 1837 acceptia
372 1787 637 1835 commotum
661 1781 838 1822 domum
878 1794 948 1821 es-

150 1856 199 1884 se
239 1838 501 1889 rediturum,
544 1851 629 1891 quo
680 1839 851 1892 quidem
902 1851 950 1880 se

149 1903 377 1940 venturum
410 1909 508 1938 esse
539 1897 686 1949 speret
705 1896 774 1938 die
806 1896 949 1937 tertio.

150 1959 305 2009 ltaque
335 1955 447 2007 apud
469 1954 706 1995 Homerum
742 1956 950 2006 scriptum

152 2016 311 2067 legitur
334 2012 514 2064 ἱκοίμην.
575 2012 770 2052 Cicero
804 2012 858 2053 de
878 2012 956 2051 Di-

152 2072 284 2114 minat.
302 2071 338 2112 Ι.
358 2068 430 2120 25,
465 2070 534 2110 ubi
568 2068 689 2109 lmine
726 2070 807 2110 loci
831 2082 954 2110 men-

155 2131 316 2171 tionem
349 2127 472 2177 facit,
513 2125 771 2166 versiculum
808 2127 957 2168 Latine

157 2188 220 2227 sic
288 2185 518 2225 convertit:
601 2184 833 2224 Tertia
900 2189 958 2224 te

159 2241 400 2285 Phthiae
451 2246 758 2294 tempestas
809 2244 959 2282 laeta

158 2300 384 2342 locabit.
473 2299 678 2339 Ceterum
740 2300 961 2352 aptissime

163 2357 338 2400 Achillis
371 2357 410 2396 in
444 2356 623 2408 patriam
655 2356 833 2397 redituri
865 2369 962 2397 ver-

161 2418 216 2458 ba
248 2415 492 2455 tribuuntur
531 2412 726 2465 Socrati,
777 2415 877 2455 item
925 2415 966 2454 iu

161 2473 341 2527 patriam
382 2484 505 2512 suam
547 2471 810 2524 migraturo,
856 2470 894 2512 h.
929 2484 966 2514 e.

162 2532 202 2572 in
253 2529 430 2571 alteram
479 2529 626 2571 vitam.
700 2530 804 2569 Vita
856 2529 966 2570 enim

163 2587 266 2630 nihil
298 2586 411 2627 aliud
447 2591 514 2627 est
544 2587 623 2626 nisi
655 2587 968 2640 peregrinatio,

167 2651 211 2686 et
250 2656 367 2685 mors
412 2643 624 2696 profectio
668 2645 710 2684 in
747 2645 968 2685 meliorem

167 2702 362 2756 patriam.
409 2714 444 2744 v.
493 2701 670 2741 Davis.
708 2702 761 2742 ad
795 2701 883 2745 Cic.
918 2701 972 2742 de

169 2759 345 2800 divinat.
389 2759 417 2799 Ι.
459 2758 528 2802 25.
581 2759 710 2799 Hem
731 2760 971 2800 sterhus.

169 2816 222 2858 ad
276 2816 454 2872 Lucian.
499 2816 552 2856 T.
594 2817 625 2859 1.
678 2830 717 2869 p·
757 2816 856 2861 434.
906 2817 971 2858 ed.

169 2874 319 2916 Reitz.
369 2872 725 2916 Gataker.*ad
774 2876 973 2918 Antonin.

171 2932 232 2974 ΙΙ.
264 2931 333 2974 17.

240 2987 290 3031 Β,
358 2984 444 3030 Ὡς
481 2985 690 3026 ἄτοπον
734 2987 816 3042 --]
858 2988 896 3032 h.
939 3004 977 3033 ε’.

178 3058 335 3097 quam
371 3045 586 3095 mirum,
626 3042 680 3090 ὦς
714 3046 978 3099 θαυμαστὸν

175 3101 250 3142 καὶ
279 3100 548 3153 παράδοξον,
591 3106 638 3143 ut
675 3108 795 3144 recte
825 3117 977 3146 vocem

177 3162 518 3213 interpretantur
575 3157 615 3198 T
634 3157 658 3199 h
677 3173 703 3200 o
725 3173 762 3200 m
783 3173 806 3200 a
827 3175 847 3203 s
901 3162 980 3212 M.,

178 3217 556 3266 Phavorinus,
615 3216 695 3259 alii.
758 3217 982 3260 Phaedon.

180 3288 223 3328 p.
256 3275 325 3318 60.
357 3275 409 3317 Β.
449 3273 504 3322 ὥς
535 3270 708 3314 ἅτοπόῦ
739 3290 851 3314 τι-
874 3279 982 3317 ἔοικε

182 3331 294 3372 εἶναι
323 3335 486 3381 τοῦτο,
529 3328 556 3373 δ’
586 3331 789 3371 καλοῦσιν
828 3333 871 3372 οἱ
909 3334 984 3373 ἅν-

184 3393 362 3444 θρωποι
414 3387 509 3440 ἡδύ.
549 3389 826 3442 Aristoph.
884 3395 984 3432 Avv.

1031 1389 1068 1417 v.
1099 1376 1225 1420 1200.
1267 1373 1436 1416 ἄτοπόν
1467 1376 1514 1428 γε’
1541 1389 1612 1414 τοι
1644 1370 1692 1413 τό
1731 1374 1837 1425 πρᾶ-

1031 1450 1135 1488 γμα.
1215 1433 1379 1475 Deinde
1442 1431 1562 1485 quod
1622 1431 1835 1471 somnium

1031 1492 1187 1532 dicitur
1217 1493 1408 1546 ἐναργές,
1451 1490 1699 1542 intelligitur
1730 1486 1832 1528 illud

1031 1555 1119 1591 tam
1151 1551 1313 1590 clarum
1353 1555 1396 1590 et
1428 1547 1626 1595 evidens,
1666 1551 1712 1587 ut
1753 1557 1836 1586 non

1033 1620 1146 1661 opus
1198 1609 1254 1648 sit
1306 1607 1554 1648 coniectore
1593 1610 1667 1646 ant
1706 1604 1837 1644 inter-

1035 1670 1171 1720 prete.
1232 1665 1345 1710 Tum
1383 1667 1456 1718 μέν
1493 1658 1573 1704 οὖν
1614 1667 1680 1703 est
1715 1662 1838 1710 imo,

1034 1725 1142 1764 imo
1187 1736 1342 1774 vero,
1397 1726 1444 1762 ut
1484 1721 1620 1769 Gorg.
1661 1734 1699 1773 p.
1741 1718 1841 1762 466.

1035 1783 1085 1822 Α.
1125 1782 1180 1822 Ε.
1225 1781 1360 1833 Legg.
1402 1780 1452 1820 ll.
1493 1792 1534 1832 p.
1568 1777 1665 1822 655.
1701 1777 1756 1817 V.
1796 1790 1838 1829 p.

1037 1838 1134 1883 728.
1170 1841 1218 1882 A.
1265 1835 1521 1893 Euthydem.
1567 1850 1606 1889 p.
1647 1834 1747 1878 304.
1788 1834 1840 1874 E.

1038 1897 1297 1950 Hipp.,mai.
1319 1909 1360 1949 p.
1384 1894 1482 1938 283.
1515 1894 1566 1934 B.
1604 1891 1840 1946 Xenopll.

1038 1955 1171 1996 Mem.
1232 1955 1304 1995 lll.
1361 1954 1388 1996 8
1460 1952 1502 1995 4.
1562 1949 1841 2004 Aristoph.

1039 2012 1206 2066 Equitt.
1238 2026 1276 2052 v.
1307 2012 1377 2055 13.
1401 1985 1507 2054 blo.
1540 2011 1593 2053 al.

1099 2097 1203 2151 Cap.
1245 2097 1332 2136 III.
1400 2095 1527 2147 ἀλλ’,
1577 2089 1612 2136 ὦ
1654 2093 1840 2147 δαιμό-

1043 2169 1119 2195 νιε
1149 2155 1231 2206 -]
1271 2155 1426 2195 Verbis
1455 2157 1520 2195 ἔτι
1549 2153 1618 2193 καὶ
1648 2153 1744 2201 νῦν,
1777 2155 1843 2194 vel

1045 2225 1193 2261 nune,
1217 2224 1355 2252 {nunc
1387 2214 1599 2261 saltem,
1624 2224 1710 2263 quo
1732 2216 1846 2252 tem·

1046 2283 1152 2323 pore
1173 2270 1340 2310 scilicet
1362 2269 1511 2310 ultima
1533 2270 1646 2309 vitae
1671 2282 1846 2309 servan-

1049 2327 1129 2368 dae
1150 2328 1296 2368 oblata
1322 2333 1389 2368 est
1420 2327 1611 2376 occasio,
1637 2326 1850 2368 indicatur

1054 2385 1274 2426 Critonem
1317 2390 1441 2425 antea
1483 2384 1639 2425 frustra
1681 2383 1851 2425 Socrati

1054 2443 1317 2496 persuadere
1336 2449 1535 2483 conatum
1561 2455 1674 2490 esse,
1707 2446 1754 2482 ut
1783 2441 1851 2481 su-

1054 2514 1106 2554 ga
1141 2501 1264 2540 saluti
1287 2513 1390 2540 suae
1412 2502 1672 2542 consuleret.
1693 2499 1759 2539 So
1776 2498 1853 2552 pli.

1058 2557 1165 2600 Phil.
1205 2572 1245 2599 v.
1286 2557 1386 2601 950.
1432 2557 1537 2597 ἀλλὰ
1584 2561 1660 2596 νῦν
1701 2555 1760 2595 ἔτ’
1812 2558 1855 2594 ἰν

1054 2620 1221 2656 σαυτοῦ
1247 2620 1385 2668 γενοῦ.
1421 2614 1691 2668 Aristoph.
1715 2615 1853 2655 Rann.

1056 2672 1184 2717 1246.
1224 2672 1322 2713 dm!
1368 2672 1533 2727 u'iyaO',
1572 2675 1635 2713 ἔτι
1673 2672 1742 2713 καὶ
1780 2675 1857 2711 νῦν

1055 2730 1234 2778 ἆτιοὸός.

1118 2815 1176 2857 ου’
1220 2818 1316 2870 μία
1358 2814 1608 2872 ’ξυμφοραί
1647 2839 1703 2846 —-
1735 2815 1857 2868 nius-

1061 2875 1248 2925 λῆσιιι]
1297 2875 1462 2916 Sensus
1502 2874 1568 2915 hic
1610 2879 1699 2917 est:
1745 2873 1857 2916 Non

1060 2944 1213 2973 unam
1257 2936 1494 2984 tantum,
1546 2932 1636 2972 sed
1679 2932 1858 2973 multi-

1062 2992 1250 3043 plicem
1293 2996 1381 3031 tua
1427 3003 1568 3031 mors
1614 2989 1739 3030 milii
1784 3001 1862 3030 ea-

1065 3047 1357 3089 lam'itatem
1434 3047 1674 3089 affert:
1745 3059 1861 3087 nam

1064 3105 1426 3158 preterquam
1490 3104 1631 3157 quod
1681 3109 1734 3147 te
1787 3116 1864 3144 or-

1067 3164 1224 3203 batus
1285 3174 1397 3214 eru,
1463 3164 1678 3214 qualem
1738 3162 1864 3202 ami,

1068 3231 1181 3261 cum
1242 3221 1391 3261 nullo
1452 3233 1678 3273 unquam
1737 3222 1865 3260 tem-

1070 3289 1204 3329 pore
1252 3278 1554 3330 reperiam,
1608 3278 1768 3319 etiam
1819 3277 1864 3315 in

1071 3333 1354 3387 perfidiae
1392 3340 1443 3375 et
1474 3333 1754 3390 nequiltiae
1784 3344 1864 3371 su-

1072 3391 1369 3444 spicionem
1411 3392 1680 3433 incurram
1723 3387 1865 3442 apud
