2222 3762
323 107 722 198 PLAToNJs
760 140 1248 196 AronoclAM
1289 141 1688 199 socssAT1s.
1793 144 1858 196 29

162 285 461 356 sophistica
497 292 551 337 et
588 283 861 337 rhetorica
896 284 1164 354 corruptis
1205 302 1268 334 ac
1307 282 1639 353 depravatis,
1714 285 1858 338 Pau-

160 376 345 410 corum
395 364 574 409 autem
612 355 896 426 imperium
946 355 1003 407 in
1043 373 1259 409 saevam
1297 354 1725 478 degeneraverat
1761 356 1859 409 do-

159 427 542 495 minationem,
598 445 737 495 quae
787 427 1206 494 temperantiae,
1258 445 1345 477 mo
1391 428 1593 495 estiae,
1641 427 1858 498 sapien-

157 498 266 551 tiae
306 497 540 568 denique
578 498 783 550 nullum
812 497 991 549 locum
1019 497 1365 566 relinqueret.
1443 498 1713 552 Neutram
1750 499 1855 569 igi-

157 576 248 622 tur
294 571 520 623 formam
572 568 902 640 reipublicae
941 567 1197 622 Socrates
1234 575 1452 637 poterat
1488 570 1723 639 probare
1768 577 1856 622 ut-

156 648 284 710 pote
317 640 644 711 turpissimis
699 640 846 692 vitiis
886 639 1242 709 inquinatam.
1306 638 1484 708 Quod
1523 640 1857 694 accusatori-

156 712 259 765 bus
297 713 412 766 eius
450 731 639 764 ansam
677 711 846 779 dedit,
886 718 949 762 ut
987 729 1109 764 eum
1146 710 1292 780 apud
1329 711 1621 783 populares
1646 711 1856 764 iudices

158 782 226 835 de
265 781 629 836 democratiae
666 782 792 835 odio
831 789 1143 852 suspectum
1179 781 1500 851 redderent,
1562 802 1726 852 quam
1763 801 1854 836 ca-

154 854 412 906 lumniam
472 855 712 907 refutant
764 852 1092 922 Xenoph.
1132 853 1297 922 Apol.
1335 853 1380 907 I.
1423 857 1482 924 2,
1524 855 1608 906 60.
1648 854 1853 926 Diog.

155 925 386 978 Laert.
426 925 502 978 II.
543 928 628 978 24.
673 927 743 990 ἠν
793 928 851 978 δὲ
905 926 1332 995 ἰσχυρογνώμων
1380 931 1472 979 καὶ
1511 930 1855 996 δημοκρα-

154 997 353 1059 τικός
403 1019 452 1050 κ.
490 1019 536 1050 τ.
576 1001 623 1048 λ.
715 995 832 1048 Iam
881 1013 1012 1047 vero
1061 994 1196 1048 haec
1247 1015 1413 1065 quum
1462 996 1625 1048 fuerit
1671 1015 1855 1050 rerum

154 1066 429 1135 conditio,
479 1067 601 1136 quis
654 1085 856 1136 quaeso
899 1072 1010 1133 est,
1070 1066 1201 1135 quin
1237 1066 1380 1119 ultro
1419 1067 1501 1119 lar
1540 1068 1709 1134 iatur‚
1751 1066 1853 1122 So-

153 1146 356 1190 cratem
395 1145 583 1209 utpote
624 1137 886 1190 scientiae
925 1143 1088 1205 atque
1128 1137 1344 1190 virtutis
1391 1146 1479 1191 stu
1520 1138 1572 1190 io
1611 1139 1855 1191 tribuen-

153 1217 261 1262 tem
329 1211 507 1262 omnia
565 1207 880 1262 iustissimis
933 1207 1001 1260 de
1068 1210 1277 1262 caussis
1341 1209 1620 1280 republica
1685 1210 1854 1263 absti-

156 1279 382 1333 nuisse?
455 1280 752 1334 Enimvero
789 1279 869 1331 illi
917 1278 1135 1348 quidem
1190 1279 1611 1350 haudquaquam
1662 1281 1853 1334 fortio-

151 1370 238 1405 res
277 1350 505 1418 Socrate
547 1352 875 1418 extiterunt,
929 1351 1021 1420 qui
1070 1371 1244 1421 nuper
1288 1352 1406 1405 viro
1448 1353 1852 1423 sapientissimo

150 1422 256 1483 hoc
317 1423 602 1476 consilium
672 1430 954 1475 verterunt
1008 1422 1330 1493 opprobriO,
1411 1423 1854 1492 quandoquidem

151 1493 168 1545 i
210 1494 286 1563 si,
360 1494 489 1548 licet
561 1493 941 1547 miserabiliter
1014 1512 1176 1564 saepe
1251 1496 1542 1563 conquesti
1617 1495 1725 1547 sint
1785 1494 1852 1548 de

153 1514 471 1636 disciplinae
530 1566 784 1637 publicae
840 1583 903 1617 ac
968 1565 1216 1635 privatae
1279 1565 1703 1636 depravatione,
1768 1573 1852 1618 ta-

151 1655 275 1689 men
345 1636 652 1690 maluerunt
723 1636 781 1688 in
845 1636 1088 1706 privatae
1151 1637 1297 1690 vitae
1358 1637 1693 1691 >umbraculis
1756 1636 1850 1690 de-

150 1707 434 1776 litescere,
499 1728 661 1778 quam
716 1706 1064 1761 audentiores
1127 1708 1356 1779 publice
1411 1708 1644 1779 publicis
1694 1709 1849 1762 malis

151 1778 368 1832 obviam
428 1780 506 1832 ire
569 1789 623 1832 et
697 1778 967 1832 laboranti
1026 1779 1235 1850 patriae
1281 1787 1636 1832 succurrere.
1735 1779 1849 1834 Sed

149 1849 412 1909 mittimus
447 1851 581 1915 ista3
637 1850 806 1904 satius
844 1851 946 1902 erit
981 1851 1269 1904 revertisse
1308 1850 1378 1903 ad
1416 1850 1713 1906 Socratem.
1788 1852 1847 1905 Is

148 1921 319 1993 igitur
353 1941 452 1993 pro
492 1941 592 1976 suo
631 1941 762 1993 erga
798 1922 1027 1992 patriam
1051 1941 1250 1990 amore,
1292 1923 1378 1975 cui
1407 1931 1520 1976 erat
1544 1942 1643 1993 per
1669 1924 1850 1976 omnia

150 1991 522 2047 deditissimus
573 1995 650 2064 (v.
702 1993 877 2048 Plat.
929 1991 1065 2046 Crit.
1104 2014 1156 2064 p.
1198 1995 1281 2048 50.
1324 1996 1387 2046 51
1432 2013 1551 2063 sqq.
1590 1994 1754 2065 Apol.
1792 2015 1845 2065 p.

150 2066 232 2117 29.
271 2064 586 2136 Xenoph.
625 2064 791 2118 Mem.
830 2063 937 2116 III.
979 2067 1028 2118 3.
1073 2067 1152 2117 12.
1192 2065 1300 2117 ΙΙΙ.
1343 2067 1400 2133 5,
1445 2068 1476 2118 2
1515 2084 1636 2134 sqq.
1687 2073 1741 2118 et
1782 2068 1846 2118 18

149 2136 296 2205 sqq.)
333 2135 390 2188 in
425 2136 648 2206 publica
682 2136 790 2187 ista
827 2135 1092 2188 scelerum
1131 2144 1186 2188 et
1214 2136 1476 2189 malorum
1501 2136 1686 2192 illuvie
1724 2155 1846 2189 eum

148 2207 290 2258 vitae
329 2225 547 2259 cursum
585 2206 688 2260 sibi
722 2205 1019 2258 tenendum
1056 2206 1338 2274 iudicavit,
1383 2214 1445 2259 ut
1483 2207 1692 2260 civibus
1729 2208 1844 2260 suis

147 2277 400 2346 privatim
451 2278 634 2347 potius
681 2275 970 2346 prodesset
1008 2296 1169 2345 quam
1207 2285 1518 2349 capesseret
1551 2279 1845 2348 rempubli-

149 2367 283 2403 cam.
355 2349 524 2402 Plane
563 2348 704 2402 enim
744 2347 850 2401 sibi
886 2357 1233 2418 persuaserat
1246 2390 1261 2417 ,
1314 2368 1500 2402 verum
1538 2367 1658 2403 esse
1696 2349 1845 2418 quod

149 2418 186 2474 S
204 2438 232 2472 e
246 2439 281 2471 n
294 2439 323 2472 e
339 2438 369 2473 c
381 2439 414 2472 a
460 2419 548 2472 De
597 2418 870 2487 tranquill.
926 2438 1010 2486 an.
1062 2439 1108 2472 c.
1167 2424 1216 2473 3.
1268 2421 1346 2473 sic
1396 2419 1616 2473 effatur:
1690 2421 1743 2474 N
1761 2441 1793 2474 o
1808 2440 1845 2474 n

147 2490 344 2544 solus
406 2491 465 2544 is
524 2490 970 2560 reipublicae
1029 2490 1349 2562 prodest,
1426 2492 1544 2560 qui
1602 2498 1845 2546 tuetur

146 2580 300 2616 reos
339 2569 405 2615 et
442 2561 518 2615 de
554 2581 725 2632 pace
761 2561 1086 2631 belloque
1124 2572 1393 2631 censet,
1434 2561 1557 2615 sed
1595 2563 1713 2631 qui
1748 2563 1844 2617 iu-

146 2640 498 2686 ventutem
550 2633 1005 2701 exhortatur,
1074 2634 1188 2703 qui
1238 2633 1479 2702 docet,
1531 2633 1700 2703 quid
1747 2635 1845 2688 sit

146 2703 459 2767 iustitia,
509 2703 684 2774 quid
785 2704 997 2772 ietaS,
1053 2704 1164 2774 qui
1182 2704 1218 2757 d
1254 2705 1636 2774 patientia,
1677 2705 1843 2775 quid

146 2774 527 2844 fortitudO,
580 2723 769 2845 quic?
796 2776 1045 2828 mortis
1099 2783 1528 2844 contemtuS,
1580 2777 1695 2846 qui
1731 2796 1843 2830 nu-

146 2846 356 2900 minis
406 2847 858 2914 intellectus,
913 2866 1107 2916 quam
1162 2847 1552 2919 gratuitum
1588 2848 1622 2901 b
1643 2867 1842 2901 onum

147 2936 173 2970 s
189 2917 243 2969 it
293 2937 322 2970 c
338 2937 369 2970 o
383 2938 420 2970 n
435 2937 459 2971 s
475 2937 505 2970 c
520 2918 538 2969 i
554 2937 582 2970 e
600 2937 635 2970 n
647 2917 700 2970 ti
714 2937 762 2971 a.
849 2915 1030 2985 Quam
1081 2918 1298 2988 quidem
1351 2918 1686 2988 provinciam
1739 2918 1841 2974 So-

147 2996 351 3042 cratem
423 2988 842 3060 religiosissime·
902 2988 1361 3043 administravisse
1375 3031 1390 3057 ,
1462 2998 1610 3043 certe
1683 3009 1841 3044 nemo

149 3059 270 3128 quis
277 3078 438 3128 quam
479 3060 761 3131 negaverit
771 3100 787 3128 ,
838 3067 1001 3129 atque
1053 3061 1212 3114 etiam
1261 3059 1454 3114 exinde
1491 3061 1838 3132 perspicitur,

148 3129 297 3199 quod
333 3130 787 3201 praestantissimi
826 3131 942 3184 eius
983 3130 1235 3203 discipuli
1264 3131 1482 3185 easdem
1508 3133 1576 3185 ob
1617 3150 1839 3186 caussas

148 3200 375 3254 eandem
421 3202 582 3271 plane
635 3201 855 3255 vivendi
901 3202 1043 3255 viam
1091 3203 1322 3274 ingressi
1377 3210 1504 3255 sunt
1520 3243 1535 3270 ,
1593 3203 1838 3272 quando-

147 3271 366 3341 quidem
401 3272 717 3342 Xenophon
751 3272 1042 3327 defunctus
1079 3274 1298 3326 militiae
1336 3273 1612 3328 laboribus
1645 3274 1835 3327 relicta

146 3343 321 3412 patria
356 3345 413 3396 in
450 3343 742 3398 solitudine
781 3345 886 3399 sibi
924 3352 1086 3414 atque
1121 3345 1318 3399 litteris
1349 3345 1486 3398 vixit
1499 3366 1511 3408 3
1548 3345 1707 3398 Plato
1742 3363 1834 3396 au-
