2222 3762
413 156 481 208 60
1012 156 1484 215 PLATONIS

410 299 839 374 ράκια,ἀτεχνῶς
859 302 995 377 ὲρήμ
1003 327 1068 372 ην
1084 327 1325 377 κατηγορ
1333 305 1995 377 οῦντες,ἀπολογουμένου
2010 307 2108 364 οὐ.-

411 383 584 450 δενός.
613 383 643 442 ὂ
660 390 715 443 δὲ
733 386 962 444 πάντων
976 387 1361 459 ἀλογώτατον,
1373 387 1461 458 ὅτι
1479 389 1605 447 οὐδὲ
1625 389 1693 446 τὰ
1715 389 1968 460 ὀνόματα
1986 390 2109 450 οἶόν

316 470 371 522 D
409 490 467 526 τε
483 469 669 527 αὐτῶν
700 476 897 528 εἰδέναι
926 478 1018 528 καὶ
1037 481 1220 539 εἰπεῖν,
1234 473 1379 541 πλὴν
1403 475 1545 538 εἴτις
1565 470 1967 547 ’κωμῳδοποιὸς
1982 497 2110 546 τυγ-

405 552 561 625 χάνει
605 551 700 612 ὦν.
742 554 867 612 ὅσοι
905 560 960 612 δὲ
999 555 1209 631 φθόνῳ
1246 563 1338 614 καὶ
1380 562 1610 636 διαβολῇ
1643 557 1919 630 χρώμενοι
1964 558 2112 629 ὑμᾶς

409 637 738 705 ἀνέπειθον,
783 647 835 697 οὶ
872 645 927 696 δὲ
969 645 1061 696 καὶ
1088 641 1255 698 αὐτοὶ
1279 649 1622 713 πεπεισμένοι
1646 644 1850 708 ἄλλους
1873 648 2112 700 πείθον·

408 743 510 787 τες,
558 715 714 779 οὗτοι
759 723 964 790 πάντες
1018 725 1381 798 ἀπορώτατοι
1423 733 1584 782 εἰσιν·
1646 727 1772 785 οὐδὲ
1816 727 1925 798 ,ἀρ
1967 727 2113 783 ἀνα-

408 804 768 877 βιβάσασθαι
812 808 935 865 οἷόν
983 808 1021 864 τ’
1073 815 1223 866 ἐστιν
1251 809 1438 869 αὐτῶν
1465 815 1741 867 ἐνταυθοῖ
1769 811 2114 879 walburgae

412 890 631 960 οὐδένα,
646 891 759 947 ἀλλ’
782 891 1003 963 ἀνάγκη
1019 891 1258 966 ἀτεχνῶς
1270 892 1443 967 ὥςπερ
1464 905 1782 967 σκιαμαχεῖν
1797 893 2114 964 ἀπολογού-

409 973 579 1045 μενόν
623 997 678 1032 τε
698 981 815 1034 ’καὶ
858 982 1086 1050 ἐλέγχειν
1125 977 1362 1051 μηδενὸς
1402 979 1864 1052 ἀποκρινομένου.
1933 978 2115 1047 Ἀξιώ-

525 1141 577 1182 D
610 1141 764 1181 εἴτις
799 1138 1204 1198 κωμωδοῑτοιὸσ
1235 1141 1294 1196 τ.]
1330 1141 1378 1185 V.
1409 1139 1762 1197 κωμῳδιοποιός,
1796 1141 1914 1196 quod
1953 1155 1979 1184 e
2008 1143 2112 1184 Vat.

411 1196 524 1238 Ven.
569 1196 616 1242 Ξ.
656 1211 695 1242 a.
741 1199 782 1240 b.
815 1199 930 1244 Flor.
971 1200 1013 1241 d.
1044 1214 1085 1254 g.
1117 1199 1156 1241 h.
1192 1200 1313 1242 Vind.
1358 1202 1393 1244 l.
1428 1199 1469 1242 2.
1502 1201 1542 1243 5.
1575 1200 1616 1242 6.
1649 1201 1754 1242 Zitt.
1787 1203 1879 1241 Par.
1912 1200 2115 1242 emenda-

409 1259 514 1300 tum.
547 1269 586 1300 v.
624 1256 863 1301 Pierson.
896 1258 949 1299 ad
977 1258 1122 1302 Moer.
1155 1272 1196 1312 p
1228 1258 1346 1309 240„
1378 1258 1452 1311 qui
1484 1259 1653 1299 censuit
1681 1261 1897 1309 vulgarem
1934 1257 2115 1300 formam

410 1326 435 1354 e
464 1300 656 1355 Platonis
686 1315 858 1369 scriptis
888 1316 1047 1367 ubique
1082 1316 1380 1368 expellendam
1409 1328 1529 1358 esse.
1563 1330 1600 1359 v.
1634 1315 1688 1357 ad
1718 1314 1941 1357 Phaedon.
1976 1329 2018 1369 p.
2043 1317 2114 1360 70.

414 1371 462 1413 Β.
496 1371 703 1427 SympoS.
746 1387 788 1426 p.
830 1372 928 1418 223.
962 1375 1013 1416 D.
1050 1374 1104 1414 al.
1139 1375 1254 1415 Libri
1296 1379 1437 1415 tamen
1493 1373 1692 1414 Platonis
1731 1373 1936 1414 iudicium>
1978 1373 2115 1415 critici

410 1427 584 1471 dubium
619 1429 822 1472 reddunt.
865 1432 1021 1485 Itaque
1051 1430 1177 1472 facile
1210 1431 1467 1473 accedamus
1499 1430 1845 1472 Schneidero
1876 1430 1931 1471 ad
1957 1430 2115 1484 Remp.

409 1486 464 1528 X.
502 1501 540 1542 p.
585 1488 684 1532 606.
726 1489 775 1530 C.
816 1489 992 1531 Platoni
1036 1494 1265 1543 utramque
1305 1489 1487 1539 formam
1541 1488 1816 1542 impertienti.
1880 1488 1979 1529 Hoc·
2017 1489 2117 1530 loco

411 1546 496 1586 utri
527 1548 674 1599 generi
695 1547 896 1588 codicum
922 1548 1308 1600 obtemperandum
1340 1550 1412 1599 sit,
1447 1545 1645 1588 dubitare
1678 1546 1835 1598 licebit,
1867 1557 1999 1598 quum
2032 1546 2116 1587 Va-

412 1661 520 1700 sect.
554 1657 602 1701 B.
636 1659 846 1712 scriptum
879 1664 968 1701 est·
997 1660 1225 1716 παραλαμ-

409 1713 614 1767 βαίνοντες
646 1717 845 1767 ἔηειθον,
894 1717 936 1758 id
981 1718 1036 1760 de
1069 1724 1225 1760 conatu

412 1780 576 1826 operae
607 1774 918 1828 accipiendum.

470 1828 704 1882 ἀτεχνῶς
756 1829 964 1886 ἐρήμην
1003 1836 1220 1886 narona]

411 1887 553 1945 ἐρήμη·
597 1889 745 1942 (δίκη)
806 1896 874 1932 est
930 1890 1220 1932 vadimonium

413 1944 652 1997 desertum,
687 1960 818 2000 quum
851 1960 950 1991 reus
986 1949 1026 1989 in
1061 1948 1220 1990 iudicio

414 2017 498 2046 non
541 2010 778 2059 comparet.
822 2020 861 2046 v.
912 2006 1143 2059 Hesych.
1175 2012 1220 2048 et

412 2062 450 2104 P
469 2062 707 2106 havorin.
741 2062 778 2105 h.
807 2076 845 2103 v.
881 2064 1113 2105 Dicebatur
1132 2065 1220 2106 hoc

412 2121 470 2166 εἰς
501 2119 582 2174 τήν
612 2122 763 2175 κυρίαν
805 2117 883 2160 ov'n
917 2120 1122 2174 ὀφθῆναι
1153 2125 1219 2165 vel

411 2178 469 2232 μὴ
490 2178 752 2231 ἀπαντῆσαι.
773 2192 811 2221 v.
823 2179 861 2219 P
875 2192 901 2220 o
915 2181 953 2220 ll
967 2193 991 2220 u
1004 2192 1045 2222 x.
1060 2179 1217 2223 Onom.

420 2237 542 2279 vm.-
570 2237 640 2280 60.
689 2237 837 2290 ltaque
878 2237 1046 2291 ἐρήμην
1085 2245 1218 2290 ’κατη-

413 2298 555 2349 γορεῖν
579 2299 648 2336 est
669 2303 942 2338 accusare
962 2308 1052 2337 reu
1071 2309 1109 2337 m
1139 2297 1221 2338 ab·

416 2358 665 2403 sentem,
744 2366 895 2406 quum
982 2354 1222 2395 vadimo-

415 2410 559 2452 nium
607 2411 869 2453 deseruit.
917 2424 957 2454 v.
1001 2411 1222 2452 Petitus

414 2468 468 2509 ad
502 2468 639 2520 Legg.
677 2469 804 2511 Attio.
849 2482 889 2521 p.
923 2467 1020 2511 317.
1055 2468 1224 2510 Hudt-

414 2527 611 2567 walker
655 2524 709 2565 de
743 2525 954 2566 Diaetetis
987 2525 1144 2569 Athen.
1184 2540 1221 2579 p.

414 2582 470 2627 99
523 2596 613 2636 sqq.
681 2582 854 2624 Meier
914 2587 961 2623 et
1021 2582 1225 2624 Schoe-

415 2652 582 2682 mann.
618 2641 642 2683 l.
682 2652 717 2683 c.
756 2653 794 2692 p.
828 2638 911 2683 753
945 2651 1039 2692 sqq.
1093 2640 1226 2680 Cuius

415 2697 476 2739 rei
515 2698 632 2738 notio
674 2698 847 2750 gravius
885 2700 1015 2739 etiam
1050 2698 1227 2739 effertur

417 2769 468 2796 ac
500 2754 624 2795 simul
662 2754 904 2796 declaratur
935 2754 1092 2796 additis
1125 2768 1222 2796 ver-

417 2813 504 2854 bis:
528 2811 878 2865 ἀπολογουμένου
897 2811 1090 2862 οὐδενός,
1111 2826 1223 2865 quae

418 2883 558 2922 nuper
579 2871 777 2910 acutulus
809 2871 977 2911 criticus
1015 2872 1223 2912 audacter

419 2927 605 2969 deletum
623 2928 707 2969 ivit
723 2928 832 2971 Voc
846 2927 981 2978 α’τεχν
983 2932 1026 2973 ῦς
1048 2929 1086 2968 in
1100 2941 1219 2969 com-

419 2985 711 3039 parationibus
724 2986 973 3039 solemne3v.
979 2985 1083 3038 adp.
1091 2985 1161 3031 30.
1171 2986 1217 3028 Ε.

463 3041 528 3083 Ἰ).
590 3041 729 3095 πλῆι
776 3043 830 3082 εἴ
860 3059 943 3087 τις
974 3045 1222 3096 κωμῳδο-

403 3116 486 3141 4πο
503 3117 550 3141 ιο
573 3114 591 3145 ς
622 3116 661 3140 τ.
680 3101 691 3153 J
750 3099 855 3141 Nam
894 3100 1059 3142 Comici
1095 3115 1222 3154 quum

421 3161 596 3199 omnino
645 3158 909 3211 philosophis
963 3165 1109 3199 essent
1161 3160 1222 3199 in-

419 3216 533 3268 festi,
567 3222 656 3257 tum
693 3217 824 3257 etiam
857 3217 1084 3257 Socratem
1116 3216 1224 3258 ludi-

420 3274 513 3315 brio
558 3272 815 3315 habuerunt.
878 3274 1008 3317 Quod
1050 3275 1225 3326 quidem

419 3332 593 3386 p'rae'ter
638 3330 991 3384 Aristophanem,
1039 3332 1094 3372 de
1141 3345 1227 3385 qno

421 3388 474 3431 ad
504 3395 544 3430 c.
577 3388 616 3433 3.
650 3390 832 3440 dicetur,
871 3389 1023 3430 fecisse
1054 3402 1227 3431 narran-

421 3452 499 3489 tur.
524 3446 723 3490 Cratinus
756 3447 795 3489 in
830 3447 1068 3501 Panoptis,
1111 3448 1228 3490 Ami-

1309 1660 1423 1714 psias
1456 1659 1497 1700 in
1531 1659 1694 1710 Conno,
1726 1671 1838 1712 quae
1869 1657 2010 1699 fabula
2035 1671 2117 1699 una

1309 1730 1406 1759 cum
1444 1717 1641 1758 Nubibus
1663 1715 1966 1769 Aristophanis
1997 1728 2118 1757 com-

1307 1776 1439 1817 missa
1473 1781 1556 1825 est,
1578 1775 1777 1827 Eupolis,
1811 1786 1835 1814 a
1854 1785 1946 1826 ‘quo
1972 1772 2117 1817 Schol.

1307 1833 1360 1882 ad
1380 1832 1605 1886 Aristopb.
1633 1832 1773 1876 Nubb.
1813 1831 1850 1873 v.
1871 1831 1942 1874 97.
1962 1835 2120 1872 auctor

1297 1895 1376 1933 est
1407 1890 1638 1931 Socratem
1686 1891 1751 1931 hlc
1793 1893 1838 1931 et
1867 1889 1954 1930 illic
1987 1888 2119 1930 vehe-

1306 1949 1575 1991 mentissime
1596 1947 1730 1988 fuisse
1747 1952 2008 2000 correptum,
2022 1946 2118 1998 alii.

1307 2006 1452 2048 Schol.
1485 2005 1711 2048 ad-Nubb.
1737 2007 1772 2046 Ἰ.
1807 2018 1844 2045 (τι
1877 2005 2007 2045 etiam
2044 2004 2118 2044 Di·-

1309 2064 1467 2118 philum
1517 2065 1733 2113 nominat,
1783 2074 1910 2116 quem
1972 2067 2118 2102 tamen

1309 2122 1615 2165 Meinekius
1664 2120 1780 2161 Hist.
1833 2119 1961 2163 crit.
1992 2119 2118 2161 Com.

1308 2193 1351 2235 p.
1366 2179 1464 2224 449.
1481 2185 1632 2220 censet
1651 2190 1733 2219 non
1751 2177 1963 2218 comicum
1985 2177 2120 2218 fuisse

1307 2242 1496 2309 poctam
1529 2236 1605 2278 sed
1636 2236 1781 2290 potius
1809 2234 2038 2276 'iambicum
2076 2237 2121 2275 et

1309 2298 1405 2351 ipso
1465 2294 1783 2348 Aristophane
1819 2293 2120 2345 antiquiorem.

1311 2349 2119 2405 Conf.Diog.1-,aert.11.·16.

1311 2409 1693 2464 Olympiodor.
1724 2416 1727 2418 ’
1772 2407 1825 2448 ad
1901 2404 2119 2448 Phaedon.

1310 2483 1352 2524 p.
1395 2468 1464 2511 70.
1517 2466 1569 2508 Β.
1625 2473 1668 2508 et
1714 2477 1824 2518 qnae
1871 2465 2119 2506 testimonia

1312 2526 1488 2580 protulit
1536 2523 1865 2564 Fritschins
1910 2522 2118 2565 Quaesti-

1313 2596 1410 2625 onn.
1446 2581 1671 2633 Aristoph
1730 2581 1793 2621 De
1825 2579 2010 2620 Socrate
2042 2592 2119 2621 ve-

1312 2647 1452 2682 terum
1488 2639 1763 2680 Comicornm
1806 2650 1846 2691 p.
1886 2636 1964 2681 196
1996 2649 2089 2690 sqq.

1370 2693 1566 2751 φθόνω
1597 2712 1686 2736 και
1719 2695 1954 2748 διαβολῆ
1986 2692 2117 2747 χρώ-

1311 2754 1486 2808 μενοι]
1519 2755 1545 2797 ἱ.
1570 2767 1606 2795 e.
1635 2757 1912 2806 φθονοῦντες
1931 2753 2001 2793 καὶ
2022 2753 2062 2791 δι
2068 2768 2120 2791 α-

1308 2816 1360 2867 53..-
1355 2809 1554 2857 ⁰Movuc.
1624 2812 1687 2852 De
1738 2811 1870 2851 verbo
1916 2813 2121 2862 χρῆσθαι

1310 2883 1404 2911 cnm
1446 2869 1729 2910 substantivis
1769 2870 1826 2909 ita
1870 2869 2118 2918 coniuncto,

1308 2934 1355 2970 ut
1387 2929 1497 2968 alius
1521 2927 1639 2968 verbi
1674 2925 1938 2979 periphrasin
1971 2925 2118 2974 faciat,

1308 2986 1405 3027 vide
1428 2983 1910 3026 Hemsterhusium
1931 2982 1985 3023 ad
2014 2982 2118 3022 Cal-

1311 3042 1476 3085 limach.
1514 3043 1672 3095 Hymn.
1715 3042 1753 3081 in
1799 3041 1918 3082 Dian.
1966 3052 2004 3082 v.
2047 3038 2115 3082 69.

1313 3125 1359 3132 —
1401 3101 1565 3141 Deinde
1590 3102 1785 3151 sequitur
1817 3102 1872 3138 οἱ
1903 3099 1974 3147 δὲ,
1998 3097 2118 3149 quasi

1313 3163 1413 3212 post
1447 3154 1545 3198 ὅσοι
1568 3157 1615 3198 δὲ
1637 3159 1801 3197 illatum
1826 3159 1946 3197 esset
1969 3153 2014 3194 οἱ
2030 3154 2118 3204 μέν,

1315 3217 1368 3257 de
1411 3229 1491 3268 qua
1540 3214 1739 3268 loquendi
1785 3214 1952 3254 ratione
1992 3225 2031 3255 v.
2061 3212 2116 3252 ad

1313 3275 1491 3325 Protag.
1528 3288 1568 3326 p.
1603 3272 1698 3315 320.
1730 3272 1772 3311 A
1806 3271 1904 3313 331.
1938 3270 1989 3311 Β.

1373 3326 1722 3386 α’πορώτατοί
1778 3328 1914 3380 elna]
1983 3326 2020 3367 ΙΙ.
2078 3340 2115 3368 e.

1317 3391 1488 3441 tales,
1520 3389 1608 3441 qui
1642 3387 1857 3430 minime
1897 3383 2118 3439 possint

1319 3446 1630 3502 oppugnari
1709 3448 1765 3487 et
1848 3441 2114 3486 convinci.
