2158 3718
229 128 313 182 ³268
893 125 1386 170 PROLEGOMENA

382 271 640 322 Echecrati
683 271 829 335 igitur
873 269 1070 320 Phaedo
1115 276 1285 319 narrat
1328 269 1498 319 ultima
1538 269 1664 319 dicta
1709 276 1855 334 atque
1891 270 2020 322 facta

243 343 462 393 Socratis
497 343 545 392 h.
575 358 615 392 e.
656 343 757 391 viro
790 341 1144 406 Pythagoricae
1189 340 1474 405 disciplinae
1508 340 1725 398 addict0,
1771 341 1852 390 cui
1885 348 2020 392 certe

242 411 364 463 nihil
389 414 546 478 potuit
570 427 679 462 esse
705 412 1002 476 exoptatiuS,
1041 426 1187 475 quam
1224 411 1526 461 Socraticam
1553 411 1930 476 disputationem
1958 411 2018 460 de

242 485 522 533 animorum
547 481 908 532 immortalitate
929 481 1113 539 audire,
1143 482 1539 546 quandoquidem
1566 482 1861 547 Pythagorei
1885 482 2019 532 hunc

241 555 401 618 ipsum
426 554 591 604 locum
617 552 960 618 philosophiae
986 551 1310 616 reperiuntur
1335 555 1619 602 tractavisse
1645 553 2017 602 studiosissime.

239 625 343 674 Nec
377 640 494 674 vero
531 632 722 674 temere
773 623 1035 687 suspiceris
1081 623 1224 672 etiam
1262 622 1380 672 alios
1417 623 1699 673 Echecratis
1735 621 2016 678 familiares,

240 711 407 746 coram
445 694 624 760 quibus
650 693 846 743 Phaedo
883 709 1160 742 sermonem
1200 695 1446 758 exposuit,
1485 694 1817 759 Pythagoreos
1851 693 2016 750 fuisse,

239 765 805 818 fortassePhantonem,
845 763 1087 820 Dioclem,
1126 763 1516 829 Polymnastum,
1558 765 1641 829 qui
1668 764 1798 828 apud
1824 763 2020 813 lambli-

238 837 389 885 chum
427 842 475 885 et
500 835 769 898 Diogenem
784 833 819 898 ¹)
857 834 1056 884 Phliasii
1091 834 1415 898 appellantur.
1467 834 1562 884 Sed
1588 835 1713 883 istud
1742 835 1941 898 quidem
1967 843 2021 883 ut

240 908 289 955 in
326 921 463 956 mera
500 908 782 955 coniectura
820 907 1033 966 positum
1071 907 1154 962 sit,
1194 906 1574 970 prudentissime
1615 911 1748 954 certe
1783 905 1919 954 Plato
1954 906 2020 954 ita

238 978 468 1033 instituit,
506 982 560 1026 ut
592 977 781 1025 homini
806 976 1113 1041 Pythagoreo
1141 977 1306 1025 omnia
1341 978 1533 1025 narrari
1560 976 1778 1032 iusserit,
1821 991 1914 1040 qua
1939 990 2020 1025 ra-

238 1049 371 1097 tione
406 1046 681 1111 legentibus
719 1048 838 1096 scite
874 1062 991 1096 suae
1034 1047 1184 1111 ipsius
1230 1047 1290 1097 de
1336 1048 1612 1096 animorum
1657 1046 2020 1096 immortalitate

227 1119 491 1168 doctrinae
527 1133 637 1167 cum
677 1118 865 1167 ratione
893 1117 1320 1182 Pythagoreorum
1358 1117 1771 1166 necessitudinem
1818 1123 1866 1166 et
1902 1131 2018 1165 con-

230 1190 538 1238 iunctionem
567 1189 866 1250 significavit.

380 1274 538 1337 Atque
572 1273 696 1322 haec
729 1274 836 1337 ipsa
877 1273 1020 1321 etiam
1047 1288 1192 1321 causa
1222 1279 1319 1328 est,
1351 1288 1438 1321 cur
1467 1272 1750 1321 Cebetem
1778 1272 2020 1335 imprimis
2091 1276 2097 1279 ’

227 1350 386 1409 -atque
422 1344 726 1393 Simmiam
762 1342 1086 1392 Thebanos
1122 1359 1233 1392 cum
1269 1344 1472 1392 Socrate
1517 1343 1577 1392 de
1615 1344 1891 1391 animorum
1927 1343 2020 1390 im-

237 1413 533 1463 mortalitate
559 1413 894 1477 colloquentes
919 1413 1057 1462 Plato
1085 1414 1345 1463 induxerit.
1402 1414 1592 1478 Quippe
1629 1413 1917 1462 audiverant
1951 1412 2021 1461 illi

237 1484 422 1534 Thebis
474 1483 773 1541 Philolaum,
831 1483 1190 1534 nobilissimum
1245 1485 1632 1549 Pythagoreum,
1686 1484 1895 1546 ideoque
1943 1497 2018 1532 sa-

239 1557 456 1620 pientiae
503 1555 856 1622 Pythagoricae
907 1554 1118 1618 aliquam
1170 1556 1438 1605 hauserant
1486 1555 1726 1604 notitiam.
1800 1554 2021 1603 Fuerunt

234 1626 384 1676 iidem
420 1627 610 1676 Socrati
649 1626 931 1675 amicissimi
944 1623 979 1691 2)
1018 1633 1066 1674 et
1091 1641 1189 1674 non
1229 1626 1374 1675 modo
1399 1627 1583 1689 ingenii
1609 1624 1832 1674 acumine
1859 1623 2019 1673 excel-

235 1696 417 1753 lentes,
457 1712 627 1746 verum
654 1697 799 1746 etiam
836 1697 1071 1745 scientiae
1098 1703 1146 1745 et
1173 1697 1460 1746 eruditionis
1486 1695 1715 1746 aviditate
1741 1693 2017 1759 insignes3).

235 1768 358 1818 Nam
398 1767 554 1818 Cebes
591 1767 786 1831 quidem
823 1782 1058 1832 perquam
1097 1766 1269 1817 sollers
1307 1774 1378 1816 est
1412 1768 1463 1815 in
1490 1766 1838 1830 investigandis
1864 1767 2020 1815 acutis

234 1837 744 1903 argumentationibus
779 1837 1147 1902 plurimumque
1181 1837 1310 1887 valet
1334 1838 1587 1887 movendis
1614 1835 2017 1891 dubitationibus,

238 1911 279 1958 si
306 1909 420 1973 quid
447 1910 609 1958 minus
637 1915 826 1958 certum
855 1914 903 1957 et
930 1908 1237 1972 exploratum
1266 1909 1511 1965 videatur3
1541 1913 1844 1973 quapropter
1873 1908 2018 1957 etiarn

237 2100 506 2172 Ξενόφιλος
540 2102 592 2148 δὲ
627 2100 913 2174 Χαλκιδεύς,
951 2103 1044 2147 τῶν
1080 2099 1175 2146 οἷπὸ
1217 2101 1407 2171 Θρᾴκης
1443 2100 1740 2146 Χαλκιδέων.
1772 2098 2019 2167 ἐφύλαξαν

236 2159 344 2232 μὲν
348 2153 434 2205 οὖν
456 2158 513 2204 τὰ
538 2156 586 2214 ἐξ
609 2158 759 2228 ἀρχῆς
779 2154 882 2215 ἤθη
912 2161 994 2204 καὶ
1022 2158 1080 2202 τὰ
1110 2157 1395 2216 μαθήματα,
1428 2162 1586 2203 καίτοι
1610 2154 1916 2227 ἐκλειπούσης
1936 2159 2020 2214 τῆς

238 2214 490 2272 αἷρὲσεως,
529 2215 615 2268 ε’ως
657 2213 858 2273 εὐγενῶς
880 2213 1241 2273 ἠφανίσθησαν
1281 2219 1432 2261 ταῦτα
1468 2214 1555 2273 μὲν
1591 2231 1679 2258 ουν
1711 2211 2020 2269 Ἀριστοξενος

236 2275 492 2330 διηγεῖται.
553 2277 624 2316 Ex
663 2277 829 2328 quibus
869 2279 1077 2329 apertum
1117 2279 1187 2316 est
1224 2290 1414 2328 pravam
1444 2289 1594 2315 rerum
1628 2275 1832 2315 civilium
1863 2273 2019 2314 condi—

234 2334 417 2374 cionem
448 2332 682 2374 exstitisse
716 2345 920 2380 causam,
960 2345 1040 2372 cui
1070 2333 1277 2373 homines
1310 2333 1643 2386 sapientissimi
1673 2331 1859 2371 Italiam
1889 2329 2018 2370 dese-

235 2389 426 2431 rendam
442 2393 685 2458 putarent.
727 2389 840 2430 Rem
871 2388 1106 2430 confirmat
1138 2390 1276 2430 etiam
1305 2390 1503 2455 Diogen.
1526 2389 1579 2430 L.
1602 2388 1727 2434 VIII,
1751 2388 1828 2427 46:
1861 2387 2019 2427 τελευ-

234 2447 365 2487 ταῖοι
397 2440 487 2510 ’γὰρ
533 2440 750 2512 ἐγένοντο
789 2443 882 2488 τῶν
895 2445 1285 2511 Hvrffocyooat'mv
1333 2440 1414 2493 οὓς
1452 2443 1535 2487 καὶ
1560 2437 1868 2510 Ἀριστόξενος
1900 2438 2016 2485 εἶδε.

230 2496 503 2568 Ξενόφιλος
532 2516 581 2544 τε
612 2496 636 2544 ὁ
667 2495 937 2550 Χαλκιδεὺς
966 2495 1058 2543 ἀπὸ
1084 2498 1289 2566 Θράκης,
1318 2500 1401 2543 καὶ
1424 2498 1620 2542 Φάντων
1644 2494 1667 2542 ὃ
1692 2495 1927 2563 Φλιάσιος
1935 2497 2017 2541 καὶ

230 2551 514 2623 Ἐχεκράτης
535 2556 618 2600 καὶ
638 2558 849 2623 Διοκλῆς
870 2556 954 2600 καὶ
976 2555 1329 2622 ῌολύμναστος,
1365 2553 1581 2599 Φλιασιοι
1604 2555 1685 2598 καὶ
1708 2549 1863 2597 αυτοί.
1894 2544 2018 2607 ἦσαν

238 2611 292 2656 δὲ
315 2607 544 2667 ακροαταὶ
572 2608 807 2656 Φιλολάου
828 2612 911 2656 καὶ
932 2608 1150 2667 Εὐρύτου
1171 2614 1263 2655 τῶν
1288 2614 1610 2665 Ταραντίνων.
1654 2614 1753 2663 Quo
1774 2612 1877 2653 loco
1900 2611 2018 2663 quod

239 2672 438 2739 scriptor
468 2673 606 2712 etiam
636 2675 797 2711 nalrat
817 2671 1111 2737 Pythagorae
1145 2672 1369 2711 rationem
1402 2684 1457 2710 ac
1489 2669 1781 2721 disciplinam
1812 2668 2016 2720 viguisse

237 2723 374 2781 μέχρι
396 2726 571 2780 ’γενεῶν
593 2721 732 2769 ἐννέα
753 2742 782 2779 η
804 2725 887 2768 καὶ
912 2723 1044 2773 δέκα,
1066 2727 1187 2767 ratio
1220 2727 1310 2766 sibi
1335 2730 1530 2773 constat,
1563 2727 1604 2765 si
1623 2725 1729 2765 inde
1754 2725 1810 2765 ab
1835 2724 2015 2778 Olymp.

237 2785 336 2824 LX.
367 2787 552 2836 repetas
593 2787 638 2824 et
677 2783 882 2835 singulas
915 2784 1238 2835 generationes
1271 2785 1404 2822 annis
1434 2783 1518 2822 XX
1549 2782 1787 2832 absolvas,
1819 2781 1865 2821 id
1898 2781 2017 2832 quod

239 2839 407 2880 dudum
437 2840 687 2880 docuerunt
714 2840 750 2883 Ι,
783 2839 969 2892 Lipsius
1006 2837 1213 2891 (Manud.
1247 2839 1304 2879 ad
1306 2839 1507 2948 pPhilos
1543 2838 1683 2879 Stoic.
1715 2838 1842 2878 Diss.
1874 2836 1939 2890 6.)
1973 2840 2018 2877 et

237 2896 292 2937 R.
329 2896 573 2937 Bentleius
613 2897 757 2947 (Diss.
790 2896 844 2935 de
883 2896 1035 2948 Epist
1075 2895 1262 2936 Phalar.
1306 2910 1348 2948 p.
1389 2895 1672 2947 81).1nte1
1710 2888 1822 2942 τούς
1861 2894 2015 2935 τελευ-

239 2951 406 3000 ταίους
426 2952 764 3006 Pythagoricos
798 2952 938 2991 etiam
959 2952 1145 2994 Diodor
1181 2952 1268 2992 Sic.
1301 2953 1398 3000 XV,
1422 2953 1475 2992 76
1508 2964 1584 2991 eos
1616 2951 1775 2998 refert,
1808 2951 1890 3003 qui
1907 2949 2014 2990 Pla-

237 3010 395 3057 tonis,
414 3008 757 3062 Xenophontis,
792 3007 1011 3048 Isocratis
1052 3013 1096 3049 et
1127 3008 1470 3061 Epaminondae
1503 3012 1660 3048 aetate
1690 3008 1909 3058 vixerint,
1942 3020 2015 3047 co-

239 3067 394 3119 gitans
425 3066 523 3107 sine
556 3065 691 3106 dubio
723 3064 778 3105 de
810 3065 969 3104 iisdem
1003 3065 1114 3108 illis,
1149 3078 1260 3116 quos
1281 3065 1515 3118 Diogenes
1549 3071 1593 3105 et
1623 3063 1907 3104 lamblichus
1936 3076 2015 3103 no-

236 3123 449 3163 minatim
485 3126 754 3163 memorant.
813 3121 1032 3161 Nimirum
1065 3122 1246 3162 videtur
1286 3124 1381 3161 tum
1419 3122 1581 3173 utique
1621 3124 1751 3161 secta
1780 3119 2018 3172 Pythago-

240 3191 419 3219 reorum
454 3178 726 3229 exolevisse,
758 3190 902 3230 usque
937 3178 1040 3217 dum
1074 3177 1252 3229 aliquot
1283 3178 1480 3218 saeculis
1519 3182 1621 3230 post
1662 3176 1809 3216 denuo
1847 3176 2013 3216 revivi-

236 3239 593 3343 scer‘ig‘Iambl.
626 3291 717 3331 vit.
748 3290 884 3343 Pyth.
917 3292 999 3332 250
1031 3303 1095 3343 sq.
1128 3291 1264 3343 Diog.
1296 3291 1347 3333 L.
1383 3291 1509 3339 vm,
1541 3291 1609 3332 46.

357 3348 403 3398 2)
434 3348 547 3388 Crit.
582 3361 687 3402 pag.
719 3349 788 3390 45.

355 3403 397 3456 3)
430 3403 603 3445 Phaed.
635 3418 679 3456 p.
711 3404 821 3445 69Ε
855 3416 947 3455 sq.,
988 3404 1043 3443 85
1068 3403 1118 3443 C.
1167 3402 1363 3445 Phaedr.
1394 3417 1437 3455 p.
1470 3404 1551 3442 242
1574 3403 1626 3444 B.
1658 3402 1773 3442 Xen.
1806 3400 1941 3441 Mem.
1975 3399 2012 3450 I,

241 3463 284 3514 2,
314 3462 384 3502 48.
419 3460 505 3512 111,
540 3463 605 3512 11,
641 3463 706 3501 17.
739 3461 874 3513 Diog.
906 3461 960 3500 L.
992 3461 1052 3511 11,
1088 3462 1182 3502 1-24.
1216 3462 1307 3503 125.
