2222 3762
11 1282 18 1293 .«
3 1106 22 1273 &AN-'am—v-
14 1055 15 1058 „

384 148 801 217 APOLOGIA
847 158 1228 217 SOCRATIS
1298 161 1361 213 P.
1415 163 1499 215 220.
1549 160 1631 215 St.
1781 163 1847 213 73

155 318 276 382 φία.
307 313 380 380 τῷ
407 311 526 366 ὄντι
550 308 656 378 γὰρ
682 306 974 363 κινδυνεύω
1001 307 1211 374 ταύτην
1227 306 1365 364 εἶναι
1383 307 1584 380 σοφός·
1612 298 1844 366 οὗτοιδὲ

155 393 269 465 τάχ’.
311 394 400 459 ἄν,
426 392 524 457 οὓς
552 393 680 463 ἄρτι
713 396 911 462 ἔλεγον,
942 395 1099 464 μείζω
1135 390 1258 447 τινα
1296 390 1328 459 ἢ
1366 391 1476 446 κατ’
1527 391 1846 460 ἄνθρωπον

155 483 363 552 σοφίαν
385 482 553 551 σοφοὶ
585 476 704 541 εἷεν,
730 475 764 543 ἢ
795 474 893 532 οὐκ
923 483 1038 547 ἔχω,
1079 481 1131 530 τί
1154 481 1284 543 λέγω
1305 495 1318 507 ·
1360 475 1426 531 οὐ
1454 473 1561 547 γὰρ
1593 473 1659 542 δὴ
1685 478 1848 542 ἔγωγε

155 561 333 627 αὐτὴν
347 567 660 630 ἐπίσταμαι,
685 560 797 615 ἀλλ’
824 558 969 624 ὅςτις
990 564 1125 634 φησὶ
1144 559 1412 633 ψεύδεταί
1442 582 1497 615 τε
1521 563 1613 614 καὶ
1630 562 1715 613 ἐπὶ
1730 562 1850 613 δια-

153 649 291 723 βολῇ
316 650 378 722 τῇ
401 649 496 722 ἐμῇ
526 652 678 713 λέγει.
705 651 797 699 καί
818 668 927 716 μοι,
947 637 986 698 ὦ
1014 644 1543 715 ἅνδρεςἈθηναῖοι,
1573 641 1649 714 μὴ
1671 648 1850 715 θορυ-

153 732 376 799 βήσητε,
401 733 537 800 μηδὲ
562 727 634 783 ἂν
665 730 801 795 δόξω
834 752 886 784 τι
912 728 1043 798 ὑμῖν
1069 737 1204 798 μέγα
1241 734 1411 799 λέγειν
1429 747 1442 759 ·
1485 727 1551 785 οὐ
1580 725 1687 797 γὰρ
1715 726 1850 797 ἐμὸν

155 818 256 882 ἐρῶ
286 813 385 869 τὸν
411 814 600 883 λόγον,
631 813 695 869 ὃν
725 812 797 869 ἂν
822 818 975 884 λέγω,
1001 813 1114 867 ἀλλ’
1153 820 1226 878 εὶς
1250 813 1547 885 ἀξιόχρεων
1577 811 1707 881 ὑμῖν
1746 810 1847 866 τὸν

154 903 384 967 λέγοντα
418 899 642 953 ανοίσω.
674 901 773 965 τῆς
799 897 908 968 γὰρ
937 901 1088 966 ἐμῆς,
1126 904 1170 951 εἰ
1200 897 1266 964 δή
1308 903 1387 962 τίς
1423 904 1533 951 ἐστι
1560 901 1729 968 σοφία
1755 901 1847 950 καὶ

155 989 263 1046 οἵα,
287 982 545 1054 μάρτυρα
586 981 716 1050 ὑμῖν
742 984 1046 1052 παρέξομαι
1080 978 1175 1035 τὸν
1209 979 1353 1036 θεὸν
1383 978 1480 1036 τὸν
1507 987 1564 1034 ἐν
1594 984 1846 1052 Δελφοῖς.

155 1070 527 1141 Χαιρεφῶντα
565 1066 672 1137 γὰρ
705 1066 817 1120 ἰ’στε
853 1086 979 1119 που.
1013 1057 1180 1127 οὗτος
1205 1063 1332 1134 ἐμός
1363 1087 1418 1119 τε
1447 1070 1666 1133 ἑταῖρος
1691 1057 1758 1130 ἦν
1791 1071 1846 1119 ὲκ

155 1211 274 1245 recte
303 1204 383 1244 dici
415 1209 609 1252 constan
642 1216 681 1244 v.
715 1206 862 1258 Poppo
896 1201 950 1242 ad
985 1202 1145 1254 Pyron.
1175 1202 1213 1244 1
1250 1202 1291 1253 2,
1324 1201 1392 1244 10.

268 1259 333 1314 μὴ
373 1257 758 1315 θορυβήσητε,
806 1258 939 1313 μηδὲ
987 1256 1046 1299 ἂν
1091 1256 1235 1311 δόξω
1274 1259 1355 1313 -]
1422 1258 1467 1297 V

1518 1256 1575 1311 μὴ
1614 1259 1663 1299 θ’.
1706 1258 1849 1314 μηδὲν,

156 1315 209 1359 ἂν
239 1315 372 1372 δόξω,
403 1320 519 1372 quod
553 1334 576 1361 e
606 1319 966 1362 Bod1.vin‹l.1
998 1317 1039 1361 4.
1073 1318 1113 1361 6
1149 1317 1245 1358 Par.
1276 1315 1405 1357 DST.
1436 1318 1547 1358 Ven.
1580 1316 1620 1357 b.
1654 1316 1772 1359 Flor.
1808 1332 1848 1372 g.

154 1376 192 1417 11.
226 1378 514 1419 emendatum.

269 1433 365 1488 γὰρ
398 1436 512 1475 ἴστε
540 1435 668 1487 που]
715 1435 764 1474 V.
799 1431 955 1487 δήπου,
983 1438 1133 1474 contra
1164 1431 1293 1472 fidem
1326 1430 1539 1474 codicum.

155 1570 219 1611 De
268 1571 520 1624 pronomine
559 1570 808 1622 possessivo
862 1570 960 1610 loco

153 1629 420 1681 pronominis
451 1629 689 1680 personalis
731 1628 870 1679 posito
904 1627 959 1667 cf.

154 1685 289 1727 Hom
306 1698 372 1726 er.
417 1686 576 1738 odyss,
618 1685 694 1729 xl.
726 1685 834 1728 202:
883 1681 963 1725 068

156 1740 327 1784 πόθος.
357 1743 515 1784 iliad.
547 1742 664 1785 ΧΙΧ.
710 1756 749 1786 v,
779 1742 879 1786 320.
922 1755 963 1783 V·

154 1801 260 1845 336:
309 1796 414 1854 ἐμὴν
462 1796 661 1854 α’γγελιήν
711 1802 737 1842 1.
778 1816 814 1842 e.
865 1801 960 1853 περὶ

156 1857 574 1912 ἑμοῦ.8ορ110111.
618 1858 815 1900 Οε11.’.Γ
846 1858 956 1902 969:

157 1918 215 1970 τῷ
246 1915 353 1985 ἐμῷ
368 1913 516 1972 πόθῳ.
569 1916 709 1957 Plat.
743 1915 879 1969 Gorg.
915 1930 956 1969 p.

153 1975 259 2019 476:
305 1968 456 2029 εὐνοίᾳ
486 1975 536 2025 τῇ
553 1975 620 2026 σῇ.
659 1975 782 2015 Hor.
817 1974 954 2028 Epod.

159 2034 206 2077 V.
275 2033 344 2076 81.
431 2046 611 2074 amore
673 2045 809 2084 meo,
888 2033 956 2072 ubi

155 2091 344 2133 Bentl.
399 2094 509 2131 male
560 2090 677 2133 mei.
727 2089 958 2131 Sallust.

155 2149 247 2199 lug.
281 2161 319 2191 c,
353 2148 433 2191 14:
475 2149 584 2188 Vos
628 2148 681 2187 in
731 2161 846 2189 mea
886 2149 958 2187 in-

156 2206 292 2246 iuria
344 2205 604 2256 despecti
665 2206 817 2246 estis.
900 2208 960 2243 Ac

157 2263 352 2304 similiter
375 2263 566 2303 Livius
590 2261 644 2303 11.
670 2261 720 2304 1:
751 2262 959 2314 regium

157 2326 355 2361 metum
389 2320 496 2360 dixit
514 2333 590 2373 pro
622 2325 758 2360 metu
787 2320 958 2371 regis;

158 2385 202 2418 et
230 2378 267 2418 Ι.
299 2378 388 2419 ΙΙΙ.
422 2378 501 2421 162
542 2383 811 2418 terrorem
853 2390 958 2417 ser-

158 2435 316 2476 vilem
397 2448 474 2488 pro
549 2440 770 2475 terrore
847 2447 958 2476 ser-

157 2506 366 2534 vorum.

213 2550 348 2604 μέγα
394 2549 604 2603 λέγειν]
665 2548 702 2592 11.
758 2563 795 2590 e.
857 2563 958 2590 11111-

156 2621 314 2661 gnum
349 2614 400 2650 et
431 2608 675 2649 insolens
721 2607 849 2660 quid
884 2607 957 2648 di-

158 2679 284 2707 cere
316 2665 354 2706 11.
386 2679 423 2709 e.
457 2664 711 2716 gloriari.
774 2665 955 2705 Formu-

159 2726 240 2764 lam
284 2725 491 2776 exemplis
529 2723 753 2762 illustravit
805 2723 960 2763 Hem-

159 2780 397 2822 sterlius.
443 2780 497 2820 ad
534 2780 708 2819 Lucinn.
749 2779 803 2822 T.
843 2781 877 2820 I.
920 2793 961 2831 p.

157 2839 229 2883 39.
266 2839 500 2879 lobeck.
535 2836 591 2877 ad
625 2837 745 2878 Aiac
789 2851 829 2878 v.
860 2837 961 2882 386.

158 2897 399 2937 Wunder,
431 2894 531 2936 ibid.
564 2893 663 2937 375.
695 2895 804 2938 conf.
834 2899 963 2936 etiam

157 2954 379 2996 Phaedon.
413 2967 454 3006 p.
485 2952 554 2996 95.
579 2952 624 2991 Β.
657 2953 796 3002 ibique
818 2959 962 2994 annot.

159 3035 214 3041 -—-
277 3013 339 3052 De
386 3011 529 3052 verbis
576 3005 638 3050 οὐ
684 3007 782 3063 γὰρ
833 3008 966 3062 ἐμὸν

159 3067 262 3121 ἐρῶ
298 3066 389 3110 τὸν
421 3066 610 3122 λόγον,
640 3080 750 3120 quae
772 3069 824 3108 ad
844 3082 959 3110 aino-

160 3127 339 3167 vendam
382 3128 578 3167 invidiam
617 3126 960 3177 interponuntur,

160 3185 215 3224 cf.
255 3185 437 3236 Eurip.
481 3183 652 3236 Fragm.
698 3184 962 3237 Melanippes

159 3255 229 3294 ap.
288 3243 644 3284 ‘Valckenaen
696 3241 872 3283 Diatrib.
920 3255 960 3292 p.

158 3299 236 3342 46:
300 3295 392 3340 Οὐκ
432 3296 535 3349 ἐμὸς
585 3298 608 3338 ό
659 3298 826 3348 μῦθος,
875 3294 959 3338 ἀλλ’

161 3356 262 3409 ἐμῆς
285 3354 442 3410 μητρὸς
458 3354 585 3410 πάρα.
610 3357 767 3398 Helen.
792 3370 828 3398 v.
852 3357 956 3400 520:

1047 1563 1198 1619 Λόγος
1236 1564 1317 1621 γάρ
1359 1566 1472 1607 ἐστιν
1512 1582 1593 1607 ουκ
1625 1565 1740 1619 ἐμός,
1774 1579 1849 1607 σο-

1048 1626 1146 1676 φῶν
1178 1621 1213 1665 δ’
1245 1626 1363 1666 ἔπος.
1410 1625 1612 1667 Alcibiad.
1641 1627 1670 1667 l.
1705 1640 1745 1679 p.
1778 1625 1848 1669 24.

1048 1684 1107 1723 O:
1139 1681 1186 1722 τὸ
1225 1684 1306 1724 τοῦ
1335 1678 1588 1736 Εὗριπίδου
1628 1681 1713 1736 ἄρα
1745 1684 1849 1736 ξυμ-

1046 1742 1209 1794 βαίνει
1252 1756 1285 1781 ω
1318 1736 1584 1812 Ἀλκιβιάδη,
1627 1743 1705 1782 τοῦ
1752 1739 1851 1782 τάδε

1047 1796 1334 1848 κινδυνεύεις,
1379 1794 1461 1840 ἀλλ’
1494 1795 1575 1840 οὐκ
1606 1797 1712 1850 ἐμοῦ
1747 1795 1848 1854 ἇκη·

1046 1857 1214 1907 κοέναι,
1259 1851 1362 1898 ουδ’
1403 1854 1488 1911 ἐγώ
1530 1857 1611 1909 εἰμι
1649 1854 1676 1898 0‘
1719 1859 1850 1900 ταῦτα

1044 1915 1199 1970 λέγων,
1241 1911 1342 1956 ἀλλὰ
1386 1914 1455 1956 σύ.
1494 1916 1694 1972 SympoS.
1736 1930 1773 1960 o.
1803 1916 1844 1959 5.

1045 1976 1186 2025 ibique
1217 1987 1312 2014 ann.

1101 2027 1436 2084 ἀξιόχρεων]
1498 2031 1613 2084 quod
1675 2032 1849 2084 proprie

1045 2090 1196 2130 dicitur
1228 2090 1282 2129 de
1314 2102 1392 2140 eo,
1424 2089 1493 2141 qui
1529 2095 1595 2130 est
1625 2089 1848 2138 solvendo,

1044 2147 1228 2198 ideoque
1261 2146 1440 2198 dignus,
1486 2148 1551 2187 cui
1592 2146 1744 2187 credas
1775 2161 1849 2200 pe-

1046 2205 1232 2254 cuniam,
1265 2204 1461 2244 similiter
1491 2208 1620 2256 atque
1650 2203 1849 2245 latinum

1048 2235 1307 2313 locuples
1345 2267 1572 2312 usurpatur
1622 2262 1749 2302 etiam
1794 2261 1849 2303 de

1046 2319 1295 2359 testibus
1338 2318 1454 2358 fide
1486 2317 1685 2387 dignis,
1747 2319 1848 2360 He-

1046 2375 1212 2428 sych.:
1268 2370 1525 2428 ἀξιόχρεως,
1580 2370 1848 2427 αξιόπιστος.

1046 2433 1216 2477 Suid..
1266 2430 1518 2486 ἀξιόχρεως·
1568 2431 1739 2483 ἱκανός,
1784 2433 1849 2486 ἑχ-

1045 2490 1216 2545 έγγυος,
1249 2488 1512 2542 ἀξιόπιστος.

1103 2549 1196 2602 τῆς
1237 2547 1330 2602 γὰρ
1372 2548 1505 2602 ἐμῆς
1529 2568 1580 2578 --·
1610 2549 1695 2588 καὶ
1728 2549 1848 2601 οἵα]

1046 2606 1083 2650 h.
1123 2620 1164 2648 e.
1219 2605 1455 2661 παρέξομαι
1497 2603 1579 2660 γὰρ
1631 2602 1730 2656 ὑμῖν
1776 2604 1852 2647 τὸν

1047 2661 1160 2704 θεὸν
1208 2663 1299 2705 τὸν
1330 2663 1377 2705 ἐν
1415 2664 1613 2716 Δελφοῖς
1658 2663 1851 2719 μάρτυρα

1047 2723 1122 2776 τῆς
1152 2720 1255 2775 ἐμῆς
1286 2724 1456 2775 σοφίας,
1488 2722 1530 2763 εἰ
1557 2719 1610 2776 δή
1629 2725 1691 2763 τίς
1726 2721 1851 2771 ἐστιν,

1043 2781 1117 2821 ,καὶ
1152 2780 1222 2820 οἵα
1253 2780 1378 2821 ἐστίν.
1410 2782 1691 2822 Attractionis
1713 2794 1848 2834 genus

1050 2840 1298 2891 explanavit
1316 2840 1352 2881 Κ
1367 2842 1543 2891 riiger.
1574 2839 1637 2880 De
1658 2840 1852 2881 Attract.

1109 2951 1470 3008 Χαιρεφῶντα
1512 2950 1608 3006 γὰρ
1637 2953 1724 3005 —]
1787 2953 1851 2994 De

1052 3010 1394 3065 Chaerephontis
1431 3011 1599 3052 fervido
1647 3015 1690 3051 et
1721 3009 1851 3051 ‘velie-

1050 3071 1179 3110 menti
1242 3070 1411 3121 iugenio
1467 3069 1520 3109 cf.
1576 3073 1604 3108 A
1622 3067 1848 3120 ristopli.

1046 3126 1184 3168 Nubb.
1214 3141 1255 3169 ν.
1286 3126 1383 3171 104.
1416 3141 1452 3167 v.
1485 3127 1569 3171 501
1606 3140 1668 3178 sq.
1710 3126 1852 3177 ibique

1047 3185 1274 3225 Scholiast.
1313 3187 1426 3229 Avv,
1452 3185 1579 3229 1570.
1609 3182 1851 3236 Xenopli.

1047 3241 1285 3282 Memorab.
1334 3243 1398 3285 11.
1438 3242 1479 3285 3.
1530 3243 1667 3283 Plat.
1715 3240 1849 3281 Char-

1045 3298 1146 3399 2133.
1162 3298 1219 3340 P.
1241 3299 1336 3344 153.
1359 3300 1410 3342 B.
1427 3299 1562 3354 Gorg.
1592 3313 1629 3352 p.
1651 3297 1736 3342 447
1754 3310 1847 3350 sqq.

1885 1070 1947 1121 21
