2158 3718
824 131 1088 174 PHAEDO
1112 146 1167 188 p.
1191 134 1289 175 104.
1827 134 1934 187 257

140 271 310 341 ἅπας,
349 290 484 334 ωςτε
521 267 625 322 οὐκ
665 267 747 322 ὠν
785 267 924 338 όπερ
961 269 1024 323 τὸ
1062 268 1323 340 περιττὸν
1348 267 1434 324 άεὶ
1470 270 1703 334 ἕκαστος
1739 270 1931 325 αὐτων
1962 292 1995 331 Β

145 357 270 410 ἐστι
306 354 579 425 περιττός.
656 355 751 406 και
788 345 865 405 αὖ
901 351 968 406 τὰ
1007 353 1111 407 δύο
1149 373 1244 407 και
1280 351 1348 408 τὰ
1384 354 1619 425 τέτταρα
1656 355 1750 408 καὶ
1787 355 1932 420 άπας

145 438 176 494 6
215 440 403 509 ἕτερος
439 431 516 492 αὖ
552 440 738 506 στίχος
774 440 876 490 τοῦ
915 436 1164 508 ἀριθμοῦ
1202 437 1308 492 οὐκ
1335 437 1419 492 τόν
1445 437 1584 509 ὅπερ
1610 438 1673 493 τὸ
1713 438 1930 510 ἄρτιον,

138 523 295 594 ὅμως
329 523 560 585 ἕκαστος
597 518 788 574 αὐτῶν
826 519 1016 591 ἄρτιός
1054 523 1209 577 ἐστιν
1246 521 1348 577 άεί.
1402 523 1724 594 ξυγχωρεῖς,
1763 524 1799 594 ἢ
1836 523 1930 586 οὔ;

140 611 281 670 Πῶς
315 604 424 678 γὰρ
462 604 597 670 οὕκ;
639 608 765 675 ἔφη.
829 606 897 660 “O
933 610 1150 676 τοίνυν,
1189 610 1317 677 ἔφη,
1343 607 1623 677 βούλομαι
1661 610 1930 679 δηλῶσαι,

143 690 332 762 ἄθρει.
410 693 526 744 ε”στι
575 690 637 745 δὲ
683 691 843 761 τόδε,
893 691 978 745 ὅτι
1017 695 1278 761 φαίνεται
1316 691 1385 746 οὐ
1420 693 1599 762 μόνον
1638 693 1828 746 ἐκεῖνα
1865 693 1932 746 τοὶ

145 776 376 829 ἐναντία
421 773 639 844 ἄλληλα
688 773 757 830 οὐ
807 775 1110 845 δεχόμενα,
1158 774 1300 830 ἀλλὰ
1347 778 1440 831 καὶ
1489 763 1606 830 ὅσα
1639 776 1745 844 οὐκ
1793 777 1931 831 ὄντα

139 858 408 930 ἀλλήλοις
457 860 688 914 ἐναντία
734 864 844 931 ἔχει
893 859 978 915 άεὶ
1025 859 1322 931 τάναντία,
1371 859 1505 916 οὐδὲ
1551 866 1727 915 ταῦτα
1782 865 1931 916 ἐοικε

141 944 468 1014 δεχομένοις
515 946 739 1015 ἐκείνην
785 945 888 1015 την
928 946 1114 1014 ἰδέαν,
1164 944 1201 1014 ἢ
1238 945 1309 998 ἂν
1347 949 1414 1015 τῇ
1455 948 1519 999 ἐν
1556 944 1747 1010 αὐτοῖς
1784 945 1929 1018 οὔσῃ

139 1029 375 1083 ἐναντία
435 1050 501 1100 η,
566 1028 693 1082 ἀλλ’
760 1030 1025 1099 ἐπιούσης
1081 1027 1253 1098 αὐτῆς
1306 1028 1429 1099 ἤτοι
1485 1028 1847 1100 ἀπολλύμενα
1893 1031 1930 1101 ἢ

135 1109 602 1182 ὑπεκχωροῦντα.
679 1113 715 1183 ἢ
763 1112 836 1168 οὐ
884 1115 1138 1184 φήσομεν
1182 1134 1251 1168 τα
1295 1118 1423 1184 τρία
1461 1115 1555 1167 και
1593 1113 1929 1170 άπολεισθαι
1957 1124 1993 1167 C

136 1195 424 1267 πρότερον
461 1200 555 1250 καὶ
593 1197 731 1251 ἄλλο
760 1198 955 1252 ὁτιοῦν
980 1202 1296 1267 πείσεσθαι,
1335 1199 1472 1267 πρὶν
1509 1196 1811 1269 ὑπομεῖναι
1848 1204 1929 1255 ἔτι

99 1353 101 1356 7
134 1283 268 1351 τρία
307 1279 444 1334 ὄντα
483 1281 648 1351 άρτια
683 1283 978 1351 γενέσθαις
1019 1283 1188 1336 Πάνυ
1224 1303 1329 1352 μεν
1367 1277 1493 1353 οὖν,
1533 1286 1641 1354 ἔφη
1669 1283 1697 1338 6
1723 1285 1924 1356 Κέβης.

144 1362 295 1420 Οὐδε
332 1365 472 1436 μήν,
510 1359 548 1436 ἦ
585 1365 637 1418 δ’
679 1365 766 1436 ὅς,
808 1369 1069 1421 ἐναντίον
1106 1368 1170 1435 γέ
1220 1368 1339 1421 ἐστι
1377 1366 1517 1431 δυας
1560 1370 1762 1439 τριάδι.
1843 1365 1929 1424 Οὐ

136 1447 251 1519 γὰρ
286 1452 411 1503 οὐν.
477 1449 597 1504 Ουκ
637 1450 746 1522 ἄρα
783 1452 962 1521 μόνον
1000 1472 1068 1505 τα
1106 1452 1227 1521 εἴδη
1265 1471 1332 1504 τα
1374 1452 1604 1506 ἐναντία
1640 1452 1745 1558 οὐχ
1782 1453 1928 1508 ὑπο-

138 1533 295 1604 μένει
347 1535 578 1589 ἐπιόντα
626 1534 871 1606 ἄλληλα,
919 1531 1061 1591 ἄλλα
1107 1538 1201 1589 καὶ
1247 1534 1376 1588 άλλ’
1416 1535 1552 1590 άττα
1589 1558 1658 1592 τα
1697 1540 1928 1593 ἐναντία

134 1616 246 1688 οὐχ
281 1617 552 1690 ὑπομένει
593 1620 842 1674 ἐπιόντα.
913 1620 1307 1690 Ἀληθὲστατα,
1348 1623 1476 1691 ἔφη,
1516 1622 1710 1691 λέγεις.

218 1704 220 1706 ’
281 1709 393 1774 Cap.
436 1709 557 1758 LlII.
632 1705 854 1761 Βούλει,
877 1699 1012 1775 οὖν,
1069 1698 1106 1774 ἦ
1144 1704 1198 1757 δ’
1239 1702 1327 1774 ὅς,
1369 1703 1470 1759 ἐὰν
1508 1700 1624 1760 οἷοί
1654 1727 1714 1760 τε
1753 1701 1924 1778 ὦμεν,

139 1786 465 1859 ὁρισώμεθα
503 1787 669 1843 ὁποῖα
705 1787 873 1843 ταῦτ’
916 1792 1096 1855 ἐστίν;
1137 1791 1306 1844 Πάνυ
1343 1811 1425 1858 γε.
1472 1783 1590 1860 Ἆρ’
1630 1784 1756 1860 οὖν,
1794 1795 1920 1861 ἔφη,
1952 1808 1988 1847 D

135 1866 187 1926 ὦ
230 1873 443 1942 Κέβης,
492 1874 625 1928 τάδε
673 1878 758 1943 εἴη
807 1872 905 1943 ἄν,
957 1873 994 1927 ὁὶ
1039 1873 1070 1927 ὅ
1116 1895 1170 1928 τι
1216 1874 1288 1928 ἂν
1326 1875 1573 1944 κατάσχῃ
1622 1874 1696 1944 μὴ
1744 1876 1924 1944 μόνον
1975 1897 1978 1899 ’

249 2023 392 2071 13.τά
433 2025 707 2097 τέτταρα]
739 2032 791 2072 V.
823 2024 1043 2084 τέσσαρα,
1076 2032 1188 2081 quod
1220 2044 1273 2071 ex
1302 2032 1473 2085 optimis
1502 2044 1550 2071 ac
1580 2031 1775 2084 plurimis
1805 2032 1922 2072 libris

135 2095 360 2130 mutatum.
392 2088 626 2127 Articulum
648 2083 707 2128 τά
728 2088 794 2127 hie
817 2102 899 2130 om.
924 2089 1021 2131 Vat.
1044 2089 1172 2128 Vind.
1186 2086 1224 2127 Φ
1246 2089 1339 2131 Par.
1355 2088 1516 2131 CGHL
1538 2089 1683 2128 Ambr.
1706 2089 1812 2128 Flor.
1826 2089 1919 2132 dm.

251 2155 313 2209 τῇ
357 2149 414 2198 ἐν
455 2151 670 2222 αὐτοῖς]
715 2158 767 2200 V.
806 2151 855 2200 ἐν
891 2151 1029 2210 αὐτῇ,
1067 2159 1181 2209 quod
1215 2159 1300 2197 iam
1331 2158 1555 2198 Fisehems
1592 2159 1831 2198 emendavit
1868 2171 1923 2198 ex

137 2213 298 2253 Fieino.
339 2213 502 2253 Habent
524 2206 691 2261 αὐτοῖς
715 2212 842 2255 Coisl.
866 2221 907 2254 et
929 2215 1056 2254 Vind.
1082 2214 1120 2255 Φ
1144 2227 1198 2253 ex
1220 2227 1324 2256 corr

251 2282 296 2324 C.
327 2280 462 2334 πριν
492 2278 832 2338 ὑπομεῖναι]
867 2284 917 2324 V.
941 2277 1133 2337 πρινήί.
1158 2297 1193 2323 e.
1216 2275 1371 2336 πρὶν’
1350 2274 1395 2337 η’.
1440 2283 1526 2323 Sed
1548 2275 1580 2337 ἦ
1600 2285 1800 2336 ignorant
1822 2285 1921 2325 Vat.

135 2338 525 2381 Cois1.Tnb.Ven.
550 2339 653 2379 ΛΠ
673 2340 798 2379 Vind.
828 2341 868 2380 T
887 2341 979 2381 Par.
1005 2339 1242 2387 CEGHIL
1264 2341 1412 2382 Ambr.
1435 2340 1542 2380 F.lor
1564 2341 1587 2379 b
1607 2353 1628 2378 e
1650 2341 1707 2379 d
1698 2353 1711 2380 1
1733 2353 1788 2383 m.
1820 2340 1920 2380 Par-

134 2395 278 2435 ticulis
299 2386 465 2447 πρὶν”
433 2409 460 2448 η
485 2397 714 2447 seriptores
739 2397 900 2436 Atticos
922 2397 1177 2448 antiquiores
1200 2408 1374 2449 ptorsus
1396 2397 1657 2435 abstinuisse
1679 2397 1923 2437 observavit

136 2451 246 2492 Guil.
279 2451 751 2492 Dindorf.Prae1at.ad
775 2453 893 2492 Dem.
917 2454 963 2491 T.
987 2455 1016 2494 Ῑ.
1047 2466 1088 2505 p.
1113 2454 1185 2493 IV.
1210 2466 1271 2504 sq.
1306 2452 1426 2493 Bodl.
1448 2445 1609 2506 πρινῆ,
1642 2453 1683 2491 in
1707 2464 1790 2502 quo
1815 2453 1919 2492 libro

137 2514 389 2560 punctorum
413 2509 535 2560 signa
556 2508 750 2548 vitiosam
772 2509 993 2549 lectionem
1016 2510 1215 2549 indicant.

191 2661 241 2702 B.
274 2653 984 2717 όσαοῦκόντα-ἐχειαεὶ

132 2710 984 2772 zoivavtlajquaeoumnousint

136 2775 274 2813 inter
333 2787 386 2814 se
446 2777 735 2823 contraria,
806 2784 982 2815 tamen

137 2842 347 2883 semper
390 2832 440 2870 in
482 2844 535 2870 se
578 2833 850 2872 contraria
892 2832 985 2871 ha-

138 2886 511 2936 bent‚vide1·1cet
540 2889 637 2936 quia
658 2883 758 2952 ἔχει
780 2881 868 2953 τὴν
891 2887 984 2928 τῶν

69 2986 73 2991 .
137 2917 369 2982 ἐναντίων
409 2937 602 3006 μορφῂν
641 2936 733 2994 oisc,
776 2957 984 2997 οτανπερ

136 3011 183 3049 η,
208 2997 336 3036 velun
361 3010 448 3049 mx
471 2999 593 3062 ignis,
617 3000 795 3042 numeri.
838 3001 984 3040 Paullo

136 3059 236 3092 ante
258 3029 448 3093 ἐκεῖνα
441 3047 498 3093 τὰ
522 3047 718 3095 ἐναντία
741 3064 839 3094 sunt
860 3049 984 3097 αὐτοὶ

136 3104 195 3149 τὰ
204 3106 324 3172 εἴδη
348 3107 441 3150 τῶν
462 3103 706 3150 ἐναντίων.

196 3155 226 3218 ἣ
267 3155 334 3206 ‹322›
376 3163 439 3219 τῇ
482 3158 542 3206 ἐν
582 3159 785 3213 αὐτοῖς
826 3189 879 3196 —-
921 3154 979 3222 ᾖ]

137 3222 267 3261 Recte
291 3222 531 3261 ficimus:
565 3235 647 3272 qu
640 3235 696 3260 ιο
726 3223 828 3274 ipsi
860 3236 980 3276 spe-

137 3278 262 3326 ciei,
285 3290 434 3329 quam
457 3279 505 3317 in
536 3291 590 3317 se
619 3277 984 3331 habent‚eon-

139 3335 303 3373 traria
325 3335 405 3373 sit.

196 3381 326 3441 ἤτοι
349 3383 726 3442 ἀπολλύμενα
757 3379 986 3443 ἦὺπεκ-

132 3445 453 3498 χωροῦντα]
487 3447 820 3487 Constructionis
849 3454 986 3487 muta-

222 3527 358 3557 PLA‘r.
389 3529 561 3560 mum).

1072 2663 1242 2711 tionem,
1265 2675 1349 2713 qua
1372 2658 1497 2703 ἔοικε
1518 2663 1702 2715 primum
1724 2674 1820 2702 cum
1843 2664 1922 2703 da—
1954 2701 1956 2703 .

1073 2721 1157 2759 tivo
1180 2719 1405 2771 participii,
1431 2719 1584 2758 deinde
1606 2732 1702 2758 eum
1724 2720 1920 2759 nomina-

1071 2777 1158 2815 tivo
1180 2777 1372 2815 iunctum
1395 2784 1478 2827 est,
1506 2776 1642 2828 tetigit
1663 2775 1883 2815 Matthia
1899 2789 1919 2815 e

1073 2833 1113 2882 §-
1136 2833 1234 2872 555.
1259 2832 1307 2874 N.
1332 2833 1372 2872 2.

1129 2887 1176 2927 C.
1215 2879 1358 2928 ana
1393 2883 1492 2928 καὶ
1529 2879 1652 2928 ἄλλ’
1689 2878 1829 2928 ἅττα
1867 2910 1920 2916 -

1071 2937 1334 2995 επιόντα]
1365 2944 1409 2984 P.
1435 2946 1514 2985 103
1537 2945 1569 2983 Ε
1601 2936 1771 2985 ἔστιν’
1733 2935 1843 3005 άρα
1867 2966 1919 2972 -

1071 2997 1180 3064 περὶ
1203 2996 1308 3041 ἔνια
1331 2998 1426 3041 τῶν
1445 2993 1693 3044 τοιούτων,
1719 2992 1833 3047 ω’ςτε
1853 2993 1917 3052 μὴ

1071 3050 1218 3122 μόνον
1254 3049 1372 3097 αὐτὸ
1386 3049 1458 3121 v6
1491 3051 1618 3103 εἶδος
1655 3050 1918 3120 ἀξιοῦσθαι

1071 3111 1154 3152 τοῦ
1179 3105 1353 3153 ἑαυτοῦ
1372 3106 1605 3179 ὀνόματος
1625 3131 1676 3137 -
1695 3104 1812 3151 ἀλλὰ
1836 3108 1920 3151 καὶ

1071 3160 1186 3209 ἄλλο
1227 3183 1319 3236 τι,
1330 3159 1356 3209 ὃ
1386 3164 1483 3209 ἔστι
1511 3164 1598 3221 μὲν
1627 3159 1714 3207 οὐκ
1729 3160 1917 3231 ἐκεῖνο,

1072 3220 1123 3278 ἔχ
1129 3237 1169 3264 ει
1192 3220 1246 3265 δε
1267 3217 1356 3278 τὴν
1377 3218 1562 3264 ἐκείνου
1583 3216 1775 3287 μορφὴν
1796 3215 1887 3264 αεί

1096 3238 1231 3332 χ.οιιρ
1252 3280 1359 3319 L111.
1392 3280 1439 3319 D.
1467 3269 1562 3331 Αρ’
1587 3268 1917 3320 οὖν*τα’δε

1074 3334 1748 3389 εἰή]ΝοιιιιεῘ“ιιει”ἰιιιίΙΙιι,
1768 3346 1915 3385 quae,

1074 3393 1430 3442 quodcunque
1508 3391 1915 3443 occupavfflint,

1073 3448 1126 3488 id
1165 3455 1362 3501 cogunt.
1402 3459 1504 3487 non
1554 3447 1720 3486 solum
1769 3456 1919 3486 suam

1511 3515 1573 3566 17
