2222 3762
1615 107 1821 183 XLm

123 259 337 306 rantur.
332 251 435 305 vel
461 251 675 334 potius
692 250 1006 303 evehantur.
1076 249 1418 331 Disputatur
1442 249 1584 302 enim
1620 249 1679 302 in
1713 250 1821 303 illis

119 323 460 393 plerumque
477 323 587 391 sic,
625 328 700 374 ut
727 341 894 391 quum
931 321 1013 374 de
1028 320 1091 375 vi
1120 328 1185 373 et
1221 327 1416 373 natura
1450 320 1682 374 alicuius
1721 321 1819 389 rei,

123 393 294 447 veluti
324 393 740 475 pulcritudinis,
774 392 1118 474 rhapsodiae
1140 401 1196 445 et
1215 392 1430 479 poesis„
1457 390 1820 460 fortitudinis,

116 464 546 547 temperantiae,
595 464 848 536 pieta-tis,
897 463 1222 547 disciplinae
1270 462 1519 530 virtutiS,
1573 463 1822 544 quaestio

120 535 478 602 instituatur*
491 542 675 589 tamen
710 535 847 588 nihil
884 536 1017 589 certi
1053 535 1369 602 affirmetur,
1396 533 1506 587 sed
1535 533 1821 604 opiniones

115 625 326 661 rerum
349 607 605 688 vulgar-es
639 625 719 660 ac
767 607 1019 662 notiones
1055 613 1255 660 temere
1297 605 1492 658 animis
1531 613 1821 676 susceptae

116 678 298 732 facete
356 677 636 732 rideantur
679 688 734 731 et
770 678 1019 750 captiose
1054 677 1492 749 redarguantur,
1539 676 1822 748 sophistae

152 919 161 930 ἰ
206 916 394 972 litteris
430 932 776 983 consignaverit.
836 930 907 969 Ex
942 933 1030 983 quo
1063 911 1178 970 efiici
1203 928 1311 980 vult,
1331 934 1379 968 ut
1403 929 1570 981 primus
1603 931 1822 984 dialogus,

117 990 199 1016 ¹³³⁵
219 988 384 1045 'quem
382 988 524 1030 Plato
554 988 802 1041 scripserit,
834 986 1140 1042 Parmenides,
1179 987 1392 1038 postremi
1433 991 1579 1028 autem
1620 989 1725 1029 libri
1766 990 1821 1030 ab

151 1062 190 1086 ,ψ
210 1055 290 1089 (σα
337 1048 496 1089 litteris
523 1047 805 1098 consignati,
851 1046 1046 1098 exceptis
1091 1044 1288 1096 Legibus
1320 1050 1375 1084 et
1414 1044 1689 1095 Menexenu,
1726 1047 1820 1087 Eu-

141 1105 448 1160 ξιιιγρὶιιο,
469 1104 730 1156 Apologia,
763 1103 887 1145 Crito
923 1109 966 1144 et
999 1103 1181 1146 Phaedo
1224 1103 1378 1142 fuisse·
1389 1103 1684 1145 existimandi
1703 1106 1820 1149 sint.

182 1162 391 1231 ,Ωιιφᾱ
387 1163 522 1218 nobis
542 1163 768 1218 quidem,
776 1162 1056 1223 considerato
1087 1159 1300 1211 librorum
1333 1150 1510 1213 illorum
1540 1168 1819 1214 argumento,

182 1203 429 1263 artificio
452 1227 495 1261 et
509 1220 734 1276 consilio,
768 1217 909 1262 nulla
931 1232 984 1259 ex
1023 1223 1147 1274 parte
1179 1216 1416 1258 verisimile
1447 1218 1638 1262 videtur.
1703 1220 1820 1261 Con-

143 1271 427 1321 Usti‘t'ilit
440 1290 546 1319 vero
596 1278 693 1318 tres
741 1277 952 1332 tanquam
1004 1271 1284 1328 dialogorum
1343 1277 1535 1317 ordines.
1600 1277 1816 1326 Quorum

214 1339 429 1391 {primum
422 1332 615 1389 quidem
632 1337 775 1376 voluit
804 1337 894 1376 illa
900 1333 1157 1386 complecti
1173 1340 1387 1387 tempora,
1417 1333 1575 1386 quibu‘s
1609 1329 1816 1395 Socrates

209 1398 442 1445 adversus
473 1395 629 1437 falsam
668 1395 919 1447 aequalium
959 1393 1219 1444 sapientium
1243 1394 1586 1441 decertaverit}
1600 1395 1658 1435 ad
1688 1408 1817 1448 quem

154 1494 157 1500 ,
257 1451 367 1497 efert
388 1453 605 1505 dialogos
644 1454 889 1506 complures
931 1453 994 1492 sie
1024 1464 1120 1492 sese
1153 1451 1466 1507 excipientes:
1491 1451 1817 1519 parmenidem,

155 1506 157 1512 ’
132 1467 539 1570 l’rotagoram
568 1509 863 1563 Charmidem,
884 1509 1153 1562 Lachetem,
1159 1503 1389 1563 Gorgiam,
1416 1488 1585 1563 Ionem,
1605 1503 1818 1569 Hippiam

184 1563 460 1620 ''maiorem,
495 1562 749 1620 cratylum,
767 1567 1114 1620 Emhydemum,
1144 1567 1446 1619 Symposium:
1494 1579 1605 1619 quos
1639 1565 1816 1620 quidem

132 1632 155 1646 '²
188 1629 195 1658 ἴ
229 1629 369 1669 libros
402 1627 700 1696 quinquennio
738 1627 857 1666 intra
902 1638 954 1668 a.
976 1624 1061 1669 389
1082 1630 1137 1665 ’et
1165 1624 1251 1668 384
1280 1637 1320 1668 a.
1359 1624 1480 1664 Chr.-
1497 1637 1540 1665 n.
1563 1638 1597 1666 a
1628 1626 1816 1667 Platone

143 1688 430 1738 wrm-ipim
450 1699 546 1726 esse
577 1690 738 1726 censet.
801 1685 889 1726 lam
921 1696 1025 1730 vero
1057 1684 1296 1725 secuudum
1312 1679 1516 1724 ordinem
1535 1684 1632 1727 vult
1665 1697 1818 1726 eorum

140 1791 148 1801 Ι
178 1751 480 1800 ,ptemporum
490 1743 732 1802 periodum
762 1743 1013 1795 continere,
1048 1742 1204 1794 quibus
1237 1740 1444 1783 Socrates
1476 1747 1527 1782 ut
1554 1754 1684 1783 verae
1717 1756 1816 1796 ger-

152 1847 157 1851 ,
215 1815 473 1868 *manaeque
503 1799 747 1853 sapientiae
777 1791 988 1854 magister
1020 1800 1066 1840 in
1101 1800 1293 1840 medium
1325 1800 1564 1852 prodierit3
1597 1801 1654 1840 ad
1687 1813 1815 1852 quem

120 1911 123 1914 ι
152 1852 195 1873 ““’
213 1858 448 1929 pe‘rtin'ere
479 1860 742 1901 arbitratur:
782 1856 1044 1915 Phaedrum,
1069 1858 1314 1907 Philebum,
1342 1857 1560 1908 Pontiam,
1584 1857 1815 1899 Timaeum

120 1925 155 1941 '⁴
215 1921 274 1959 et
304 1915 511 1971 critiam,
545 1917 734 1969 scriptos
779 1917 879 1958 illos
911 1912 1158 1957 secundum
1197 1917 1337 1969 ipsius
1378 1917 1673 1957 coniecturam
1716 1929 1815 1969 sep-

150 2009 154 2015 .
187 1977 380 2017 vtennio
419 1978 552 2016 intra
567 1988 627 2016 a.
658 1974 745 2018 483
785 1981 828 2015 et-
857 1974 946 2018 470
979 1987 1018 2014 a.
1052 1974 1164 2015 Chr.
1188 1987 1232 2014 ιι.
1295 1967 1501 2026 Denique
1530 1975 1707 2014 tertium
1741 1987 1812 2015 or.—

171 2071 177 2086 ,ι
204 2037 380 2085 ,dinem
414 2037 600 2080 eorum
624 2034 904 2084 dialogorum
946 2032 1200 2082 constituit,
1236 2033 1284 2072 in
1324 2033 1483 2084 quibus
1517 2033 1736 2074 Socrates
1776 2034 1815 2072 is

164 2132 185 2149 ι,
230 2093 478 2154 inducatur,
498 2091 574 2147 qui
602 2092 832 2133 veritatem
866 2091 1093 2142 doctrinae
1124 2103 1230 2130 suae
1263 2090 1542 2130 confutandis
1576 2091 1813 2131 contrariis

174 2203 178 2206 .
229 2143 512 2216 opinionibus
544 2149 747 2202 adeoque
775 2154 933 2198 morte,
959 2160 1088 2199 quam
1119 2160 1199 2199 pro
1230 2145 1410 2188 ratione
1435 2161 1515 2188 sua
1546 2147 1812 2195 occubuerit,

175 2211 198 2229 ¹³
231 2207 392 2248 certius
431 2206 769 2248 confirmaverit
831 2205 958 2246 Huic
978 2216 1084 2245 vero
1116 2202 1394 2256 diaIOgorum
1425 2204 1581 2256 generi
1608 2211 1814 2246 accenset

196 2287 198 2291 >
199 2265 483 2315 Menonem,
506 2265 807 2310 Theaetetum,
829 2263 1086 2315 sophistem
1109 2269 1153 2302 et
1170 2261 1414 2313 politicum,
1432 2263 1813 2315 Euthyphronem

195 2322 512 2376 apologiam,
546 2321 776 2363 Critonem
808 2328 852 2361 et
882 2320 1180 2370 Phaedonem,
1217 2334 1324 2373 quos
1356 2326 1483 2372 putat
1512 2327 1615 2373 post
1648 2333 1811 2362 annum

225 2381 323 2440 470
339 2393 384 2439 a.
415 2379 518 2426 Chr.
549 2381 709 2420 litteris
741 2383 1025 2432 consignatos
1059 2391 1170 2428 esse,
1202 2378 1245 2418 h.
1278 2391 1316 2418 e.
1348 2380 1451 2420 inde
1481 2379 1535 2419 ab
1569 2391 1621 2419 ea
1650 2384 1810 2428 aetate,

227 2452 314 2493 qua
354 2451 408 2479 ne
452 2429 610 2488 Socrat
605 2451 657 2478 es
697 2411 894 2499 quidem⁰
910 2437 997 2477 iam
1034 2445 1164 2476 natus
1202 2434 1318 2490 erat,
1363 2437 1524 2477 nedum
1568 2437 1810 2491 discipulus

156 2507 158 2509 ’
228 2496 339 2542 eius,
373 2494 512 2546 Plato,
544 2507 674 2548 quem
704 2493 822 2536 a'nno
859 2491 1033 2535 demum
1055 2493 1155 2537 429.
1191 2507 1229 2535 8.
1263 2472 1368 2534 Chr.
1401 2506 1444 2537 n.
1478 2494 1618 2535 lucem
1653 2495 1809 2547 adspe-

154 2557 197 2583 ,a
225 2552 348 2596 ‘xisse
376 2555 544 2594 certum
561 2559 605 2593 et
636 2555 911 2606 exploratum
941 2553 1144 2593 habetur.
1205 2553 1278 2593 Ex
1310 2565 1397 2604 quo
1430 2553 1534 2591 item
1566 2553 1812 2593 existimari

147 2627 190 2654 μει
226 2617 392 2666 potest,
426 2625 520 2663 quo
560 2613 656 2651 iure
685 2611 952 2652 Munkius
984 2606 1269 2658 Phaedrum,
1303 2609 1554 2659 Philebum,
1583 2610 1809 2663 Politiam,

182 2707 200 2726 3.
225 2671 455 2712 Timaeum
486 2675 529 2711 et
560 2670 743 2711 Critiam
772 2671 890 2710 intra
919 2682 1059 2711 annos
1089 2668 1177 2712 483
1207 2674 1252 2709 et
1280 2668 1367 2712 470
1389 2681 1429 2708 8.
1452 2667 1557 2711 Chr.
1590 2678 1632 2708 n.
1666 2669 1809 2710 editos

211 2720 476 2788 ¹putaverit,
509 2741 596 2780 quo
630 2733 748 2768 certe
781 2733 977 2779 tempore
1007 2727 1137 2768 Plato
1174 2727 1426 2771 nullusdum
1458 2725 1570 2774 fuit,
1603 2731 1652 2765 ut
1681 2723 1810 2769 facile

226 2775 497 2837 intelligatur
543 2786 741 2826 criticum
803 2791 1048 2837 temporum
1097 2786 1295 2826 rationes
1336 2784 1656 2825 incredibiliter
1705 2796 1810 2826 con-

119 2847 121 2849 ’
148 2839 165 2856 ”
225 2841 485 2884 turbavisse.
543 2843 638 2883 Iam
655 2855 760 2884 vero
783 2843 913 2883 etiam
943 2843 1106 2894 scripta
1138 2844 1350 2894 quaedam
1370 2841 1602 2881 Platonica
1634 2848 1808 2884 exstare

224 2903 479 2950 arbitratur,
510 2912 621 2953 quae
652 2903 773 2956 cyclo
819 2902 899 2950 illi,
929 2911 1057 2953 quem
1087 2901 1183 2953 ipse
1216 2901 1462 2950 constituit,
1495 2900 1673 2940 minime
1704 2913 1809 2941 con·

208 2964 397 3013 vgruunt,
427 2960 473 2998 in
504 2972 590 3010 quo
620 2972 814 3003 numero
834 2959 990 2999 haberi
1022 2960 1115 2998 vult
1144 2959 1422 3000 Alcibiadem
1451 2957 1488 2998 Ι.
1494 2957 1736 3010 ,Lysidem
1767 2965 1811 3000 et

228 3019 438 3077 Hippiam
487 3018 727 3068 minorem3
773 3022 1022 3069 postrema
1042 3022 1190 3058 autem
1240 3030 1375 3071 opera
1414 3015 1547 3066 cyclis
1588 3017 1679 3057 suis
1720 3029 1808 3059 non

226 3073 438 3133 inscripta
467 3087 562 3114 csse
590 3078 717 3141 putat
746 3063 1061 3125 Menexenum,
1092 3079 1245 3127 utpote
1290 3080 1390 3128 post
1420 3086 1460 3113 a.
1491 3072 1590 3117 387.
1624 3073 1804 3121 editum,

225 3139 358 3186 atque
387 3132 532 3184 Leges
564 3132 680 3172 circa
716 3144 756 3172 a.
789 3132 888 3176 367:
933 3145 973 3173 a
1012 3130 1116 3173 Chr.
1146 3144 1190 3172 ιι.
1225 3134 1356 3174 scribi
1387 3135 1577 3182 coeptas.
1638 3132 1805 3172 Verum

163 3199 166 3202 ’
227 3192 334 3232 satis
360 3190 472 3231 haec
502 3190 557 3229 de
588 3189 785 3230 consiliis
804 3179 1069 3239 criticorum,
1078 3191 1247 3243 quibus
1274 3191 1600 3232 Platonicorum
1622 3188 1802 3241 operum

227 3250 298 3289 vel
343 3247 558 3301 originem
598 3248 666 3287 vel
709 3249 1062 3291 coniunctionem
1095 3261 1152 3289 ae
1193 3248 1560 3290 necessitudinem
1588 3248 1802 3300 indagare

178 3346 181 3349 .
227 3313 359 3360 atque
376 3307 680 3355 demonstrare
699 3307 849 3355 conati¹
871 3306 985 3349 sunt.
1045 3306 1116 3350 Ex
1135 3307 1292 3359 quibus
1325 3306 1527 3347 omnibus
1558 3305 1646 3346 iam
1677 3317 1800 3357 aper-

225 3368 318 3404 tum
349 3363 448 3406 erit.
485 3362 587 3417 quid
621 3362 666 3403 in
697 3363 778 3404 hac
811 3359 964 3406 caussa
997 3363 1206 3406 hactenus
1238 3365 1415 3406 omnino
1448 3367 1592 3404 actum
1628 3363 1696 3403 sit.
