2158 3718
248 801 279 849 te

284 801 315 849 ¹0

382 150 489 201 194
999 149 1426 203 PLATole

384 299 592 366 ριστεῖα
638 291 768 360 τοὺς
815 294 1176 364 στρατηγούς,
1221 299 1314 351 καὶ
1356 294 1523 353 τοῦτό
1567 303 1624 367 γέ
1651 293 1898 369 μοιοῦτε
1937 300 2069 370 μέμ·

385 393 487 454 ψει
530 374 658 435 οὔτε
702 385 839 453 ἐρεῖς
881 374 970 433 ὅτι
1010 377 1321 456 ψεύδομαι·
1369 379 1512 439 ἀλλὰ
1557 378 1665 455 γὰρ
1701 383 1811 437 τῶν
1834 401 2070 457 στρατη-

385 464 502 533 γῶν
543 459 687 535 πρὸς
730 460 793 518 τὸ
839 458 974 534 ἐμὸν
1013 461 1228 536 ἀξίωμα
1272 463 1704 537 ἀποβλεπόντων
1739 468 1833 521 καὶ
1869 468 2069 538 βουλοψ

385 549 564 618 μένων
606 548 727 619 ἐμοὶ
783 544 999 602 διδόναι
1049 546 1367 623 τάριστεῖα,
1420 547 1591 616 αὐτὸς
1643 547 2073 622 προθυμότερος

388 636 575 702 ἐγένου
631 633 743 685 τῶν
795 635 1121 703 στρατηγῶν
1177 635 1268 705 ἐμὲ
1327 635 1518 704 λαβεῖν
1575 630 1611 702 ἢ
1658 631 1883 691 σαυτόν.
1951 629 2072 690 ”Eu

391 718 611 779 τοίνυν,
667 736 708 770 ω
768 711 992 787 ἄνδρες,
1053 713 1209 783 ἄξιον
1260 708 1334 784 ἦν
1392 714 1732 774 θεάσασθαι
1770 714 2072 792 Σωκράτη,

393 795 485 855 ὅτε
528 795 644 854 ἀπὸ
687 801 890 866 Δηλίου
933 802 1082 878 φυγῇ
1121 799 1383 873 ἀνεχώρει
1409 798 1473 857 τὸ
1504 801 1909 875 στρατόπεδον·
1955 806 2073 857 ἔτυ-

387 903 492 954 χον
536 903 646 955 γαρ
689 881 1141 958 παραγενόμενος
1184 890 1360 942 ἵππον
1402 890 1563 958 ἔχων,
1606 878 1772 950 οὗτος
1811 889 1868 942 δὲ
1907 883 2073 942 ὅπλα.

387 965 649 1040 ἀνεχώρει
691 958 799 1023 οὗν
835 971 1238 1041 ἐσκεδασμένων
1295 965 1402 1038 ἤδη
1456 973 1568 1025 τῶν
1608 968 1936 1044 ἀνθρώπων
1979 963 2075 1026 οὗ,

385 1048 482 1116 τός
535 1073 593 1108 τε
651 1049 772 1123 ἅμα
816 1056 910 1108 καὶ
947 1051 1172 1125 Λάχης·
1232 1057 1325 1110 καὶ
1383 1051 1484 1125 ἐγὼ
1530 1052 1939 1128 περιτυγχάνω,
1981 1056 2076 1110 καὶ

385 1133 520 1192 ἰδών
573 1134 755 1201 εὐθὺς
815 1136 1263 1212 παρακελεύομαί
1314 1159 1372 1193 τε
1434 1138 1634 1194 αὐτοῖν
1687 1136 1932 1214 θαρρεῖν
1983 1141 2075 1193 καὶ

385 1222 599 1292 ἔλεγον,
657 1218 748 1277 ὅτι
807 1220 910 1278 οὐκ
967 1220 1260 1301 ἀπολείψω
1316 1221 1488 1280 αὐτώ.
1540 1225 1802 1281 ἐνταῦθα
1857 1218 1925 1291 δὴ
1983 1226 2075 1277 καὶ

499 1412 554 1455 Ε.
627 1414 758 1457 οὔτε
803 1415 914 1470 μέμ
928 1412 1049 1469 ψει]
1101 1413 1176 1456 sie
1210 1413 1342 1457 nodi.
1374 1413 1471 1458 Vnt
1492 1413 1547 1460 A
1579 1417 1688 1469 Aug.
1708 1426 1760 1458 w.
1825 1392 2076 1511 negebatur

380 1471 550 1529 μέμψη.
611 1470 678 1514 De
711 1471 842 1515 Bodl.
876 1479 920 1514 et
928 1424 1048 1514 &Vat
1078 1471 1145 1513 hic
1174 1484 1323 1514 rursus
1353 1476 1471 1514 tacet
1500 1471 1640 1514 Bekk.

497 1556 553 1598 P.
584 1554 684 1601 221.
747 1558 799 1597 ἒν
829 1555 981 1612 φόβῳ
1013 1550 1071 1609 ἤ]
1104 1557 1156 1598 V.
1187 1551 1254 1609 η’ν.
1312 1555 1402 1598 Sed
1434 1573 1457 1608 η
1493 1561 1721 1599 servarunt
1747 1555 1878 1599 Bodl.
1910 1556 2009 1600 vat
2021 1555 2077 1608 Δ,

382 1613 502 1655 Flor.
533 1618 577 1655 et
605 1627 670 1669 pr.
703 1614 839 1657 Coisl.
883 1615 1225 1667 confirmantque
1265 1614 1398 1657 etiam
1430 1615 1537 1657 Ven.
1559 1616 1606 1658 Ξ.
1637 1615 1786 1660 Ambr.
1818 1617 1928 1670 Aug.
1957 1614 2003 1658 u.
2023 1627 2074 1658 w.

382 1671 482 1714 Vat.
501 1683 540 1712 n.
563 1684 600 1713 r.
610 1671 728 1725 ,qui
759 1669 786 1724 ἢ
817 1672 1030 1727 scriptum
1056 1670 1232 1715 habent.

420 1748 431 1769 ⁹
497 1756 553 1797 B.
613 1754 722 1810 τώφ
736 1756 893 1813 θαλμ
900 1755 932 1798 ὢ
963 1773 1032 1798 πα
1047 1754 1360 1814 ραβαλλων]
1391 1755 1451 1798 ‘ab
1473 1756 1669 1812 οφθαλμ
1672 1755 1704 1799 ὠ
1735 1731 1870 1801 Coisl.
1899 1757 2006 1801 Ven.
2028 1755 2076 1802 Ξ.

381 1812 508 1855 vind.
529 1813 570 1859 2.
602 1771 722 1855 Ριιτφ
730 1814 835 1856 EF.
868 1818 978 1868 Aug.
998 1828 1042 1857 u.
1047 1772 1169 1858 ρνοῐ.
1194 1828 1234 1856 ιι.
1247 1829 1290 1860 ..s
1334 1819 1379 1858 et
1409 1814 1657 1857 Florentini.
1720 1814 1811 1861 Sed
1839 1821 1940 1858 aunt
1970 1814 2077 1858 haec

380 1870 520 1925 ipsius
550 1871 684 1913 verba
716 1872 1028 1928 Aristophanis.
1085 1872 1194 1915 Dein
1225 1886 1304 1927 pro
1338 1877 1628 1925 παρασκοπῶν
1659 1872 1798 1916 Bekk.
1831 1877 1877 1916 et
1895 1876 1986 1918 Ast.
2021 1873 2077 1916 de

383 1928 631 1971 coniectura
661 1941 743 1971 εει-ι
734 1930 927 1986 ipserunt
955 1934 1250 1987 περισκοπῶν,
1285 1929 1575 1984 adstipulante
1605 1930 1655 1972 C.
1687 1930 1762 1974 Fr.
1793 1929 2075 1986 Hermann03

438 2066 883 2126 προθυμότερος
922 2070 1204 2127 ἔγένοι]
1274 2069 1637 2131 Athenaeum,
1711 2072 1786 2125 qui
1844 2071 2075 2119 Socratem

380 2128 558 2180 magis
598 2127 880 2182 cupiebas.
952 2128 1120 2171 Deinde
1158 2129 1185 2182 ἢ
1271 2129 1375 2170 nulli
1416 2123 1590 2170 om'nino
1630 2141 1801 2183 pugnae
1828 2129 2076 2175 interfuisse

382 2184 548 2226 σαυτὸν
595 2185 775 2237 dicitur,
824 2197 908 2226 non
964 2184 991 2238 ἢ
1029 2184 1185 2239 αυτός,
1270 2185 1494 2229 contendit
1523 2187 1596 2228 lib.
1634 2187 1680 2230 V.
1700 2186 1785 2231 329
1804 2200 1915 2241 sqq„
1945 2187 2076 2231 docte
2094 2200 2109 2213 ·‘

380 2247 560 2340 gropter
590 2242 871 2340 oppositidonis
911 2243 1187 2298 gravitatem,
1270 2243 1519 2345 rvefultlarufflt
1543 2244 1802 2344 geritzssu.
1834 2245 1888 2286 ad
1914 2246 2075 2376 Agin?

414 2313 438 2341 e
468 2313 630 2353 quare
660 2313 750 2345 iam
799 2313 954 2342 numus
985 2314 1115 2355 supra
1146 2316 1187 2356 p.
1642 2316 1665 2346 e
1765 2315 1919 2344 uzac.
1994 2316 2038 2346 ra

1272 2357 1328 2400 de
1359 2358 1543 2401 Socrate
1573 2358 1749 2414 civep
1754 2358 1868 2404 ..51
1900 2382 1953 2391 —
1986 2354 2076 2402 ου-

1270 2430 1364 2461 τος
1393 2417 1499 2458 δὲο
1484 2413 1634 2468 ”,πλα
1664 2417 1693 2459 i.
1714 2431 1751 2460 e.
1783 2415 1915 2467 πεζὸς
1943 2433 2076 2474 στρα-

1271 2471 1533 2516 zev'mmvid.
1566 2474 1760 2528 Luper
1805 2475 2000 2531 Obss.1
2033 2476 2075 2520 7.

382 2356 478 2402 175.
505 2358 584 2410 C.;
615 2370 854 2411 quanquam
885 2359 957 2410 qui
987 2358 1188 2402 dixerunt

379 2416 423 2456 in
466 2416 626 2458 talibus
666 2415 977 2461 nominativum
1010 2418 1185 2460 omnino

378 2485 620 2526 repugnare
666 2472 868 2526 loquendi
907 2474 1186 2516 consuetudi-

378 2531 446 2582 ni,
485 2530 512 2571 ii
545 2544 569 2573 a
598 2543 703 2572 vero
735 2530 990 2573 aberrarunt
1020 2532 1184 2586 longis-

379 2587 498 2629 sime.
543 2601 584 2629 v.
623 2587 863 2642 Xenoph.
906 2588 1065 2645 Cyrop.
1095 2566 1185 2634 ⁰.vl

380 2643 429 2696 1,
474 2643 538 2687 14.
593 2645 737 2699 ibique
779 2646 970 2700 Poppo
1010 2660 1050 2700 ρ.
1083 2645 1183 2693 360

377 2701 451 2743 lv.
483 2699 527 2750 2,
562 2702 599 2746 1.
629 2703 811 2744 Anabas.
836 2703 907 2746 IV.
937 2703 980 2754 4,
1014 2703 1056 2746 6.
1087 2705 1182 2744 De·

377 2731 570 2799 most’h.
624 2772 658 2800 c.
710 2759 802 2802 Nic.
846 2771 886 2811 p.
931 2734 1066 2812 12’46,
1115 2759 1181 2803 15.

377 2812 660 2856 Scbaefer.
710 2815 765 2856 ad
815 2815 906 2868 Sop
910 2815 1019 2858 hoel.
1067 2815 1179 2856 Oed.

376 2870 480 2925 Tyr.
521 2883 559 2912 v.
593 2871 665 2916 95.
711 2870 950 2916 Fritscn.
996 2873 1179 2916 Quaest.

377 2927 590 2976 Luciann.
622 2943 663 2983 p.
690 2928 767 2974 101
794 2941 858 2982 sq.
892 2933 936 2970 et
968 2929 1075 2972 infra
1103 2942 1181 2971 an-

375 2991 467 3028 not.
504 2984 560 3028 ad
592 2999 632 3040 p.
664 2984 765 3030 223.
797 2986 843 3027 C.
914 2986 961 3028 In
1002 3000 1180 3041 praece-

376 3042 575 3091 dentibus
613 3042 664 3085 τὸ
707 3043 814 3098 ἐμόν
851 3041 1016 3098 ἀξίωμα
1065 3044 1180 3087 refe-

373 3114 445 3143 ras
475 3099 530 3142 ad
561 3101 731 3153 generis
762 3100 1046 3146 nobilitatem.

431 3159 484 3200 P.
515 3157 615 3203 221.
676 3156 769 3204 ὅτε
816 3157 920 3199 ἀπὸ
968 3157 1175 3214 Δηλίου

373 3230 416 3270 φ.
458 3215 565 3267 ἄν]
626 3214 908 3259 Athenienses
954 3217 1008 3257 ad
1057 3217 1173 3259 Deli-

372 3285 470 3323 um,
503 3273 712 3327 oppidum
742 3273 970 3326 Boeotiae,
1001 3275 1170 3329 Olymp.

371 3329 624 3375 LXXXIX.
651 3343 719 3378 an.
753 3332 791 3377 1.
822 3330 923 3373 victi
952 3338 1072 3374 sunt:
1117 3333 1172 3374 de

372 3400 457 3441 qua
489 3401 535 3431 re
565 3402 605 3432 v.
635 3388 874 3443 Thucyd.
906 3389 976 3433 1V.
1001 3389 1055 3434 96
1076 3403 1171 3443 sqq.

1269 2554 1327 2561 —-
1367 2523 1539 2576 οὗτός
1586 2547 1643 2573 τε
1692 2529 1805 2587 ἅμα
1841 2532 1930 2574 καὶ
1966 2530 2075 2577 Λέ-

1269 2603 1379 2642 χης.
1421 2601 1461 2632 v
1493 2588 1722 2642 Dialogum
1753 2588 1957 2632 Lachetis
1993 2601 2074 2631 no-

1270 2659 1399 2743 '3¹:122
1411 2646 1725 2745 ssff⁸32¹¹²13¹32¹÷m
1730 2645 1858 2747 1135
1884 2646 2072 2745 ἓὶῖἔῖξῑ

1275 2757 1350 2809 ΙΧ.
1381 2772 1422 2812 p.
1455 2758 1553 2804 618.
1586 2758 1638 2801 B.
1671 2757 1739 2802 ed.
1778 2760 1916 2815 Alm„
1954 2773 2070 2815 quae

1265 2814 1350 2856 iam
1383 2815 1454 2857 alii
1486 2822 1804 2870 compararunt.

1321 2929 1375 2973 Β.
1435 2928 1493 2970 ‘td
1529 2928 1626 2970 σὰν
1657 2930 1716 2982 δὴ
1751 2929 1941 2985 τοῦτο]
1964 2929 2010 2976 h.
2035 2945 2074 2975 e·

1263 2991 1322 3028 ut
1351 2992 1445 3028 tuo
1477 2988 1577 3029 illo
1609 2993 1747 3034 utar.
1806 2988 1881 3030 Sic
1915 2986 1965 3029 τὸ
1999 2988 2073 3031 λε-

1262 3041 1450 3099 γόμενον
1488 3043 1538 3097 δὴ
1575 3049 1742 3098 τοῦτο,
1785 3043 1837 3086 τὰ
1877 3049 1960 3087 τοῦ
1987 3043 2069 3087 λό-

1259 3117 1367 3156 γου,
1410 3107 1453 3144 et
1492 3115 1604 3156 quae
1648 3107 1748 3144 sunt
1777 3103 1887 3146 aliae
1913 3102 1958 3144 id
1987 3115 2070 3157 ge-

1260 3172 1340 3201 nus
1395 3159 1636 3214 formulae,
1696 3159 1752 3202 de
1808 3160 1964 3213 quibus
2024 3173 2065 3202 v.

1259 3217 1297 3258 B
1314 3217 1525 3260 oiston.
1548 3217 1603 3259 ad
1629 3217 1885 3261 Aristaenet.
1909 3230 1952 3271 p.
1965 3214 2066 3262 396.

1257 3274 1455 3329 Respicit
1493 3274 1550 3316 ad
1586 3274 1728 3318 Nubb.
1765 3288 1804 3318 v.
1837 3273 1949 3319 36¹:
1991 3272 2066 3316 δ’τι

1257 3330 1472 3387 βρενθύει
1503 3330 1549 3373 τ’
1593 3333 1636 3372 ἐν
1665 3335 1809 3372 ταῖσιν
1839 3330 1959 3381 ὁδοῖς
1989 3329 2062 3372 καὶ

1254 3388 1512 3445 τώφθαλμὼ
1551 3387 1858 3443 παραβάλλεις.
1871 3410 1922 3420 -·
1953 3387 1999 3430 Η
2011 3401 2062 3431 e-
