2222 3762
379 145 576 198 LVIII

377 307 562 342 verum
620 278 1006 341 'inveniendum
1066 284 1407 340 conformart
1497 285 1654 352 Quae
1710 287 1930 357 quidem
1979 307 2069 342 nes

378 359 500 429 quis
544 367 634 412 est
684 360 816 428 quin
865 357 1048 411 videat
1096 363 1360 426 quantum
1407 355 1600 410 afferat
1635 357 1955 430 legentibus.
1981 359 2071 413 vel

380 430 627 484 utilitatis
655 429 743 482 vel
768 427 1183 483 delectationis?
1255 426 1451 497 Itaque
1482 427 1634 482 lectas
1661 429 1794 482 mihi
1821 430 2068 485 Platonis

377 501 678 556 doctrinam
727 502 794 554 ab
843 501 1146 554 recentiore
1211 499 1393 568 aliquo
1446 473 1824 571 philosophiae
1865 502 2070 556 veteris

377 574 641 644 scriptore
683 574 1010 643 expositam:
1049 570 1394 623 mediocriter
1426 570 1716 640 afficieriS,
1755 591 1949 642 parum
1987 572 2070 625 di-

379 643 608 712 diceriS,
649 663 825 713 neque
865 642 1071 713 ingenii
1113 642 1221 695 vim
1261 641 1458 696 aluisse
1507 642 1594 694 vel
1643 644 1910 698 excitasse
1956 663 2070 697 ma·-

376 734 617 785 gnopere
647 714 934 767 videberis.
973 715 1052 765 At
1069 720 1330 781 quantum
1355 714 1564 766 fructus
1589 721 1753 782 atque
1771 715 2071 786 voluptatis

378 787 563 855 capies
602 805 669 838 ex
706 786 824 854 ipsa
865 783 1204 854 dialogorum
1245 784 1361 836 eius
1385 784 1666 838 lectione?
1705 804 1866 854 quam
1901 805 1935 839 a
1969 787 2071 840 viri

378 857 545 909 divini
596 875 688 908 ore
737 855 1032 925 pendebisl
1073 874 1232 924 quam
1270 854 1518 908 discedes
1559 855 1628 908 ab
1666 875 1730 909 eo
1769 858 2072 928 sapientior

376 935 429 980 et
481 926 549 979 ad
605 946 791 979 verum
831 926 1199 996 quaerendum
1239 926 1768 998 excogitandumque
1808 930 2069 982 erectiori

374 999 548 1067 Atqui
584 1017 670 1051 res
709 1005 764 1051 et
787 1001 1089 1051 sententiae
1116 997 1365 1061 eaedem;
1391 997 1533 1050 idem
1555 999 2071 1071 utrobique-corpus

373 1070 685 1124 doctrinae!
742 1070 1012 1123 Nimirum
1051 1069 1279 1123 alterum
1317 1077 1400 1122 est
1437 1070 1594 1138 quasi
1630 1071 1740 1122 vita
1779 1078 1834 1123 et
1871 1071 2067 1141 spiritu

373 1142 622 1195 orbatum
659 1150 824 1211 atque
861 1152 1158 1194 mortuum:
1197 1141 1250 1193 in
1276 1141 1447 1194 altero
1470 1141 1620 1213 vige-t
1643 1140 1877 1194 divinior
1904 1160 2070 1211 quae-

374 1213 498 1267 dam
534 1213 646 1280 viS,
688 1232 828 1283 quae
875 1213 1153 1284 ingenium
1183 1212 1423 1284 legentis
1461 1214 1688 1280 excitat,
1727 1221 1963 1267 mentem
2000 1213 2071 1266 ad

371 1285 480 1337 vim
530 1303 682 1338 suam
730 1282 1084 1338 exserendam
1141 1284 1301 1353 quasi
1350 1291 1613 1354 provocat
1679 1291 1842 1352 atque
1901 1284 2068 1353 elicit,

372 1354 607 1425 denique
648 1357 883 1408 animum
923 1374 1085 1408 sensu
1128 1355 1301 1408 afficit
1338 1374 1517 1407 rerum
1554 1354 2070 1409 iucundissimarum

371 1435 428 1480 et
466 1427 924 1498 gravissimarum.
997 1426 1194 1496 Itaque
1230 1434 1358 1479 eant
1394 1446 1540 1480 nunc
1580 1427 1673 1497 qui
1711 1427 1816 1480 sibi
1846 1427 2068 1496 suisque

370 1498 552 1552 subito
592 1499 837 1569 germani
874 1498 1143 1552 Socratici
1184 1497 1469 1566 videntur,
1510 1517 1676 1567 quum
1713 1497 1981 1570 dialogoS,
2021 1499 2068 1552 si

371 1569 475 1624 diis
525 1570 735 1641 placet,
794 1577 1247 1641 composuerunt,
1308 1570 1364 1622 in
1417 1570 1615 1638 quibus
1667 1577 1761 1621 aut
1807 1571 2070 1642 magister

369 1642 652 1709 breviter,
678 1650 742 1695 ut
778 1642 1056 1714 ignorans,
1098 1641 1432 1713 interrogat,
1472 1640 1774 1712 discipulus
1813 1640 1972 1694 docte
2013 1649 2069 1694 et

370 1714 594 1783 copiose
644 1713 971 1784 respondet,
1009 1719 1104 1765 aut
1153 1720 1343 1766 contra
1389 1713 1649 1784 magister
1702 1714 1881 1766 omnia
1915 1720 2070 1766 tanta

369 1785 614 1838 ubertate
664 1786 888 1856 exponit
940 1792 994 1838 et
1041 1784 1199 1853 quasi
1233 1783 1500 1852 inculcat,
1541 1793 1603 1836 ut
1639 1804 1812 1855 puero
1849 1784 1927 1836 nil
1964 1785 2069 1838 nisi

367 1857 604 1927 negandi
643 1864 738 1909 aut
774 1855 1082 1910 affirmandi
1118 1856 1269 1926 optio
1308 1856 1661 1925 relinquatur.
1736 1856 1886 1908 Eant
1921 1875 2069 1910 nuno

370 1929 465 1997 qui
515 1928 799 1982 Platonem
858 1928 1078 2000 penitus
1135 1927 1353 1981 novisse
1406 1927 1510 1981 sibi
1562 1926 1846 1996 videntur,
1899 1946 2067 1996 quum

369 2000 484 2053 eius
539 1999 759 2053 decreta
807 2007 862 2053 et
895 1999 1099 2070 placita
1136 2018 1203 2052 ex
1241 1998 1686 2069 compendiorum
1721 1997 2067 2053 adminiculis

367 2071 608 2141 undique
647 2090 867 2124 corrasa
903 2070 1135 2138 habent,
1174 2070 1386 2123 scilicet
1422 2077 1485 2123 ut
1523 2070 1855 2124 circumcisis
1895 2071 2066 2123 omni·

365 2142 469 2198 bus
508 2142 829 2214 ambagibus
865 2142 1059 2196 nucleo
1105 2142 1386 2209 fruantur,
1426 2143 1708 2212 putamina
1754 2142 2068 2211 relinquant

369 2214 504 2268 aliis.
579 2214 794 2285 Nempe
860 2232 1138 2283 nunquam
1177 2211 1491 2268 Socraticus
1544 2212 1770 2280 evadet,
1820 2213 1926 2266 nisi
1973 2213 2066 2283 qui

366 2285 567 2339 habeat
613 2286 890 2358 ingenium
950 2284 1268 2356 perspicax,
1323 2283 1393 2336 ad
1442 2304 1628 2337 verum
1671 2283 2066 2354 anquirendum

368 2364 423 2409 et
459 2356 898 2428 investigandum
937 2357 1108 2408 multa
1145 2356 1534 2409 exercitatione
1560 2355 1867 2423 subactum,
1893 2354 2064 2408 idem-

368 2447 476 2496 que
528 2427 598 2480 ad
645 2428 761 2480 veri
807 2428 1048 2480 rationes
1097 2426 1447 2497 explicandas
1486 2437 1540 2479 et
1577 2426 1733 2496 quasi
1770 2426 2064 2479 eliciendas

366 2507 561 2552 natura
585 2505 772 2569 aptum
797 2506 960 2567 atque
988 2498 1399 2550 conformatum.
1451 2497 1749 2566 Nunquam
1775 2497 2064 2550 Platonem

367 2569 580 2622 noverit
627 2569 853 2637 eiusque
903 2568 1182 2639 ingenium
1218 2568 1378 2638 plane
1411 2567 1784 2639 «perspexerit,
1822 2569 1930 2622 nisi
1968 2570 2064 2639 qui

366 2659 489 2693 cum
539 2639 863 2710 placitorum
914 2640 1030 2692 eius
1078 2638 1327 2710 diligenti
1367 2640 1680 2711 cognitione
1718 2641 2065 2694 coniunxerit

369 2719 679 2764 accuratam
733 2710 1072 2782 dialogorum
1124 2711 1240 2763 eius
1294 2711 1601 2764 lectionem.
1689 2710 1869 2764 Tanta
1919 2712 2062 2765 enim

369 2789 456 2836 est
501 2801 682 2835 rerum
732 2801 796 2835 ac
848 2782 1237 2835 sententiarum
1291 2801 1413 2835 eum
1463 2783 1724 2836 orationis
1774 2782 1947 2836 forma
1995 2802 2060 2836 ac

366 2852 670 2907 disserendi
720 2853 931 2906 ratione
981 2854 1038 2906 in
1086 2853 1194 2907 illis
1243 2853 1618 2913 necessitudo,
1667 2861 1762 2924 ut,
1821 2855 1868 2907 si
1919 2853 2060 2908 hanc

365 2924 689 2996 neglexeris,
705 2943 770 2977 ne
799 2923 1012 2977 illarum
1035 2923 1255 2993 quidem
1283 2926 1392 2979 vim
1416 2932 1470 2979 et
1506 2926 1899 2997 praestantiam
1934 2944 2058 2998 per-

365 2997 549 3066 cipere
587 2996 698 3049 ullo
737 2995 897 3049 modo
934 2996 1130 3066 possis.

504 3066 688 3135 Quum
743 3086 871 3120 vero
920 3067 977 3120 in
1023 3086 1201 3121 rerum
1259 3067 1666 3122 tractandarum
1726 3068 1935 3123 ratione
1993 3086 2061 3121 ac

364 3138 667 3192 disserendi
714 3138 833 3206 via,
872 3158 1010 3208 quae
1058 3158 1156 3208 per
1192 3139 1436 3210 singulas
1472 3159 1778 3195 sermonum
1815 3138 2060 3192 Platoni-

364 3229 551 3265 corum
575 3218 758 3280 partes
782 3222 995 3282 regnat,
1021 3199 1351 3266 admirabilis
1380 3211 1645 3282 quaedam
1670 3227 1762 3267 ars·
1781 3222 2054 3276 cernatur,

364 3301 478 3353 qua·
509 3282 773 3349 efficitur,
814 3290 877 3335 ut
914 3281 1045 3351 quid
1081 3302 1268 3337 verum
1305 3283 1405 3351 sit,
1446 3283 1580 3354 quid
1614 3284 1838 3350 falsum,
1877 3299 1988 3335 non
2023 3299 2056 3333 a

364 3353 690 3424 philosopho
723 3352 1032 3423 exposit-um
1069 3353 1361 3423 piite8,3ed
1400 3369 1493 3408 tuo
1531 3356 1703 3427 ipsius
1728 3351 2055 3426 ingenio-in-
