2222 3762
458 176 602 235 mv

461 322 643 378 effecit
665 324 1001 377 xadhibendo
1049 323 1283 394 dialogo.
1359 322 1538 389 Quem
1592 323 1694 376 etsi
1733 322 1803 375 ad
1840 323 2148 378 similitudi-

457 413 581 449 nem
610 414 915 464 sermonum
943 393 1347 449 Socraticorum
1373 394 1744 462 conformavit,
1769 401 1948 446 tamen
1972 411 2151 447 exem·-

458 466 550 539 plo
598 481 879 538 poetarum
943 468 1304 537 tragicorum,
1367 465 1727 532 comicorum,
1789 465 2148 535 mimicorum,

461 558 687 608 quorum
709 539 968 591 rationem
994 545 1201 589 mature
1225 544 1596 607 perspexerat,
1613 536 1681 588 ad
1701 537 1833 590 artis
1860 545 2154 608 praecepta

464 617 517 663 et
554 608 1078 662 verisimilitudinem
1130 608 1273 660 vitae
1313 608 1610 661 communis
1648 608 1927 661 revocavit
1966 615 2022 660 et
2059 627 2155 661 ex-

461 681 645 745 coluit,
679 689 740 733 ut
775 681 1052 732 verissime
1091 678 1451 731 iudicaverint
1478 677 1693 731 differre
1718 678 1877 732 huius
1904 678 2152 752 dialogos

468 754 534 805 ab
574 753 692 822 aliis
732 759 786 803 et
822 750 1226 805 Socraticorum
1270 757 1325 802 et
1363 758 1664 802 ceterorum
1703 750 2153 822 philosophorum

463 824 698 875 omnium
751 821 985 892 dialogis
1035 828 1277 888 tantum,
1330 829 1591 890 quantum
1654 821 1780 873 viva
1841 840 2074 892 corpora
2122 842 2154 875 a

463 894 673 947 statuis.
750 893 826 945 Et
875 892 1016 945 hanc
1067 891 1288 961 quidem
1343 911 1527 945 eorum
1583 891 2003 962 pulcritudinem
2058 893 2154 962 qui

457 966 675 1034 penitus
698 966 877 1017 animo
903 964 1036 1017 velit
1058 964 1358 1035 percipere,
1374 983 1494 1016 eum
1516 982 1616 1016 nec
1637 963 1914 1035 negligere
1930 972 2157 1034 'oportet

458 1049 732 1089 ext-ernam
757 1036 997 1107 ipsorum
1021 1036 1245 1087 formam
1281 1054 1342 1088 ac
1373 1035 1629 1106 speciem,
1657 1043 1712 1087 et
1741 1034 2155 1107 diligentissime

459 1108 740 1161 attendere
787 1108 1026 1160 animum
1086 1105 1155 1158 ad
1216 1106 1520 1160 disserendi
1568 1108 1712 1159 viam
1763 1114 1819 1159 et
1868 1107 2152 1174 rationem,

459 1197 598 1249 quae
638 1187 806 1232 artem
861 1179 916 1231 in
955 1179 1022 1232 iis
1061 1177 1226 1231 habet
1263 1197 1486 1249 prorsus
1525 1177 1855 1248 singularem
1892 1185 1948 1230 et
1983 1177 2155 1231 admi-

459 1251 700 1305 rabilem.
775 1249 862 1303 De
913 1267 1022 1319 qua
1057 1258 1287 1319 utraque
1325 1269 1384 1302 re
1423 1249 1612 1319 paucis
1652 1247 1947 1302 dicendum·
1981 1257 2080 1303 est.

599 1323 794 1391 Itaque
830 1329 1452 1375 externamsermonum
1479 1320 1887 1373 Platonicorum
1925 1318 2154 1374 formam

457 1414 615 1448 nemo
665 1393 885 1465 ignorat
934 1393 1046 1445 fere
1086 1411 1203 1446 eam
1241 1411 1390 1460 esse,
1430 1411 1571 1462 quae
1606 1407 1779 1462 prope
1819 1388 2047 1445 accedat
2084 1391 2155 1445 ad

460 1465 762 1519 fabularum
799 1465 1135 1517 scenicarum
1161 1465 1399 1534 speciem
1429 1471 1486 1516 et·
1511 1461 1937 1516 similitudinem.
2010 1463 2157 1517 Nam

459 1556 624 1590 scena
660 1537 715 1589 in
753 1537 818 1590 iis
857 1536 1157 1589 constituta
1195 1543 1279 1588 est
1316 1542 1464 1588 certo
1502 1542 1745 1606 tempore
1783 1541 1838 1587 et
1872 1535 2027 1602 loce,
2054 1535 2154 1588 ubi

457 1628 544 1662 res
594 1609 790 1680 agitur.
877 1606 1309 1660 Introducuntur
1360 1625 1626 1676 personae
1686 1606 1830 1658 inter
1878 1625 1938 1660 se
1985 1605 2155 1660 collo-

459 1688 716 1750 quenteS,
777 1699 1006 1749 quarum
1067 1678 1376 1750 ingenium,
1428 1697 1635 1746 mores,
1686 1677 1831 1730 vitae
1891 1676 2153 1746 conditiO,

458 1750 757 1820 sentiendi,
796 1748 1103 1820 iudicandi,
1145 1748 1361 1802 dicendi
1419 1749 1559 1802 ratio
1607 1767 1831 1821 prorsus
1878 1748 1998 1801 adi
2042 1748 2155 1802 sius

457 1823 601 1877 vitae
651 1824 936 1875 veritatem
985 1820 1367 1875 describuntur
1410 1827 1466 1873 et
1515 1821 1903 1891 exprimuntur.
2037 1838 2156 1873 rae-

457 1902 608 1948 terea
648 1893 1073 1965 disputationem
1109 1892 1534 1963 colloquentium
1572 1911 1682 1944 nou
1718 1891 1898 1962 inepte
1937 1908 2056 1945 com
2098 1910 2156 1944 a·

458 1967 663 2019 raveris
722 1985 842 2019 cum
905 1966 1148 2032 actione,
1202 1965 1375 2032 qualis
1434 1971 1518 2016 est
1570 1962 1880 2019 dramatica.
1965 1963 2058 2016 Ha
2100 1971 2157 2016 et

460 2038 601 2090 enim
636 2037 870 2106 initium,
911 2054 1280 2108 progressum,
1308 2034 1696 2107 digressioneS,
1723 2034 1954 2097 exitum3
1991 2033 2158 2088 habet

457 2124 558 2180 pro
614 2109 962 2162 consiliorum
1022 2108 1283 2160 varietate
1333 2107 1748 2173 sublimitatem,
1808 2105 2153 2177 gravitatem,

458 2181 852 2248 urbanitatem,
920 2179 1303 2246 festivitatem,
1376 2177 1686 2249 inopinatas
1750 2177 2154 2246 conversioncS,

459 2249 694 2321 denique
734 2252 931 2319 omnia,
967 2269 1106 2320 quae
1142 2250 1200 2302 in
1237 2249 1547 2302 dramaticis
1571 2248 1770 2302 fabulis
1794 2248 2154 2318 reperiuntur,

457 2322 536 2376 ita
573 2331 636 2376 ut
670 2324 811 2375 inter
848 2322 1139 2394 legendum
1177 2340 1286 2374 non
1337 2320 1587 2374 subtilem
1640 2319 1873 2388 aliquam
1912 2318 2159 2392 disputa-

458 2394 661 2447 tionem
700 2394 767 2446 de
805 2393 1184 2465 philosophiae
1235 2391 1485 2445 doctrina
1528 2391 1717 2444 audire
1753 2389 2016 2459 videaris,
2040 2390 2157 2461 ‘sed

457 2465 672 2518 fabulae
723 2465 912 2532 alicui,
965 2464 1229 2535 tragicae,
1282 2463 1371 2515 vel
1425 2463 1663 2515 comicae
1721 2461 1809 2513 vel
1866 2463 2153 2533 satyricae,

460 2543 736 2604 spectator
772 2535 1052 2588 interesse.
1130 2532 1390 2600 Accedit,
1433 2532 1583 2601 quod
1638 2531 1813 2585 oratio
1862 2550 2025 2603 saepe
2073 2541 2157 2588 est

459 2607 619 2679 plane
667 2606 914 2677 poetica,
956 2604 1158 2659 crebris
1203 2603 1533 2675 imaginibus
1594 2622 1658 2656 ac
1707 2602 2154 2659 similitudinibus

462 2677 739 2741 distincta,
768 2675 1013 2746 adeoque
1037 2683 1229 2729 ornata
1254 2675 1552 2728 involucris
1591 2674 1912 2744 fabularum,
1953 2676 2154 2746 quibus

461 2747 838 2820 philosophiae
888 2748 1089 2819 placita
1141 2753 1521 2818 proponuntur
1565 2753 1728 2816 atque
1766 2745 2048 2799 firmantur
2083 2747 2153 2818 *).

463 2819 647 2889 Quum
694 2837 822 2873 vero
874 2820 943 2872 sit
990 2819 1078 2872 lex
1116 2837 1281 2888 quum
1320 2825 1620 2871 ceterarum
1658 2817 1853 2870 artium
1892 2818 2151 2887 omnium,

462 2903 576 2947 tum
614 2891 799 2964 poesis
838 2890 1130 2963 imprimis,
1170 2896 1234 2942 ut
1282 2907 1403 2943 cum
1451 2906 1631 2942 rerum
1678 2889 1974 2959 varietate,
2014 2907 2156 2960 quae

516 3123 558 3175 ¹'‘)
589 3120 661 3163 Do
690 3121 852 3175 mythis
884 3121 1105 3168 Platonis,
1139 3122 1191 3161 de
1223 3119 1380 3173 quibus
1410 3130 1550 3172 nuper
1582 3129 1757 3170 quoque
1787 3117 2045 3158 exstiterunt
2075 3117 2152 3170 qui

576 3181 713 3221 multa
750 3180 969 3220 mirabilia
1011 3179 1466 3224 comminiscerentur,
1499 3177 1692 3216 breviter
1730 3175 1922 3215 diximus
1960 3174 2153 3216 Praefat.

577 3239 634 3279 ad
665 3237 915 3279 Phaedrum
945 3250 987 3289 p.
1009 3236 1231 3277 CXXXV.
1262 3249 1360 3289 sqq.
1420 3235 1640 3275 Nimirum
1669 3238 1770 3275 sunt
1797 3233 1864 3273 ini
1894 3232 2005 3273 nihil
2034 3233 2154 3273 aliud

573 3296 660 3337 nisi
689 3296 889 3349 poeticae
926 3301 970 3336 et
1011 3295 1243 3347 religiosae
1279 3294 1475 3346 picturae
1514 3297 1652 3334 status
1696 3296 1739 3332 et
1769 3290 2041 3331 condicionis
2074 3291 2154 3331 ali-

575 3354 715 3407 cuius,
745 3354 918 3405 qualem
947 3352 1054 3406 poni
1084 3359 1217 3405 atque
1245 3351 1380 3393 statui
1410 3351 1535 3392 ideae
1569 3349 1753 3391 alicuius
1770 3348 1931 3390 certius
1958 3346 2152 3389 intellec·

577 3417 645 3452 tae
678 3412 792 3453 ratio
819 3409 1029 3464 postulat.
