2158 3718
5 0 313 91 Wfftz-ssoeaeflfflw
338 0 348 9 ⁷
364 10 374 22 -.
434 19 438 21 μ

66 26 78 42 ’.
92 27 103 35 '⁴
131 42 134 43 γ
158 29 192 41 ;»-α
208 26 230 40 »ζῑ
246 24 265 44 ῥ’
279 29 303 39 ,1.
332 31 335 34 ›

806 147 1069 191 PHAEDO
1102 161 1148 203 p.
1179 150 1248 190 91.
1817 145 1922 200 213

136 291 188 345 εἰ
222 290 286 345 δὲ
322 289 498 360 μηδέν
537 289 657 343 ἐστι
693 287 1121 355 τελευτήσαντι,
1161 281 1286 338 οΞλλἶ
1328 276 1438 338 οὖν
1475 285 1684 338 τοῦτόν
1721 304 1786 353 γε
1823 283 1924 338 τὸν

133 375 344 446 χρόνον
391 371 567 427 αὐτὸν
613 369 714 425 τὸν
749 368 860 441 πρὸ
909 373 1011 424 τοῦ
1049 370 1306 424 θανάτου
1343 361 1513 439 ἦττον
1549 378 1667 433 τοῖς
1703 373 1923 440 παροῦ-

134 474 228 514 σιν
279 456 453 528 ἀηδὴς
497 459 693 526 ἔσομαι
740 453 1112 525 ὀδυρόμενος·
1177 452 1212 525 ἡ
1262 452 1576 522 δὲᾶγνοιά
1630 474 1725 524 μοι
1779 451 1924 524 αὕτη

134 539 205 598 οὗ
244 543 619 610 ξυνδιατελεῖ,
658 537 837 594 κακὸν
873 537 983 610 γὰρ
1021 539 1094 593 ἂν
1129 531 1236 608 ἦν,
1276 536 1402 592 ἀλλ’
1443 535 1640 607 ὀλίγον
1677 537 1924 609 ὕστερον

134 625 438 682 ἀπολεῖται.
515 625 1045 695 παρεσκευασμένος
1083 625 1173 694 δή,
1213 625 1351 693 ἔφη,
1391 615 1441 677 οῗ
1479 625 1694 693 Σιμμία
1731 642 1792 677 τε
1829 624 1925 676 καὶ

133 713 336 782 Κέβης,
375 708 585 765 οὑτωσὶ
623 712 854 780 ἔρχομαι
893 710 986 763 ἐπὶ
1022 707 1122 763 τὸν
1160 708 1351 776 λόγον.
1404 705 1565 777 ὑμεῖς
1600 708 1812 777 μέντοι,
1852 706 1924 761 ἂν

86 799 90 802 ’
135 797 258 867 ἐμοὶ
306 800 614 866 πείθησθε,
665 793 906 865 σμικρὸν
952 797 1359 865 φροντίσαντες
1406 791 1780 863 Σωκράτους,
1828 796 1979 862 τῆςΟ

134 882 198 937 δὲ
234 878 504 951 ἀληθείας
540 878 688 935 πολὺ
726 882 962 950 μᾶλλον,
1004 878 1105 933 ἐὰν
1142 880 1246 948 μέν
1282 898 1335 931 τι
1372 875 1688 947 ὖμῖνῖῖοκώ
1715 874 1927 946 ἀληθὲς

135 967 344 1036 λέγειν,
383 965 895 1035 ξυνομολογήσατε·
958 963 1011 1017 εί
1046 963 1110 1017 δὲ
1147 963 1250 1032 μή,
1288 962 1459 1015 παντὶ
1496 963 1646 1032 λόγῳ
1685 959 1927 1015 ἀντιτεί-

134 1071 286 1120 νετε,
339 1049 777 1119 εὐλαβούμενοι,
824 1046 977 1110 ὅπως
1023 1044 1255 1116 μὴ’ἐγώ
1303 1044 1418 1100 ὑπὸ
1455 1049 1778 1116 προθυμίας
1815 1045 1927 1115 ἅμα

136 1135 339 1190 ἑαυτόν
384 1154 445 1188 τε
491 1135 584 1187 καὶ
630 1132 774 1203 ὑμᾶς
823 1131 1172 1201 ἐξαπατήσας
1209 1129 1392 1200 ὥςπερ
1430 1131 1656 1201 μέλιττα
1694 1128 1756 1183 τὸ
1796 1130 1927 1183 κέν-

133 1240 272 1290 τρον
311 1216 704 1288 ἐγκαταλιπών
742 1217 1055 1287 οἰχήσομαι.
1459 1264 1465 1268 .

278 1308 394 1374 Cap.
446 1306 570 1358 XLI.
639 1299 792 1355 Ἀλλ’
843 1302 1020 1370 ἰτέον,
1069 1303 1198 1370 ἔφη.
1273 1299 1503 1370 πρῶτόν
1549 1319 1618 1370 με
1672 1296 1928 1370 ὑπομνή-

251 1456 281 1517 ἡ
314 1457 377 1505 δὲ
405 1454 551 1517 Elyma]
583 1462 681 1505 Vat.
702 1462 813 1503 Ven.
837 1458 938 1506 ΞΤ
962 1466 1004 1500 et
1025 1471 1106 1501 reo.
1127 1459 1234 1500 Ven.
1257 1459 1310 1500 Π
1325 1471 1421 1500 cum
1441 1458 1563 1499 Bodl.
1585 1452 1615 1513 ἡ
1640 1454 1694 1500 δὲ
1716 1453 1926 1512 διάνοια,

137 1520 250 1561 unde
271 1520 413 1561 Herm.
437 1518 698 1571 exsculpsit:
729 1509 759 1571 ἡ
783 1511 838 1558 δὲ
867 1511 929 1570 δὴ
951 1507 1139 1583 ἄγνοια.
1232 1512 1242 1522 ’

250 1586 472 1630 παρεσκ
487 1568 808 1628 ευασμένος
830 1565 916 1627 δή]
941 1585 1030 1626 μεν
1049 1573 1174 1625 vulgo
1196 1579 1294 1613 ante
1316 1564 1379 1626 δή
1398 1572 1588 1625 positum
1610 1571 1926 1613 om.Vat.Tub.

135 1634 267 1675 vind.
293 1631 333 1674 Φ
354 1634 502 1674 Ambr.
528 1638 568 1672 et
588 1644 656 1685 pr.
680 1630 803 1671 Bodl.
824 1630 935 1671 Ven.
958 1629 1020 1671 H.

252 1687 297 1732 C.
330 1681 554 1743 ἀληθὲς
576 1682 787 1742 λέγειν]
815 1685 889 1727 Sic
910 1685 1059 1740 optimi
1082 1697 1243 1726 omnes.
1267 1686 1382 1726 Vett.
1405 1685 1522 1726 editt.
1547 1681 1703 1739 λέγειν
1726 1677 1926 1739 ἀληθές.

135 1746 237 1788 Mox
260 1738 608 1800 εὐλαβούμενοι
631 1757 714 1787 om.
738 1756 802 1797 pr.
825 1743 946 1784 Bodl.
968 1743 1078 1785 Ven.
1093 1742 1154 1786 Π.

251 1794 368 1857 ἅμα
391 1794 566 1844 ἑαυτό
579 1816 606 1843 ν
627 1797 703 1855 τε]
730 1800 909 1841 Bekker.
924 1797 1123 1846 eVemE
1139 1811 1248 1839 corr.
1273 1798 1391 1839 dedit
1411 1791 1636 1852 ἐμαυτόν.
1661 1798 1753 1839 Non
1777 1799 1929 1894 probe}5

137 1915 233 1957 coll.
263 1914 375 1956 infra
402 1929 445 1969 p.
471 1916 550 1956 101
572 1915 608 1955 D
636 1915 696 1954 in.
726 1925 858 1966 supra
886 1926 930 1966 p.
953 1914 1007 1955 78
1028 1913 1075 1953 B.
1117 1912 1292 1953 Fallitur
1331 1911 1579 1963 Bernhardy
1619 1867 1754 1964 Sym}J
1779 1924 1822 1964 p.
1847 1911 1933 1951 272

135 1972 253 2012 huno
280 1984 407 2013 usum
437 1971 701 2025 pronominis
732 1971 925 2010 reflexivi
953 1969 1109 2024 plurali
1139 1981 1317 2009 numero
1342 1968 1597 2019 concedens,
1621 1966 1826 2020 singulari
1849 1967 1930 2006 eri-

138 2029 280 2082 piens.
312 2027 395 2080 [cf.
421 2027 629 2078 Sommer,
651 2027 763 2080 Allg.
787 2025 958 2069 Schulz.
986 2027 1108 2068 1833.
1133 2038 1174 2078 p.
1199 2023 1314 2076 717]

255 2098 360 2152 Cap.
381 2098 493 2141 XLI.
525 2090 750 2152 πρῶτόν
770 2093 857 2150 με]
885 2094 1014 2137 Coisl.
1038 2095 1213 2138 Ven.H
1229 2096 1336 2136 Tub.
1360 2095 1455 2134 Par.
1478 2094 1538 2134 IL
1560 2099 1764 2146 quantum
1788 2094 1939 2149 suspi7

140 2167 213 2196 cor
240 2167 386 2195 omnes
416 2153 603 2209 πρῶτον
632 2149 735 2206 μέν.
776 2153 927 2192 Errare
950 2152 1061 2192 enim
1093 2152 1262 2205 videtur
1281 2151 1463 2194 Bekker.
1486 2151 1531 2190 in
1551 2151 1662 2191 Ven.
1686 2149 1736 2191 H
1762 2161 1932 2201 quoque

139 2209 328 2264 πρῶτον
357 2206 446 2264 μέν
476 2223 534 2263 με
566 2210 650 2262 legi
679 2221 879 2257 narrans,
914 2209 1029 2260 quod
1054 2208 1167 2247 idem
1197 2207 1250 2247 de
1277 2206 1406 2248 Coisl.
1436 2215 1477 2247 et
1497 2207 1613 2249 Parr.
1639 2206 1782 2249 refert.
1823 2206 1931 2246 Nam
1956 2254 1966 2258 -

138 2269 307 2334 Bestius
330 2267 504 2333 quidem
527 2267 668 2306 eVen.
687 2265 879 2318 protulit,
900 2265 1014 2315 quod
1028 2277 1085 2304 ex
1106 2265 1211 2307 Tub.
1233 2275 1404 2315 quoque
1426 2270 1619 2304 notatum
1642 2272 1721 2316 est,
1744 2261 1933 2314 πρῶτον

139 2336 230 2378 μεν
253 2335 412 2364 omlsso
435 2335 508 2376 με.

134 1872 178 1903 v.
200 1871 312 1911 quae
339 1859 392 1900 de
420 1858 502 1899 hoo
529 1856 797 1911 pronominis
828 1869 909 1897 usu
938 1861 1248 1896 commentatus
1276 1867 1371 1896 sum
1402 1855 1457 1895 ad
1479 1855 1615 1897 Alcib.
1645 1856 1697 1895 ΙΙ.

1080 2473 1193 2514 τρον
1223 2453 1529 2513 ἔνκατέλειπε
1556 2436 1658 2508 τοῖς
1693 2451 1934 2513 ἀκροωμέ-

1081 2530 1183 2566 νοις
1211 2529 1281 2570 ap.
1311 2517 1432 2557 Diod.
1464 2515 1548 2560 Sio.
1568 2515 1664 2556 XII.
1686 2516 1765 2568 40,
1796 2517 1870 2556 ubi
1890 2528 1931 2556 v.

197 2461 248 2506 εἰ
274 2459 335 2506 δὲ
364 2459 554 2518 μηδέν
575 2455 697 2503 ἔστι
719 2456 994 2515 τελευτή-

139 2517 329 2574 σαντι]
372 2521 453 2561 sin
481 2525 605 2573 post
632 2526 847 2559 mortem
879 2530 995 2558 sen-

0 2575 3 2578 ’
54 2622 55 2626 ,
139 2590 230 2619 sus
261 2576 426 2618 omnis
455 2583 614 2628 atque
641 2576 757 2628 ipse
785 2575 992 2616 animus

139 2633 525 2687 exstinguitur.
575 2632 636 2672 De
675 2623 785 2673 ἄλλ’
825 2618 912 2674 οὖν
954 2638 994 2671 et

137 2681 336 2732 ἄλλοέ-
364 2701 418 2743 »γε
444 2690 487 2728 in
517 2688 696 2743 apodosi
725 2688 991 2740 frequentato

137 2746 296 2788 dictum
318 2745 373 2786 ad
393 2746 561 2798 Protag.
584 2757 626 2798 p.
650 2746 732 2787 353
744 2747 796 2788 A.
816 2765 873 2772 --
893 2744 995 2785 Mox

138 2803 315 2844 verbum
368 2799 700 2853 ξυνδιατελεῖν
747 2801 996 2841 manendi

141 2857 381 2912 significatu
416 2858 668 2911 simpliciter
703 2858 891 2911 positum
933 2865 998 2898 est

142 2921 183 2955 et
203 2915 296 2955 sine
321 2915 557 2967 participio,
588 2914 703 2963 quod
731 2914 902 2954 fuerunt
925 2914 996 2965 qui

141 2981 366 3025 perperam
394 2970 632 3010 iudicarent
665 2969 996 3023 intellegendum

143 3039 256 3067 esse.
301 3039 344 3070 v,
386 3025 749 3078 Hindenburg.
801 3026 855 3066 ad
885 3026 995 3069 Xen.

140 3084 269 3127 Mem.
291 3083 324 3125 Ι.
347 3084 388 3131 6,
411 3083 451 3122 2.
661 3095 663 3097 ¹

200 3138 246 3182 C.
309 3130 769 3192 εὐλαβούμενοι,
845 3129 995 3187 ὅπως

142 3188 215 3250 μὴ
239 3218 293 3224 -
315 3187 650 3248 οἰχήσομαι]
694 3194 755 3233 De
776 3201 995 3234 construc-

142 3253 258 3293 tione
279 3265 319 3294 v.
345 3259 514 3305 praeter
533 3250 640 3290 alios
663 3249 804 3293 Rost.
834 3248 874 3303 S.
899 3252 995 3293 122.

146 3309 213 3348 11.
236 3315 379 3350 annot.
405 3309 447 3348 8.

201 3355 380 3416 ὥςπερ
421 3355 753 3421 μέλιτταῃτό
784 3375 826 3404 κ.
895 3363 997 3402 Eu—

145 3420 289 3472 polis
330 3421 384 3460 de
423 3420 605 3460 Pericle:
647 3412 797 3467 οὕτως
861 3412 997 3472 κήλει

144 3472 228 3517 καὶ
257 3468 403 3531 μόνος
431 3475 525 3518 τῶν
555 3468 767 3529 ῥητόρων
797 3468 848 3515 τὸ
891 3471 996 3517 κέν-

1080 2573 1402 2626 wesseling.
1442 2572 1837 2625 0011.Ψγ11ε111).
1879 2572 1935 2612 ad

1080 2630 1190 2670 Plut.
1220 2630 1281 2671 De
1311 2642 1346 2673 s,
1382 2642 1425 2669 n.
1456 2643 1497 2671 v.
1529 2641 1572 2683 p.
1605 2630 1631 2670 8
1652 2641 1717 2679 sq.
1756 2628 1932 2669 Lucian.

1080 2686 1243 2740 Nigrin.
1274 2699 1317 2740 p.
1348 2687 1404 2726 24
1442 2683 1526 2727 καὶ
1554 2678 1645 2740 ’γάρ
1673 2697 1770 2737 τοι,
1809 2679 1954 2726 κατὰ

1080 2738 1165 2786 τὸν
1193 2735 1421 2797 κωμικόν,
1454 2736 1516 2791 ὥς
1547 2737 1746 2795 οἷληθῶς
1767 2734 1934 2795 ἐγκατ-

1083 2796 1216 2841 έλιπέ
1237 2813 1283 2840 τι
1305 2795 1504 2852 κέντρον
1524 2801 1626 2846 τοῖς
1655 2790 1934 2839 ἀκούουσιν.

1084 2856 1169 2897 Cio.
1200 2857 1263 2896 De
1293 2864 1398 2896 orat.
1430 2857 1502 2896 III.
1534 2857 1590 2897 34
1619 2860 1860 2908 tantamque
1891 2855 1935 2894 in

1083 2926 1133 2954 eo
1166 2911 1366 2965 (Pericle)
1395 2913 1474 2953 vim
1509 2912 1646 2963 fuisse
1675 2909 1934 2964 (dixerunt),

1082 2975 1129 3010 ut
1149 2970 1194 3010 in
1214 2982 1358 3010 eorum
1371 2968 1591 3022 mentibus,
1610 2970 1683 3022 qui
1701 2968 1932 3013 audissent,

1083 3027 1208 3079 quasi
1233 3029 1403 3067 aculeos
1431 3026 1632 3079 quosdam
1659 3026 1935 3076 relinqueret.

1084 3082 1169 3124 Cic.
1212 3082 1329 3124 Brut.
1371 3094 1407 3123 e.
1435 3084 1462 3122 9
1491 3089 1597 3124 extr.
1640 3080 1747 3122 Plin.
1792 3079 1869 3131 Ep.
1900 3078 1933 3120 Ι.

1139 3168 1376 3248 'capam
1431 3185 1562 3234 Ἀλλ’
1607 3187 1788 3242 ἰτέον]
1833 3189 1934 3230 Sed

1081 3251 1445 3291 accedendum
1507 3257 1584 3289 est
1643 3247 1706 3287 ad
1765 3247 1932 3300 ipsam

1084 3307 1523 3360 disputationem.
1587 3303 1765 3343 Dixerat
1823 3302 1935 3342 enim

1083 3371 1229 3404 antea:
1273 3357 1449 3404 οὑτωσὶ
1491 3357 1687 3414 ἔρχομαι
1730 3352 1808 3399 ἐπὶ
1850 3350 1935 3399 τὸν

1086 3412 1250 3473 λόγον,
1320 3419 1433 3470 quod
1499 3423 1760 3470 postremum
1822 3426 1935 3453 nunc

1085 3482 1237 3528 sponte
1285 3475 1559 3526 intellegitur.
1623 3471 1693 3512 Sic
1733 3484 1774 3523 p.
1818 3471 1872 3511 78
1901 3468 1931 3510 C
