2158 3718
773 0 780 16 ν
806 11 815 29 i
859 0 864 15 ⁵
890 0 1406 37 θωὴιτᾋῑεῳῒᾝτι·’.ε-*ωε·ε(τε-ν’..
1525 0 1527 2 ·

807 103 1067 156 ΡΗΑΕοο
1100 127 1143 170 p.
1174 89 1243 158 82.
1311 87 1314 89 Α

1798 114 1897 167 181

133 253 318 321 βοῦσα
353 250 542 306 αὐτῶν
578 250 680 323 τὴν
717 251 903 322 ψυχὴν
938 251 971 323 ἡ
1011 255 1319 322 φιλοσοφία
1367 253 1608 322 ἀτεχνῶς
1645 253 1896 307 διαδεδε-
1920 271 1954 311 Ε

132 337 308 407 μένην
354 338 419 392 έν
463 341 538 408 τῷ
587 337 797 407 στόματι
843 338 937 391 καὶ
973 338 1554 408 προςκεκολλημένην,
1594 336 1900 406 ἀναγκαζο-

132 422 308 491 μένην
354 423 416 476 δὲ
463 421 642 492 ὥςπερ
691 421 767 475 δι’
809 423 1038 493 εἱργμοῦ
1078 420 1170 476 διὰ
1206 423 1412 476 τούτου
1459 429 1795 476 σκοπεῖσθαι
1831 421 1899 476 τοὶ

133 504 297 575 ὄντα,
347 504 488 560 ἄλλα
533 505 606 576 μὴ
654 504 831 576 αὐτὴν
878 506 958 561 δι’
996 505 1194 578 αὐτῆς,
1243 509 1337 561 καὶ
1387 509 1450 562 έν
1496 508 1644 578 πάσῃ
1684 506 1899 580 ἀμαθία

132 591 597 661 κυλινδουμένην,
619 593 711 645 καὶ
736 596 837 644 τοῦ
865 594 1096 663 εἱργμοῦ
1122 590 1226 663 τὴν
1252 593 1543 663 δεινότητα
1568 593 1896 661 κατιδοῦσα,

131 673 217 729 ὅτι
253 673 328 728 δι’
369 675 670 746 ἐπιθυμίας
709 678 881 746 ἐστίν,
922 673 996 740 ὥς
1021 675 1093 730 ἂν
1118 677 1357 747 μάλιστα
1395 675 1561 741 αὐτὸς
1599 676 1627 731 ὁ
1669 677 1899 748 δεδεμέ-

241 847 345 902 Cap.
367 849 564 893 XXXIII.
598 851 646 890 Ε.
681 847 1130 906 διαδεδεμένην]
1173 848 1436 905 δεδεμένην
1473 852 1570 892 Vat.
1601 851 1745 894 Ambr.
1790 856 1830 891 et
1872 863 1896 891 a

126 918 192 959 pr.
214 918 272 946 m.
294 906 403 946 Flor.
427 903 704 961 δεδεμένην.

242 971 500 1032 εἱργμοῦ]
549 979 609 1017 [ta
636 978 903 1018 sciibendum
934 990 1028 1018 esse
1057 989 1193 1029 neque
1224 989 1320 1017 vero
1344 975 1557 1031 εἱργμοῦ,
1582 978 1723 1027 quod'
1714 990 1758 1017 ln
1778 978 1895 1018 libris

126 1032 287 1084 aliquot
313 1032 382 1073 hic
412 1042 451 1073 et
480 1034 631 1074 deinde
654 1035 865 1098 scriptum
888 1040 1039 1085 exstat,
1065 1035 1216 1074 docent
1237 1034 1367 1073 verba
1395 1033 1605 1074 Eustathii
1626 1034 1680 1073 ad
1702 1033 1777 1076 Od
1802 1047 1834 1074 α
1854 1047 1895 1087 p.

127 1089 236 1130 1387
265 1089 331 1132 ed.
354 1090 475 1131 Rom.
503 1087 587 1130 καὶ
616 1083 668 1131 τὸ
703 1089 840 1158 εἶ’ργω
863 1085 915 1131 δὲ
938 1083 1016 1130 έπὶ
1036 1104 1127 1160 μεν
1144 1089 1228 1131 τοῦ
1256 1083 1420 1131 κωλύω
1448 1082 1647 1158 ἕψίλουν
1674 1084 1743 1141 (οἷ
1755 1082 1892 1131 Ἀττι-

125 1143 242 1197 κοί),
264 1142 348 1187 καὶ
369 1134 518 1199 δῆλον
539 1139 589 1187 έκ
612 1145 695 1187 τοῦ
717 1143 957 1199 οἷπεῖρξεν·
979 1139 1058 1187 ἐπὶ
1080 1142 1134 1188 δὲ
1150 1145 1235 1188 τοῦ
1252 1139 1446 1216 έγκλείω
1455 1139 1710 1212 έδοὶσυνον,
1733 1159 1802 1194 ως
1797 1145 1894 1200 δη-

126 1201 203 1243 λοῖ
218 1195 271 1243 τὸ
292 1200 575 1255 καθεῖρξεν·
599 1194 720 1245 ὅθεν
740 1200 824 1244 καὶ
853 1195 1112 1244 δασύνεται
1132 1200 1216 1245 καὶ
1246 1197 1276 1257 ἢ
1306 1196 1479 1257 εἷρκτή

236 1269 734 1327 κυλινδουμένην]
779 1272 831 1315 V.
861 1271 1258 1339 καλινδουμένην,

1324 1274 1410 1314 uod
1443 1272 1510 1313 hic
1546 1283 1715 1342 quoque
1747 1272 1893 1326 optimi

122 1330 378 1384 plurimique
397 1330 490 1370 libri
511 1339 809 1384 aspernantur.
850 1330 951 1370 Dein
975 1330 1083 1373 Flor.
1107 1332 1134 1371 d
1156 1322 1181 1372 ὃ
1205 1323 1276 1371 δι’
1299 1328 1563 1383 επιθυμίας
1586 1322 1730 1371 ε’στίν.

123 1472 377 1526 praeceptis,
395 1472 579 1520 monitis,
598 1472 786 1513 consiliis
805 1483 965 1524 augen-

123 1530 223 1570 dum
281 1537 322 1569 et
377 1528 646 1569 formandum
709 1529 966 1580 omninoque

122 1585 404 1637 tractandum,
423 1592 470 1626 ut
491 1585 570 1625 hoc
591 1585 683 1625 loco
702 1586 755 1626 de
775 1585 962 1639 philoso-

121 1642 238 1696 phia,
269 1654 377 1694 quae
399 1642 541 1682 studet
562 1643 748 1682 animum
771 1654 795 1681 a
816 1643 964 1682 vincu-

121 1699 172 1739 lis
214 1699 620 1753 corporis·liberare
650 1705 690 1739 et
729 1698 963 1740 exsolvere.

120 1756 182 1796 De
203 1768 285 1806 quo
307 1767 390 1795 usu
411 1756 529 1796 verbi
550 1755 694 1798 v.Alc.
716 1756 749 1795 Ι.
769 1757 903 1808 p.121
915 1756 961 1798 E.

121 1812 246 1865 Apol.
270 1825 313 1865 p.
337 1813 389 1852 18
410 1811 457 1855 B,
489 1811 594 1860 Quia
616 1820 755 1852 autem
778 1812 961 1852 ostendit

121 1868 245 1909 simul
276 1867 496 1919 Socrates,
527 1869 664 1920 qualis
696 1869 751 1908 sit
771 1869 899 1908 animi
920 1869 961 1908 in

121 1937 299 1979 corpore
321 1925 527 1976 condicio,
539 1925 649 1965 infra
666 1925 836 1965 demum
853 1925 960 1965 mul-

119 1982 175 2022 tis
200 1982 393 2022 versibus
421 1990 520 2035 post
539 1983 594 2022 ad
614 1983 849 2022 institutam
871 1983 959 2021 dis-

95 2052 97 2055 ⁴
121 2038 355 2092 putationis
385 2038 539 2078 seriem
567 2039 814 2089 revertitur,
853 2050 960 2090 quae

121 2107 189 2136 res
217 2095 407 2135 ordinem
435 2096 665 2135 verborum
694 2104 734 2135 et
756 2095 960 2134 orationis

122 2164 296 2192 sensum
324 2151 466 2204 paullo
488 2152 799 2204 impeditiorem
822 2159 862 2190 et
882 2152 958 2191 ob-

121 2208 350 2248 scuriorem
382 2207 534 2248 reddit.
575 2229 626 2235 —
666 2208 824 2247 Dicitur
859 2219 958 2246 vero

120 2265 288 2304 animus
309 2264 351 2303 in
368 2276 544 2316 corpore
561 2272 774 2315 tamquam
791 2275 961 2303 carcere

120 2321 302 2373 quodam
330 2321 496 2361 vinctus
526 2321 659 2361 teneri
688 2321 810 2372 eique
838 2321 962 2372 quasi

120 2378 407 2431 agglutinatus
429 2389 539 2427 esse,
572 2390 653 2428 quo
677 2377 864 2417 indicare
880 2389 957 2417 vo-

120 2435 200 2474 luit
234 2433 513 2487 philosophus
551 2442 638 2473 tam
676 2442 834 2474 arctam
864 2446 961 2473 esse

119 2491 248 2532 animi
270 2496 397 2542 atque
420 2491 608 2543 corporis
629 2491 957 2544 copulationem,

120 2555 166 2587 ut
194 2547 264 2586 ille
293 2547 431 2587 omnia
452 2548 641 2612 corporis
670 2560 798 2601 opera
820 2555 859 2587 et
879 2547 958 2586 mi-

120 2604 291 2644 nisterio
334 2604 640 2644 interveniente
690 2604 957 2644 considerare

120 2661 268 2702 soleat.
311 2658 469 2726 Cratyl.
497 2674 542 2714 p.
568 2661 652 2702 400
672 2660 705 2700 Β
745 2657 828 2702 καὶ
867 2655 957 2713 γὰρ

121 2710 248 2777 σῇμα
264 2713 390 2765 τινές
408 2729 557 2770 φασιν
574 2710 691 2758 αὐτὸ
713 2710 781 2769 (τὸ
804 2715 955 2784 σῶμα)

122 2776 247 2816 εἰναι
276 2772 359 2827 τῆς
386 2773 547 2838 ψυχῆς
569 2788 630 2822 ως
651 2770 957 2828 τεθαμμένης

122 2823 173 2871 έν
200 2829 262 2886 τῷ
295 2829 385 2872 νῦν
404 2824 621 2894 παρόντι.
664 2832 770 2871 Hinc
791 2830 953 2870 intelle-

121 2872 246 2938 gitur,
279 2887 380 2936 quid
410 2888 464 2926 sit
492 2879 641 2954 ὥςπερ
665 2880 734 2928 δι’
761 2882 954 2941 εἷργμοῦ

122 2964 174 2971 -
197 2943 482 2984 σκοπεῖσθαι
503 2938 561 2984 τὰ
584 2937 715 2985 ὄντα.

178 3048 235 3097 έν
263 3066 417 3109 πασῃ
446 3049 679 3108 οἶμαθία
708 3052 771 3109 κ.]
796 3056 956 3096 Politic.

120 3126 163 3166 p.
187 3114 268 3153 309
289 3113 325 3151 Α
348 3097 400 3152 ἐν
419 3103 613 3174 αμαθίᾳ
634 3109 717 3152 καὶ
739 3106 958 3154 ταπεινό-

121 3182 225 3221 τητι
264 3160 646 3236 κυλινδούμενοι.
702 3168 786 3207 The
792 3176 870 3212 tet
912 3182 955 3222 p.

123 3227 202 3266 172
227 3224 260 3264 D
301 3217 353 3266 ἒν
392 3222 716 3277 δικαστηρίοις
749 3218 798 3265 ἐκ
838 3220 956 3266 νέων

122 3276 500 3335 κυλινδούμενοι.
551 3279 700 3333 Syncs.
742 3282 872 3334 Epist.
904 3283 956 3322 32

123 3330 174 3378 ἐν
194 3337 471 3391 καπηλείοις
492 3335 816 3390 κυλινδηθείς.
865 3338 957 3377 Alia

123 3394 239 3434 dabit
276 3394 502 3447 Bergle1
546 3395 599 3434 ad
630 3394 814 3447 Alciphr.
845 3394 892 3435 T.
926 3395 955 3434 Ι.

1109 1465 1199 1538 0¹qu
1241 1463 1318 1513 δι’
1342 1466 1564 1525 έπιθυμ
1575 1470 1666 1518 ίας
1708 1463 1893 1536 έστίν,

1053 1523 1121 1577 ὥς
1162 1520 1231 1569 ὂέν
1280 1542 1328 1582 μ.
1368 1547 1424 1558 —-
1462 1526 1534 1596 τῷ
1584 1523 1894 1596 δεδέσθαι]

1052 1585 1399 1626 Heindorfius
1436 1580 1487 1625 τὸ
1506 1572 1596 1625 δι’
1629 1577 1895 1637 ἐπιθυμίας

1053 1636 1177 1684 εἶναι
1207 1642 1380 1706 passive
1408 1641 1740 1705 intellegendum
1768 1648 1894 1693 puta—

1050 1700 1133 1750 bat,
1157 1706 1203 1738 ut
1224 1691 1308 1740 διοὶ
1324 1697 1553 1764 χαρίτων,
1561 1690 1644 1738 διὰ
1664 1695 1891 1768 σπουδῆς,

1051 1751 1133 1797 δια
1162 1749 1368 1822 μνήμηςῶ
1398 1747 1468 1796 δι’
1502 1747 1643 1808 εὐχῆς
1679 1748 1804 1795 εἶναι
1833 1762 1893 1794 at-

1049 1825 1130 1864 que
1152 1806 1213 1860 ὡς
1233 1824 1308 1877 pro
1332 1787 1447 1859 ω’ςτε
1469 1812 1625 1852 dictum
1645 1811 1891 1862 accipiebat,

1049 1878 1094 1909 ut
1114 1869 1224 1908 idem
1249 1870 1373 1908 etiam
1398 1868 1575 1930 expiimi
1603 1868 1662 1907 sic
1683 1868 1888 1933 potuerit.

1047 1918 1162 1981 ὡςτε
1190 1915 1249 1966 ὂὶν
1279 1919 1482 1983 μα’λιστα
1513 1917 1598 1965 τὸν
1630 1917 1890 1989 δεδεμένον

1050 1972 1346 2035 ξυλλήπτορα
1388 1983 1510 2022 εἰναι
1541 1978 1603 2036 τῷ
1635 1976 1887 2020 δεδεσθαι.

1048 2039 1164 2087 Quae
1191 2039 1295 2078 ratio
1327 2050 1410 2077 non
1441 2049 1525 2076 uno
1549 2022 1720 2076 nomine
1741 2035 1888 2087 displi-

1047 2103 1124 2136 cet.
1166 2096 1253 2134 Imo
1285 2087 1309 2135 ὁ
1343 2086 1530 2147 εἴργμός
1568 2093 1719 2133 dicitur
1761 2085 1889 2133 εἶναι

1047 2145 1131 2192 δια
1155 2145 1442 2204 έπιθυμίας,
1485 2149 1767 2190 exstitisse
1798 2148 1887 2188 sive

1046 2209 1216 2248 locum
1238 2208 1446 2248 obtinei
1458 2219 1479 2245 e
1509 2219 1598 2259 per
1620 2204 1886 2257 cupidita-

1046 2272 1169 2314 tem,
1213 2276 1319 2314 quae
1355 2263 1490 2314 qualis
1521 2263 1574 2301 sit
1613 2267 1653 2301 et
1681 2273 1886 2313 quorsum

1045 2321 1299 2387 pertineat,
1309 2320 1448 2360 verbis
1470 2318 1676 2372 proximis
1698 2317 1883 2369 declara-

1046 2387 1135 2418 tur:
1178 2371 1239 2425 ὡς
1281 2391 1341 2418 αν
1383 2398 1434 2404 -
1477 2374 1573 2440 εἴη,
1625 2374 1884 2426 quomodo

1047 2436 1256 2475 vinctus
1277 2435 1393 2487 ipse
1414 2434 1633 2473 maxime
1657 2431 1885 2484 captiyi-

1043 2492 1175 2531 tatis
1217 2503 1344 2531 suae
1373 2490 1582 2530 adiutor
1612 2500 1729 2527 esse
1759 2499 1884 2540 pos-

1045 2548 1133 2598 sit,
1166 2548 1217 2588 de
1246 2560 1324 2598 quo
1354 2560 1434 2587 usu
1464 2557 1578 2585 vocc.
1612 2537 1673 2591 (ὃς
1704 2556 1765 2584 αν
1788 2556 1883 2583 cum

1046 2605 1232 2658 optativo
1272 2617 1312 2646 v.
1355 2604 1409 2643 ad
1449 2601 1625 2644 Phaed1.
1668 2612 1709 2652 p.
1731 2601 1881 2641 230B.

1044 2662 1124 2702 231
1147 2662 1199 2700 A
1241 2660 1368 2700 Recte
1409 2659 1519 2699 enirn
1562 2658 1715 2698 dicitm
1756 2668 1883 2696 sensu

1043 2717 1292 2783 praegnanti
1313 2710 1534 2769 ἐπιθυμῶ
1556 2708 1618 2762 ὡς
1641 2703 1700 2755 ὃὶν
1719 2735 1770 2742 -
1789 2710 1884 2767 εἴη,

1043 2775 1071 2814 i.
1114 2788 1151 2818 e.
1220 2774 1411 2827 cupide
1476 2770 1880 2823 ciicumspicio‚

1044 2831 1302 2899 quomodo
1327 2836 1404 2871 etc.
1447 2830 1585 2879 Atque
1626 2828 1668 2866 in
1700 2839 1746 2866 eo
1789 2826 1880 2879 ipso

1039 2883 1069 2942 ἡ
1094 2879 1312 2953 δεινότης
1343 2886 1525 2926 carceris
1546 2884 1745 2935 cernitur,
1771 2883 1884 2934 quod

1047 2945 1117 2997 qui
1159 2945 1325 2984 vinctus
1368 2950 1533 2983 tenetur
1582 2942 1678 2994 ipse
1728 2939 1881 2992 cupide

1043 3001 1327 3067 captivitatem
1351 3012 1469 3040 suam
1491 2999 1676 3038 adiuvat.
1717 2996 1796 3034 Pro
1819 2993 1881 3050 τῷ

1044 3053 1278 3098 δεδέσθαι
1307 3056 1429 3095 facile
1466 3056 1560 3106 quis
1598 3066 1690 3093 curn
1721 3052 1881 3090 Hein-

1045 3113 1216 3154 dorfio
1269 3112 1569 3153 desideraverit
1619 3107 1701 3149 τοῦ
1745 3103 1879 3147 δεδέ-

1043 3171 1186 3222 σθαι,
1228 3182 1335 3220 quae
1377 3176 1439 3209 est
1468 3167 1583 3208 verbi
1598 3156 1879 3228 συλλαμβά-

1043 3239 1143 3268 νειν
1174 3233 1213 3265 et
1243 3219 1540 3279 ξυλλήπτορα
1574 3216 1697 3262 εἶναι
1726 3221 1877 3260 usitata

1044 3291 1186 3323 consti
1191 3284 1318 3333 uctio
1350 3283 1402 3322 de
1432 3294 1511 3332 qna
1533 3277 1727 3318 consulas
1750 3277 1876 3315 Mat-

1045 3339 1196 3382 thiae.
1226 3341 1265 3390 §
1290 3314 1384 3379 3'25.
1428 3337 1599 3378 Cautius
1631 3342 1769 3373 tamen
1800 3331 1877 3370 hac

1044 3396 1097 3435 de
1136 3409 1179 3435 re
1219 3396 1504 3436 statuendum,
1548 3391 1651 3430 Nam
1692 3389 1875 3428 dativum

1045 3451 1165 3493 codd.
1198 3465 1342 3493 omnes
1369 3458 1558 3494 tuentum
1588 3459 1664 3487 nec
1685 3446 1875 3486 videmus
