2158 3718
2040 0 2054 7 a·
2072 0 2158 9 -v-1—s.

1828 0 1834 3 “
1891 9 1904 15 '⁴
1944 0 2155 60 '4·;1'·³-11†;tz²³

275 138 344 205 32
917 133 1041 188 PRO
1051 138 1407 186 LEGOMENA
1865 174 1888 183 x

277 287 531 338 dialectice
569 287 834 353 explicata,
884 287 1027 336 facile
1073 287 1378 351 intellegitur
1424 288 1738 338 choricorum
1779 291 2052 340 carminum

275 362 430 408 instar
469 374 601 415 esse,
639 360 933 423 praesertim
971 373 1080 406 cum
1119 371 1346 420 magnam
1384 366 1572 422 partem
1604 362 1747 408 etiam
1775 359 2053 424 religiosam

276 433 466 494 spirent
491 431 720 493 pietatem
751 436 799 478 et
824 429 1104 493 mythorum
1140 428 1406 477 involucris
1443 437 1676 478 exornata
1715 433 1827 479 sint.
1888 430 1960 479 Ex
1997 447 2054 479 eo

276 502 480 565 apparet
539 501 625 549 has
686 500 1051 549 cohortationes
1100 505 1191 547 sta
1205 500 1339 547 simi
1398 499 1636 564 primi1)
1687 502 1851 550 instar·
1894 503 2055 564 putari

275 570 443 620 licere.

420 641 536 690 Eam
564 641 678 688 libri
704 647 918 703 partem,
948 656 1071 704 quae
1099 641 1345 703 sequitur,
1384 647 1521 689 recte
1548 640 1739 690 alteri
1780 636 2064 691 ἐπεισο··

276 709 451 779 61:922)
482 711 675 760 fabulae
704 710 908 759 alicuius
933 713 1151 774 tragicae
1179 713 1560 774 comparaveris.
1614 711 1792 760 Incidit
1818 713 1949 761 enim
1975 712 2056 760 hic

274 785 610 846 inexspectata
637 779 782 846 plane
809 797 975 830 rerum
1006 783 1277 829 conversio,
1330 781 1452 829 Nam
1480 787 1676 843 praeter
1704 785 1920 831 omnium
1950 784 2055 847 opi-

274 855 475 901 nionem
502 851 562 900 de
590 867 676 916 spe
704 852 1114 909 immortalitatiS‚
1153 867 1299 916 quam
1333 866 1504 899 omnes
1530 854 1626 900 iam
1655 854 1772 901 satis
1798 853 2055 902 confirma—

277 931 373 972 tam
401 924 727 987 putavissent,
766 930 971 986 repente
999 924 1159 986 gravis
1186 928 1409 970 movetur
1437 924 1794 979 controversia,
1836 923 2055 985 quando-

275 994 476 1059 quidem
519 994 746 1042 Simmias
783 1001 831 1041 et
867 992 1021 1042 Cebes
1057 1007 1194 1055 spem
1229 991 1362 1040 illam
1400 995 1703 1055 argumentis
1739 993 2056 1042 subtilissime

277 1066 566 1126 excogitatis
601 1064 724 1112 adeo
762 1063 1041 1112 convellunt
1077 1079 1133 1111 ac
1159 1062 1475 1118 labefactant,
1504 1070 1565 1111 ut·
1582 1078 1740 1127 paene
1766 1071 1868 1113 tota
1894 1064 2056 1112 videa-

277 1142 355 1184 tur
384 1135 444 1183 de
470 1135 638 1184 medio
665 1134 852 1183 sublata
883 1149 1004 1190 esse,
1035 1134 1080 1182 id
1106 1134 1234 1198 quod
1258 1136 1402 1182 etiam
1424 1134 1736 1190 EchecrateS,
1759 1136 1837 1183 cui
1859 1134 2056 1184 Phaedo

277 1206 398 1255 haec
424 1213 615 1262 narrat,
646 1220 743 1254 non
771 1207 875 1254 sine
903 1221 1048 1254 causa
1074 1204 1404 1253 itaaccidisse
1431 1205 1716 1254 arbitratur.

419 1279 478 1325 At
505 1279 634 1325 enim
664 1291 779 1324 vero
807 1277 856 1323 in
886 1276 976 1324 hac
1003 1291 1169 1323 rerum
1200 1275 1544 1338 desperatione
1572 1276 1799 1325 Socrates
1827 1275 2056 1339 suscepto

278 1347 438 1396 denuo
475 1362 704 1396 sermone
746 1361 940 1395 causam
977 1348 1073 1394 iam
1110 1348 1159 1394 in
1207 1361 1438 1409 magnum
1485 1346 1749 1395 discrimen
1796 1346 2054 1395 adductam

279 1424 555 1468 sustentare
591 1418 892 1481 aggreditur.
958 1417 1181 1481 lmpertit
1218 1418 1347 1464 enim
1384 1417 1551 1464 amicis
1587 1417 1970 1480 sapientissimas
1996 1418 2056 1465 de

279 1492 481 1538 veritate
518 1488 798 1552 quaerenda
837 1489 1228 1552 praeceptiones,
1267 1502 1392 1551 quae
1419 1486 1479 1535 ad
1507 1487 1723 1536 deiectos
1750 1502 1921 1536 eorum
1953 1489 2056 1536 ani-

276 1576 384 1610 mos
421 1558 746 1608 consolandos
783 1566 828 1607 et
865 1558 1126 1620 erigendos
1152 1556 1312 1606 valent
1338 1557 1621 1621 plurimum.
1675 1557 1829 1615 Quam
1858 1557 2055 1621 quidem

275 1631 517 1679 sermonis
543 1636 732 1694 partem
760 1636 966 1693 apparet
1001 1628 1226 1677 obtinere
1252 1627 1516 1677 alterius
1557 1625 1849 1689 stasimi3)
1878 1628 2054 1686 locum,

277 1717 386 1750 cum
428 1700 570 1765 plane
607 1701 667 1750 ad
711 1698 1102 1763 tranquillandos
1150 1699 1518 1763 desperantium
1561 1701 1749 1747 animos
1799 1713 2056 1764 compara-

278 1780 354 1821 tus
382 1774 458 1820 sit.
1984 1785 1987 1787 ’

417 1842 502 1891 His
539 1857 655 1891 vero
684 1844 751 1891 ita
788 1843 1021 1904 expositis
1047 1843 1270 1905 sequitur
1297 1840 1351 1890 ul
1371 1843 1581 1890 timum
1620 1842 1759 1906 quasi
1787 1835 2053 1890 ἐπεισό-

277 1910 503 1978 διον4),
557 1913 684 1977 quod
738 1911 981 1962 accelerat
1031 1912 1263 1961 dramatis
1313 1909 1726 1977 καταστροφήν.
1788 1911 2057 1961 Confutatis

276 1987 407 2034 enim
434 1984 665 2033 Simmiae
703 1991 750 2032 et
787 1982 981 2033 Cebetis
1017 1982 1399 2031 dubitationibus
1427 1983 1654 2031 Socrates
1693 1984 1814 2031 viam
1853 1982 2054 2031 demon-

277 2063 410 2112 strat,
440 2070 536 2119 qua
562 2055 620 2103 ad
648 2056 934 2104 interiorem
964 2060 1099 2102 ortus
1127 2061 1175 2102 et
1198 2054 1422 2102 interitus
1448 2054 1662 2116 itemque
1690 2069 1863 2102 causae
1889 2050 2054 2102 rerum

274 2125 662 2189 intellegentiam
697 2126 1027 2190 perveniatur,
1066 2124 1305 2188 siquidem
1343 2139 1439 2173 una
1475 2124 1695 2172 doctrina
1725 2125 1785 2173 de
1812 2124 1931 2173 ideis
1958 2123 2055 2172 cel-

275 2198 418 2246 sioris
460 2198 677 2246 veritatis
723 2204 969 2261 tamquam
1014 2195 1284 2258 penetralia
1331 2196 1532 2258 aperiat.
1603 2193 1709 2251 Quo
1744 2195 1871 2244 facto
1908 2195 2056 2243 animi

276 2267 695 2317 immortalitatem
725 2269 870 2317 etiam
897 2283 1023 2315 novo
1051 2281 1207 2330 eoque
1234 2265 1527 2315 validissimo
1555 2271 1847 2328 argumento
1876 2265 2055 2314 confir-

276 2345 402 2393 mat,
441 2340 488 2386 in
518 2355 614 2403 quo
642 2354 814 2388 omnes
841 2338 1052 2402 denique
1079 2336 1487 2400 acquiescendum
1516 2351 1623 2385 esse
1650 2342 1846 2399 putant,
1886 2351 2055 2400 quam-

277 2424 422 2472 quam
452 2409 680 2458 Simmias
719 2411 999 2458 etiamnunc
1034 2407 1420 2456 imbecillitatem
1451 2414 1650 2456 naturae
1678 2407 1921 2456 humanae
1949 2413 2055 2455 tan·

278 2488 353 2529 tae
380 2483 453 2529 rei
480 2480 852 2543 cognoscendae
878 2481 954 2528 vix
982 2479 1208 2527 sufficere
1235 2477 1516 2528 arbitratur.

417 2551 517 2600 Iam
558 2566 675 2599 vero
713 2553 903 2599 actione
939 2551 1012 2598 rei
1048 2551 1311 2612 primariae
1346 2549 1479 2598 finita
1507 2556 1651 2613 atque
1677 2563 1839 2612 pugna
1867 2554 2054 2598 610011-

276 2623 494 2670 tentione
530 2622 590 2670 de
626 2621 1004 2670 immortalitatis
1039 2635 1125 2683 spe
1162 2627 1209 2668 et
1245 2620 1607 2682 exspectatione
1635 2618 1893 2682 aliquando
1922 2633 2054 2667 com·

276 2694 433 2756 posita
478 2692 689 2755 denique
729 2693 917 2740 tertia
958 2706 1096 2754 pars
1134 2690 1517 2754 principalis
1556 2692 1701 2737 totius
1738 2691 1900 2753 operis
1936 2689 2051 2738 sub-

275 2764 520 2826 iungitur,
559 2778 682 2825 quae
720 2762 868 2810 habet
905 2761 1160 2810 exodum
1189 2767 1334 2823 atque
1373 2758 1757 2824 epilogum5).
1810 2760 2053 2816 Quemad-

279 2835 477 2882 modum
517 2835 646 2881 enim
688 2847 836 2895 supra
874 2832 1306 2880 animadvertimus
1349 2831 1537 2879 initium
1587 2831 1748 2894 operis
1795 2829 2051 2893 prologum

280 2920 375 2953 11113
403 2919 514 2952 cum
543 2905 736 2966 praevia
765 2904 1040 2965 argumenti
1069 2903 1373 2963 expositione
1401 2901 1684 2965 complecti,
1715 2902 1777 2949 ita
1807 2906 2050 2965 postrema

280 2974 405 3023 illius
448 2989 562 3037 pars
607 2975 798 3023 inverso
843 2973 1015 3021 ordine
1066 2973 1275 3021 exodum
1321 2978 1465 3037 atque
1513 2972 1756 3036 duplicem
1804 2972 2050 3035 epilogum

278 3043 665 3111 comprehendit.

393 3261 436 3305 1)
469 3261 583 3314 Pag.
618 3261 669 3300 81
695 3261 730 3299 B
763 3282 814 3287 ——
845 3259 971 3299 8415.

390 3316 433 3369 2)
466 3318 579 3368 Pag.
613 3319 669 3357 84
697 3315 730 3355 C
761 3339 815 3343 —
846 3316 900 3355 88
926 3317 972 3355 κ).

391 3373 434 3425 3)
468 3374 577 3425 pag,
610 3375 663 3414 88
694 3373 729 3412 Ε
763 3394 813 3399 -
847 3376 895 3413 91
925 3376 970 3412 ε’,

389 3431 433 3481 4)
468 3431 581 3482 Pag.
613 3432 659 3469 91
698 3430 731 3468 (3
762 3450 817 3457 —
852 3431 929 3468 107
956 3431 1000 3467 l’..

389 3488 432 3539 5)
464 3487 576 3539 Pag.
612 3488 688 3526 107
709 3486 743 3526 C
766 3508 819 3513 —
853 3488 945 3525 118.
