<?xml version="1.0" encoding="UTF-8"?>
<!DOCTYPE html PUBLIC "-//W3C//DTD XHTML 1.0 Transitional//EN"
    "http://www.w3.org/TR/xhtml1/DTD/xhtml1-transitional.dtd">
<html xmlns="http://www.w3.org/1999/xhtml" xml:lang="en" lang="en">
 <head>
  <title>
</title>
<meta http-equiv="Content-Type" content="text/html;charset=utf-8" />
  <meta name='ocr-system' content='tesseract 3.04.00' />
  <meta name='ocr-capabilities' content='ocr_page ocr_carea ocr_par ocr_line ocrx_word'/>
</head>
<body>
  <div class='ocr_page' id='page_1' title='image "./operaomniarecens01platuoft/operaomniarecens01platuoft_0727.png"; bbox 0 0 2158 3718; ppageno 0'>
   <div class='ocr_carea' id='block_1_1' title="bbox 521 196 1804 267">
    <p class='ocr_par' dir='ltr' id='par_1_1' title="bbox 521 196 1804 267">
     <span class='ocr_line' id='line_1_1' title="bbox 521 196 1804 267; baseline 0.009 -22"><span class='ocrx_word' id='word_1_1' title='bbox 521 196 1126 267; x_wconf 75' lang='lat' dir='ltr'><strong>SYMP081UM.p.</strong></span> <span class='ocrx_word' id='word_1_2' title='bbox 1169 201 1267 251; x_wconf 81' lang='lat'><strong>172</strong></span> <span class='ocrx_word' id='word_1_3' title='bbox 1308 202 1381 251; x_wconf 71' lang='lat' dir='ltr'><strong>sn.</strong></span> <span class='ocrx_word' id='word_1_4' title='bbox 1768 206 1804 256; x_wconf 81' lang='lat'>5</span> 
     </span>
    </p>
   </div>
   <div class='ocr_carea' id='block_1_2' title="bbox 103 341 1800 843">
    <p class='ocr_par' dir='ltr' id='par_1_2' title="bbox 103 341 1800 843">
     <span class='ocr_line' id='line_1_2' title="bbox 103 341 1800 427; baseline 0.007 -34"><span class='ocrx_word' id='word_1_5' title='bbox 103 343 223 415; x_wconf 59' lang='lat' dir='ltr'><strong>&amp;pn</strong></span> <span class='ocrx_word' id='word_1_6' title='bbox 278 341 335 394; x_wconf 73' lang='grc' dir='ltr'><strong>δὲ</strong></span> <span class='ocrx_word' id='word_1_7' title='bbox 396 342 489 396; x_wconf 78' lang='grc' dir='ltr'><strong>καὶ</strong></span> <span class='ocrx_word' id='word_1_8' title='bbox 550 345 614 397; x_wconf 80' lang='grc' dir='ltr'><strong>σὲ</strong></span> <span class='ocrx_word' id='word_1_9' title='bbox 657 346 875 400; x_wconf 73' lang='grc' dir='ltr'><strong>εἰδέναι.</strong></span> <span class='ocrx_word' id='word_1_10' title='bbox 920 343 1065 401; x_wconf 75' lang='grc' dir='ltr'><em>ἀλλὰ</em></span> <span class='ocrx_word' id='word_1_11' title='bbox 1113 343 1223 418; x_wconf 75' lang='grc' dir='ltr'><em>γὰρ</em></span> <span class='ocrx_word' id='word_1_12' title='bbox 1265 346 1429 403; x_wconf 76' lang='grc' dir='ltr'><em>οὐδὲν</em></span> <span class='ocrx_word' id='word_1_13' title='bbox 1460 348 1579 420; x_wconf 79' lang='grc' dir='ltr'><strong>ἐἶχε</strong></span> <span class='ocrx_word' id='word_1_14' title='bbox 1612 354 1800 427; x_wconf 56' lang='grc' dir='ltr'><strong>’σαφὲς</strong></span> 
     </span>
     <span class='ocr_line' id='line_1_3' title="bbox 116 416 1799 507; baseline 0.008 -30"><span class='ocrx_word' id='word_1_15' title='bbox 116 426 306 492; x_wconf 80' lang='grc' dir='ltr'><em>λέγειν.</em></span> <span class='ocrx_word' id='word_1_16' title='bbox 353 419 420 477; x_wconf 80' lang='grc' dir='ltr'><strong>σὺ</strong></span> <span class='ocrx_word' id='word_1_17' title='bbox 465 416 568 480; x_wconf 79' lang='grc' dir='ltr'><strong>οὖν</strong></span> <span class='ocrx_word' id='word_1_18' title='bbox 607 447 706 498; x_wconf 80' lang='grc' dir='ltr'><strong>μοι</strong></span> <span class='ocrx_word' id='word_1_19' title='bbox 747 428 1036 499; x_wconf 66' lang='grc' dir='ltr'><em>διήγησαι*</em></span> <span class='ocrx_word' id='word_1_20' title='bbox 1083 427 1438 494; x_wconf 71' lang='grc' dir='ltr'><strong>δικαιότατος·</strong></span> <span class='ocrx_word' id='word_1_21' title='bbox 1460 429 1570 507; x_wconf 77' lang='grc' dir='ltr'><em>γὰρ</em></span> <span class='ocrx_word' id='word_1_22' title='bbox 1595 433 1646 489; x_wconf 77' lang='grc' dir='ltr'><strong>εἶ</strong></span> <span class='ocrx_word' id='word_1_23' title='bbox 1666 431 1799 501; x_wconf 77' lang='grc' dir='ltr'><em>τοὺς</em></span> 
     </span>
     <span class='ocr_line' id='line_1_4' title="bbox 112 506 1795 590; baseline 0.008 -29"><span class='ocrx_word' id='word_1_24' title='bbox 112 509 218 562; x_wconf 79' lang='grc' dir='ltr'><strong>τοῦ</strong></span> <span class='ocrx_word' id='word_1_25' title='bbox 280 506 504 579; x_wconf 76' lang='grc' dir='ltr'><em>ἑταίρου</em></span> <span class='ocrx_word' id='word_1_26' title='bbox 559 509 760 581; x_wconf 81' lang='grc' dir='ltr'><em>λόγους</em></span> <span class='ocrx_word' id='word_1_27' title='bbox 816 510 1222 584; x_wconf 52' lang='grc' dir='ltr'><em>ἀπαγγέλλειν.</em></span> <span class='ocrx_word' id='word_1_28' title='bbox 1259 507 1541 588; x_wconf 75' lang='grc' dir='ltr'><em>’πρότερον</em></span> <span class='ocrx_word' id='word_1_29' title='bbox 1585 509 1795 590; x_wconf 49' lang='grc' dir='ltr'><em>δέ’μοι,</em></span> 
     </span>
     <span class='ocr_line' id='line_1_5' title="bbox 112 582 1797 678; baseline 0.009 -33"><span class='ocrx_word' id='word_1_30' title='bbox 112 582 148 658; x_wconf 75' lang='grc' dir='ltr'><strong><em>ἦ</em></strong></span> <span class='ocrx_word' id='word_1_31' title='bbox 202 588 254 646; x_wconf 74' lang='grc' dir='ltr'><strong>δ’</strong></span> <span class='ocrx_word' id='word_1_32' title='bbox 311 587 412 656; x_wconf 82' lang='grc' dir='ltr'><strong>ὅς,</strong></span> <span class='ocrx_word' id='word_1_33' title='bbox 468 598 610 660; x_wconf 73' lang='grc' dir='ltr'><strong><em>εἰπέ,</em></strong></span> <span class='ocrx_word' id='word_1_34' title='bbox 675 594 740 651; x_wconf 79' lang='grc' dir='ltr'><strong>σὺ</strong></span> <span class='ocrx_word' id='word_1_35' title='bbox 816 594 989 663; x_wconf 82' lang='grc' dir='ltr'><em>αὐτὸς</em></span> <span class='ocrx_word' id='word_1_36' title='bbox 1046 602 1350 671; x_wconf 71' lang='grc' dir='ltr'><em>παρεγένου</em></span> <span class='ocrx_word' id='word_1_37' title='bbox 1409 603 1474 678; x_wconf 78' lang='grc' dir='ltr'><strong>τῇ</strong></span> <span class='ocrx_word' id='word_1_38' title='bbox 1530 604 1797 676; x_wconf 74' lang='grc' dir='ltr'><strong><em>συνουσίᾳ</em></strong></span> 
     </span>
     <span class='ocr_line' id='line_1_6' title="bbox 111 670 1797 752; baseline 0.01 -24"><span class='ocrx_word' id='word_1_39' title='bbox 111 670 288 752; x_wconf 77' lang='grc' dir='ltr'><em>ταύτῃ</em></span> <span class='ocrx_word' id='word_1_40' title='bbox 341 672 374 743; x_wconf 81' lang='grc' dir='ltr'><em>ἢ</em></span> <span class='ocrx_word' id='word_1_41' title='bbox 436 675 540 746; x_wconf 71' lang='grc' dir='ltr'><strong>οὕς</strong></span> <span class='ocrx_word' id='word_1_42' title='bbox 618 677 793 750; x_wconf 78' lang='grc' dir='ltr'><em>Κάγώ</em></span> <span class='ocrx_word' id='word_1_43' title='bbox 841 680 1026 750; x_wconf 79' lang='grc' dir='ltr'><em>εἷπον,</em></span> <span class='ocrx_word' id='word_1_44' title='bbox 1085 679 1176 738; x_wconf 75' lang='grc' dir='ltr'><strong>ὅτι</strong></span> <span class='ocrx_word' id='word_1_45' title='bbox 1218 683 1600 741; x_wconf 79' lang='grc' dir='ltr'><em>Παντάπασιν</em></span> <span class='ocrx_word' id='word_1_46' title='bbox 1658 691 1797 746; x_wconf 69' lang='grc' dir='ltr'><em>ἔοικέ</em></span> 
     </span>
     <span class='ocr_line' id='line_1_7' title="bbox 110 756 1796 843; baseline 0.008 -28"><span class='ocrx_word' id='word_1_47' title='bbox 110 777 200 815; x_wconf 84' lang='grc' dir='ltr'><strong>σοι</strong></span> <span class='ocrx_word' id='word_1_48' title='bbox 234 756 398 815; x_wconf 75' lang='grc' dir='ltr'><em>οὐδὲν</em></span> <span class='ocrx_word' id='word_1_49' title='bbox 440 764 759 834; x_wconf 73' lang='grc' dir='ltr'><em>διηγεῖσθαι</em></span> <span class='ocrx_word' id='word_1_50' title='bbox 805 769 980 843; x_wconf 73' lang='grc' dir='ltr'><strong><em>σαφὲς</em></strong></span> <span class='ocrx_word' id='word_1_51' title='bbox 1021 764 1051 822; x_wconf 84' lang='grc' dir='ltr'>ὁ</span> <span class='ocrx_word' id='word_1_52' title='bbox 1099 765 1475 841; x_wconf 80' lang='grc' dir='ltr'><em>διηγούμενος,</em></span> <span class='ocrx_word' id='word_1_53' title='bbox 1524 776 1569 826; x_wconf 76' lang='grc' dir='ltr'><strong>εἰ</strong></span> <span class='ocrx_word' id='word_1_54' title='bbox 1600 775 1796 828; x_wconf 77' lang='grc' dir='ltr'><em>νεωστὶ</em></span> 
     </span>
    </p>
   </div>
   <div class='ocr_carea' id='block_1_3' title="bbox 105 952 1796 1416">
    <p class='ocr_par' dir='ltr' id='par_1_3' title="bbox 109 952 1793 1068">
     <span class='ocr_line' id='line_1_8' title="bbox 222 952 1793 1018; baseline 0.006 -23"><span class='ocrx_word' id='word_1_55' title='bbox 222 952 385 1002; x_wconf 77' lang='grc' dir='ltr'><em>ἄλλος</em></span> <span class='ocrx_word' id='word_1_56' title='bbox 422 954 532 1010; x_wconf 77' lang='grc' dir='ltr'><em>γάρ</em></span> <span class='ocrx_word' id='word_1_57' title='bbox 570 958 654 1005; x_wconf 77' lang='grc' dir='ltr'><strong>τίς</strong></span> <span class='ocrx_word' id='word_1_58' title='bbox 687 972 785 1011; x_wconf 75' lang='grc' dir='ltr'><strong>μοι</strong></span> <span class='ocrx_word' id='word_1_59' title='bbox 823 957 1095 1012; x_wconf 72' lang='grc' dir='ltr'><em>διηγοῖτο]</em></span> <span class='ocrx_word' id='word_1_60' title='bbox 1137 975 1207 1006; x_wconf 84' lang='grc' dir='ltr'><strong>τις</strong></span> <span class='ocrx_word' id='word_1_61' title='bbox 1237 973 1324 1003; x_wconf 88' lang='grc'><strong>0111.</strong></span> <span class='ocrx_word' id='word_1_62' title='bbox 1357 961 1458 1004; x_wconf 82' lang='lat' dir='ltr'><strong>Pur.</strong></span> <span class='ocrx_word' id='word_1_63' title='bbox 1493 959 1586 1005; x_wconf 81' lang='grc' dir='ltr'><strong>ΒΚ.</strong></span> <span class='ocrx_word' id='word_1_64' title='bbox 1619 961 1716 1006; x_wconf 74' lang='lat' dir='ltr'><strong>vat.</strong></span> <span class='ocrx_word' id='word_1_65' title='bbox 1751 977 1793 1018; x_wconf 87' lang='lat' dir='ltr'><strong>p.</strong></span> 
     </span>
     <span class='ocr_line' id='line_1_9' title="bbox 109 1010 967 1068; baseline 0.003 -15"><span class='ocrx_word' id='word_1_66' title='bbox 109 1010 320 1066; x_wconf 80' lang='grc' dir='ltr'><em>διηγεῖται</em></span> <span class='ocrx_word' id='word_1_67' title='bbox 350 1011 473 1054; x_wconf 85' lang='lat' dir='ltr'><strong>Viud.</strong></span> <span class='ocrx_word' id='word_1_68' title='bbox 506 1012 548 1056; x_wconf 89' lang='lat'><strong>2.</strong></span> <span class='ocrx_word' id='word_1_69' title='bbox 580 1019 624 1056; x_wconf 88' lang='lat' dir='ltr'><strong>et</strong></span> <span class='ocrx_word' id='word_1_70' title='bbox 655 1027 741 1056; x_wconf 80' lang='lat' dir='ltr'><strong>om·</strong></span> <span class='ocrx_word' id='word_1_71' title='bbox 778 1017 885 1068; x_wconf 86' lang='lat' dir='ltr'><strong>Aug.</strong></span> <span class='ocrx_word' id='word_1_72' title='bbox 918 1029 967 1058; x_wconf 84' lang='lat' dir='ltr'><strong>w.</strong></span> 
     </span>
    </p>

    <p class='ocr_par' dir='ltr' id='par_1_4' title="bbox 222 1069 1238 1128">
     <span class='ocr_line' id='line_1_10' title="bbox 222 1069 1238 1128; baseline 0.004 -18"><span class='ocrx_word' id='word_1_73' title='bbox 222 1073 322 1110; x_wconf 82' lang='grc' dir='ltr'><strong>τοῦ</strong></span> <span class='ocrx_word' id='word_1_74' title='bbox 352 1071 580 1124; x_wconf 74' lang='grc' dir='ltr'><em>ἑταίρου</em></span> <span class='ocrx_word' id='word_1_75' title='bbox 609 1069 835 1125; x_wconf 78' lang='grc' dir='ltr'><em>λόγους]</em></span> <span class='ocrx_word' id='word_1_76' title='bbox 866 1072 1012 1128; x_wconf 68' lang='grc' dir='ltr'><em>ἑτέρου</em></span> <span class='ocrx_word' id='word_1_77' title='bbox 1045 1073 1150 1126; x_wconf 79' lang='lat' dir='ltr'><strong>Ang.</strong></span> <span class='ocrx_word' id='word_1_78' title='bbox 1178 1074 1238 1115; x_wconf 62' lang='lat' dir='ltr'><strong>w.</strong></span> 
     </span>
    </p>

    <p class='ocr_par' dir='ltr' id='par_1_5' title="bbox 105 1126 1796 1416">
     <span class='ocr_line' id='line_1_11' title="bbox 222 1126 1786 1182; baseline 0.003 -15"><span class='ocrx_word' id='word_1_79' title='bbox 222 1126 270 1167; x_wconf 87' lang='lat' dir='ltr'><strong>C.</strong></span> <span class='ocrx_word' id='word_1_80' title='bbox 331 1128 475 1167; x_wconf 74' lang='grc' dir='ltr'><em>ἔοικέ</em></span> <span class='ocrx_word' id='word_1_81' title='bbox 510 1141 598 1168; x_wconf 83' lang='grc' dir='ltr'><strong>σοι</strong></span> <span class='ocrx_word' id='word_1_82' title='bbox 635 1128 793 1168; x_wconf 64' lang='grc' dir='ltr'><em>οὐδὲν</em></span> <span class='ocrx_word' id='word_1_83' title='bbox 832 1128 897 1182; x_wconf 81' lang='grc' dir='ltr'><strong>δ.]</strong></span> <span class='ocrx_word' id='word_1_84' title='bbox 941 1128 1078 1175; x_wconf 68' lang='grc' dir='ltr'><strong>οὐθὲν</strong></span> <span class='ocrx_word' id='word_1_85' title='bbox 1111 1131 1234 1173; x_wconf 79' lang='lat' dir='ltr'><strong>Bodl.</strong></span> <span class='ocrx_word' id='word_1_86' title='bbox 1269 1131 1356 1173; x_wconf 79' lang='lat' dir='ltr'><strong>Vnt</strong></span> <span class='ocrx_word' id='word_1_87' title='bbox 1402 1129 1455 1175; x_wconf 82' lang='lat' dir='ltr'><strong>A.</strong></span> <span class='ocrx_word' id='word_1_88' title='bbox 1492 1135 1597 1175; x_wconf 89' lang='lat' dir='ltr'><strong>Ven.</strong></span> <span class='ocrx_word' id='word_1_89' title='bbox 1626 1132 1673 1174; x_wconf 81' lang='grc' dir='ltr'><strong>Ξ.</strong></span> <span class='ocrx_word' id='word_1_90' title='bbox 1705 1133 1786 1175; x_wconf 72' lang='lat' dir='ltr'><strong>alli.</strong></span> 
     </span>
     <span class='ocr_line' id='line_1_12' title="bbox 105 1181 1792 1242; baseline 0.004 -19"><span class='ocrx_word' id='word_1_91' title='bbox 105 1181 215 1223; x_wconf 71' lang='lat' dir='ltr'><strong>Dein</strong></span> <span class='ocrx_word' id='word_1_92' title='bbox 247 1183 394 1225; x_wconf 81' lang='lat' dir='ltr'><strong>Ambr.</strong></span> <span class='ocrx_word' id='word_1_93' title='bbox 427 1181 451 1224; x_wconf 89' lang='lat' dir='ltr'><strong>o‘</strong></span> <span class='ocrx_word' id='word_1_94' title='bbox 485 1182 834 1240; x_wconf 40' lang='grc' dir='ltr'><strong>διηγησαὶιιιενο(ς.ῥ</strong></span> <span class='ocrx_word' id='word_1_95' title='bbox 871 1185 960 1228; x_wconf 85' lang='lat' dir='ltr'><strong>Pro</strong></span> <span class='ocrx_word' id='word_1_96' title='bbox 1001 1187 1113 1238; x_wconf 75' lang='lat' dir='ltr'><strong>vulg.</strong></span> <span class='ocrx_word' id='word_1_97' title='bbox 1155 1187 1236 1242; x_wconf 70' lang='grc' dir='ltr'><em>ἡγῇ’</em></span> <span class='ocrx_word' id='word_1_98' title='bbox 1277 1189 1342 1231; x_wconf 71' lang='lat' dir='ltr'><strong>hic</strong></span> <span class='ocrx_word' id='word_1_99' title='bbox 1381 1186 1475 1242; x_wconf 71' lang='grc' dir='ltr'><em>ἡγεῖ</em></span> <span class='ocrx_word' id='word_1_100' title='bbox 1513 1194 1663 1231; x_wconf 82' lang='lat' dir='ltr'><strong>tenent</strong></span> <span class='ocrx_word' id='word_1_101' title='bbox 1693 1190 1792 1232; x_wconf 81' lang='lat' dir='ltr'><strong>Par.</strong></span> 
     </span>
     <span class='ocr_line' id='line_1_13' title="bbox 107 1239 1796 1289; baseline 0.005 -8"><span class='ocrx_word' id='word_1_102' title='bbox 107 1239 160 1281; x_wconf 87' lang='lat' dir='ltr'><strong>D.</strong></span> <span class='ocrx_word' id='word_1_103' title='bbox 200 1239 369 1282; x_wconf 72' lang='lat' dir='ltr'><strong>Ven.‘t.</strong></span> <span class='ocrx_word' id='word_1_104' title='bbox 415 1244 459 1283; x_wconf 83' lang='lat' dir='ltr'><strong>e&#39;t</strong></span> <span class='ocrx_word' id='word_1_105' title='bbox 488 1243 673 1283; x_wconf 80' lang='lat' dir='ltr'><strong>testibus</strong></span> <span class='ocrx_word' id='word_1_106' title='bbox 706 1243 856 1284; x_wconf 83' lang='lat' dir='ltr'><strong>Bastio</strong></span> <span class='ocrx_word' id='word_1_107' title='bbox 888 1249 931 1285; x_wconf 89' lang='lat' dir='ltr'><strong>et</strong></span> <span class='ocrx_word' id='word_1_108' title='bbox 962 1243 1193 1287; x_wconf 83' lang='lat' dir='ltr'><strong>Gaist&#39;ordo</strong></span> <span class='ocrx_word' id='word_1_109' title='bbox 1224 1247 1352 1288; x_wconf 83' lang='lat' dir='ltr'><strong>etiam</strong></span> <span class='ocrx_word' id='word_1_110' title='bbox 1384 1245 1509 1288; x_wconf 90' lang='lat' dir='ltr'><strong>Bodl.</strong></span> <span class='ocrx_word' id='word_1_111' title='bbox 1545 1252 1588 1288; x_wconf 88' lang='lat' dir='ltr'><strong>et</strong></span> <span class='ocrx_word' id='word_1_112' title='bbox 1618 1251 1713 1289; x_wconf 84' lang='lat' dir='ltr'><strong>vat.</strong></span> <span class='ocrx_word' id='word_1_113' title='bbox 1742 1246 1796 1289; x_wconf 85' lang='lat' dir='ltr'><strong>A.</strong></span> 
     </span>
     <span class='ocr_line' id='line_1_14' title="bbox 108 1295 1794 1357; baseline 0.006 -20"><span class='ocrx_word' id='word_1_114' title='bbox 108 1295 221 1338; x_wconf 89' lang='lat' dir='ltr'><strong>conf.</strong></span> <span class='ocrx_word' id='word_1_115' title='bbox 263 1296 323 1339; x_wconf 81' lang='lat' dir='ltr'><strong>ad</strong></span> <span class='ocrx_word' id='word_1_116' title='bbox 361 1310 399 1352; x_wconf 88' lang='lat' dir='ltr'><strong>p.</strong></span> <span class='ocrx_word' id='word_1_117' title='bbox 445 1297 539 1341; x_wconf 82' lang='lat'><strong>174.</strong></span> <span class='ocrx_word' id='word_1_118' title='bbox 571 1298 625 1340; x_wconf 89' lang='lat'><strong>1).</strong></span> <span class='ocrx_word' id='word_1_119' title='bbox 693 1300 880 1341; x_wconf 86' lang='lat' dir='ltr'><strong>Omnino</strong></span> <span class='ocrx_word' id='word_1_120' title='bbox 920 1299 1025 1342; x_wconf 79' lang='lat' dir='ltr'><strong>hanc</strong></span> <span class='ocrx_word' id='word_1_121' title='bbox 1063 1301 1246 1345; x_wconf 79' lang='lat' dir='ltr'><strong>sormam</strong></span> <span class='ocrx_word' id='word_1_122' title='bbox 1278 1304 1454 1346; x_wconf 86' lang='lat' dir='ltr'><strong>Platoni</strong></span> <span class='ocrx_word' id='word_1_123' title='bbox 1494 1303 1653 1357; x_wconf 88' lang='lat' dir='ltr'><strong>ubique</strong></span> <span class='ocrx_word' id='word_1_124' title='bbox 1690 1304 1794 1347; x_wconf 87' lang='lat' dir='ltr'><strong>red-</strong></span> 
     </span>
     <span class='ocr_line' id='line_1_15' title="bbox 108 1347 1795 1416; baseline 0.007 -22"><span class='ocrx_word' id='word_1_125' title='bbox 108 1353 292 1397; x_wconf 87' lang='lat' dir='ltr'><strong>dendam</strong></span> <span class='ocrx_word' id='word_1_126' title='bbox 333 1368 430 1397; x_wconf 83' lang='lat' dir='ltr'><strong>esse</strong></span> <span class='ocrx_word' id='word_1_127' title='bbox 470 1355 511 1397; x_wconf 90' lang='lat' dir='ltr'><strong>in</strong></span> <span class='ocrx_word' id='word_1_128' title='bbox 551 1356 694 1399; x_wconf 79' lang='lat' dir='ltr'><strong>Praef.</strong></span> <span class='ocrx_word' id='word_1_129' title='bbox 739 1357 793 1399; x_wconf 90' lang='lat' dir='ltr'><strong>ad</strong></span> <span class='ocrx_word' id='word_1_130' title='bbox 831 1358 944 1400; x_wconf 90' lang='lat' dir='ltr'><strong>Plat.</strong></span> <span class='ocrx_word' id='word_1_131' title='bbox 989 1358 1243 1402; x_wconf 86' lang='lat' dir='ltr'><strong>Tauchuitz.</strong></span> <span class='ocrx_word' id='word_1_132' title='bbox 1284 1361 1449 1404; x_wconf 83' lang='lat' dir='ltr'><strong>formae</strong></span> <span class='ocrx_word' id='word_1_133' title='bbox 1485 1347 1606 1414; x_wconf 52' lang='lat' dir='ltr'><strong>Euat.</strong></span> <span class='ocrx_word' id='word_1_134' title='bbox 1653 1375 1696 1416; x_wconf 93' lang='lat' dir='ltr'><strong>p.</strong></span> <span class='ocrx_word' id='word_1_135' title='bbox 1737 1365 1795 1405; x_wconf 82' lang='lat' dir='ltr'><strong>X.</strong></span> 
     </span>
    </p>
   </div>
   <div class='ocr_carea' id='block_1_4' title="bbox 108 1410 1880 1475">
    <p class='ocr_par' dir='ltr' id='par_1_6' title="bbox 108 1410 1880 1475">
     <span class='ocr_line' id='line_1_16' title="bbox 108 1410 1880 1475; baseline 0.006 -24"><span class='ocrx_word' id='word_1_136' title='bbox 108 1423 172 1464; x_wconf 84' lang='lat' dir='ltr'><strong>sq.</strong></span> <span class='ocrx_word' id='word_1_137' title='bbox 202 1410 526 1466; x_wconf 72' lang='lat' dir='ltr'>disputavimus.</span> <span class='ocrx_word' id='word_1_138' title='bbox 582 1413 757 1456; x_wconf 85' lang='lat' dir='ltr'><strong>Laudat</strong></span> <span class='ocrx_word' id='word_1_139' title='bbox 786 1414 825 1457; x_wconf 93' lang='lat' dir='ltr'><strong>h.</strong></span> <span class='ocrx_word' id='word_1_140' title='bbox 861 1416 886 1458; x_wconf 94' lang='lat' dir='ltr'><strong>l.</strong></span> <span class='ocrx_word' id='word_1_141' title='bbox 917 1414 1163 1458; x_wconf 76' lang='lat' dir='ltr'><strong>Athenaeus</strong></span> <span class='ocrx_word' id='word_1_142' title='bbox 1194 1417 1243 1460; x_wconf 89' lang='lat' dir='ltr'><strong>V.</strong></span> <span class='ocrx_word' id='word_1_143' title='bbox 1278 1418 1372 1471; x_wconf 62' lang='lat'><strong>57„</strong></span> <span class='ocrx_word' id='word_1_144' title='bbox 1407 1417 1478 1460; x_wconf 84' lang='lat' dir='ltr'><strong>ubi</strong></span> <span class='ocrx_word' id='word_1_145' title='bbox 1509 1428 1588 1473; x_wconf 87' lang='lat' dir='ltr'><strong>pro</strong></span> <span class='ocrx_word' id='word_1_146' title='bbox 1616 1420 1691 1460; x_wconf 67' lang='lat' dir='ltr'><strong>‘ami</strong></span> <span class='ocrx_word' id='word_1_147' title='bbox 1720 1420 1794 1475; x_wconf 71' lang='grc' dir='ltr'><strong>ἐμὲ</strong></span> <span class='ocrx_word' id='word_1_148' title='bbox 1876 1454 1880 1456; x_wconf 49' lang='grc'>,</span> 
     </span>
    </p>
   </div>
   <div class='ocr_carea' id='block_1_5' title="bbox 106 1467 1793 1532">
    <p class='ocr_par' dir='ltr' id='par_1_7' title="bbox 106 1467 1793 1532">
     <span class='ocr_line' id='line_1_17' title="bbox 106 1467 1793 1532; baseline 0.006 -22"><span class='ocrx_word' id='word_1_149' title='bbox 106 1473 175 1510; x_wconf 84' lang='lat' dir='ltr'><strong>est</strong></span> <span class='ocrx_word' id='word_1_150' title='bbox 200 1467 331 1525; x_wconf 74' lang='grc' dir='ltr'><strong>κάμέ,</strong></span> <span class='ocrx_word' id='word_1_151' title='bbox 363 1474 408 1511; x_wconf 92' lang='lat' dir='ltr'><strong>et</strong></span> <span class='ocrx_word' id='word_1_152' title='bbox 439 1483 519 1524; x_wconf 92' lang='lat' dir='ltr'><strong>pro</strong></span> <span class='ocrx_word' id='word_1_153' title='bbox 549 1472 663 1525; x_wconf 85' lang='lat' dir='ltr'><strong>vulg.</strong></span> <span class='ocrx_word' id='word_1_154' title='bbox 694 1472 821 1528; x_wconf 65' lang='grc' dir='ltr'><em>ἔγωγε</em></span> <span class='ocrx_word' id='word_1_155' title='bbox 852 1471 929 1526; x_wconf 69' lang='grc' dir='ltr'><strong>δή,</strong></span> <span class='ocrx_word' id='word_1_156' title='bbox 961 1472 1039 1529; x_wconf 68' lang='grc' dir='ltr'><strong>ἐγὼ</strong></span> <span class='ocrx_word' id='word_1_157' title='bbox 1067 1472 1164 1532; x_wconf 75' lang='grc' dir='ltr'><strong>γάρ.</strong></span> <span class='ocrx_word' id='word_1_158' title='bbox 1221 1476 1342 1518; x_wconf 82' lang='lat' dir='ltr'>Istud</span> <span class='ocrx_word' id='word_1_159' title='bbox 1375 1478 1501 1531; x_wconf 70' lang='grc' dir='ltr'><em>ἔγωγε</em></span> <span class='ocrx_word' id='word_1_160' title='bbox 1531 1475 1586 1530; x_wconf 69' lang='grc' dir='ltr'><strong>δή</strong></span> <span class='ocrx_word' id='word_1_161' title='bbox 1620 1477 1793 1520; x_wconf 85' lang='lat' dir='ltr'><strong>Bekke—</strong></span> 
     </span>
    </p>
   </div>
   <div class='ocr_carea' id='block_1_6' title="bbox 105 1607 1798 3497">
    <p class='ocr_par' dir='ltr' id='par_1_8' title="bbox 105 1607 1796 2356">
     <span class='ocr_line' id='line_1_18' title="bbox 107 1607 1793 1672; baseline 0.007 -22"><span class='ocrx_word' id='word_1_162' title='bbox 107 1607 296 1652; x_wconf 75' lang='lat' dir='ltr'><strong>thineo</strong></span> <span class='ocrx_word' id='word_1_163' title='bbox 338 1609 417 1653; x_wconf 85' lang='lat' dir='ltr'><strong>Gr.</strong></span> <span class='ocrx_word' id='word_1_164' title='bbox 457 1608 512 1652; x_wconf 90' lang='lat' dir='ltr'><strong>T.</strong></span> <span class='ocrx_word' id='word_1_165' title='bbox 552 1610 603 1653; x_wconf 87' lang='lat'><strong>11.</strong></span> <span class='ocrx_word' id='word_1_166' title='bbox 649 1624 691 1665; x_wconf 88' lang='lat' dir='ltr'><strong>p.</strong></span> <span class='ocrx_word' id='word_1_167' title='bbox 728 1611 804 1656; x_wconf 77' lang='lat'><strong>941</strong></span> <span class='ocrx_word' id='word_1_168' title='bbox 841 1628 904 1669; x_wconf 87' lang='lat' dir='ltr'><strong>sq.</strong></span> <span class='ocrx_word' id='word_1_169' title='bbox 992 1619 1235 1669; x_wconf 87' lang='lat' dir='ltr'><strong>portasset,</strong></span> <span class='ocrx_word' id='word_1_170' title='bbox 1292 1630 1370 1672; x_wconf 88' lang='lat' dir='ltr'><strong>pro</strong></span> <span class='ocrx_word' id='word_1_171' title='bbox 1423 1631 1545 1661; x_wconf 88' lang='lat' dir='ltr'><strong>more</strong></span> <span class='ocrx_word' id='word_1_172' title='bbox 1597 1623 1793 1661; x_wconf 80' lang='lat' dir='ltr'><strong>veterum</strong></span> 
     </span>
     <span class='ocr_line' id='line_1_19' title="bbox 105 1665 1792 1731; baseline 0.005 -23"><span class='ocrx_word' id='word_1_173' title='bbox 105 1665 350 1718; x_wconf 82' lang='lat' dir='ltr'><strong>Praesens,</strong></span> <span class='ocrx_word' id='word_1_174' title='bbox 419 1667 535 1720; x_wconf 88' lang='lat' dir='ltr'><strong>quod</strong></span> <span class='ocrx_word' id='word_1_175' title='bbox 593 1669 720 1721; x_wconf 83' lang='lat' dir='ltr'><strong>longe</strong></span> <span class='ocrx_word' id='word_1_176' title='bbox 769 1673 908 1713; x_wconf 83' lang='lat' dir='ltr'><strong>rarius</strong></span> <span class='ocrx_word' id='word_1_177' title='bbox 993 1672 1228 1725; x_wconf 84' lang='lat' dir='ltr'>honorem,</span> <span class='ocrx_word' id='word_1_178' title='bbox 1286 1676 1356 1727; x_wconf 89' lang='lat' dir='ltr'><strong>qui</strong></span> <span class='ocrx_word' id='word_1_179' title='bbox 1413 1675 1494 1728; x_wconf 81' lang='lat' dir='ltr'><strong>ipsi</strong></span> <span class='ocrx_word' id='word_1_180' title='bbox 1550 1676 1792 1731; x_wconf 72' lang='lat' dir='ltr'><strong>obtigisset,</strong></span> 
     </span>
     <span class='ocr_line' id='line_1_20' title="bbox 106 1724 1792 1782; baseline 0.007 -18"><span class='ocrx_word' id='word_1_181' title='bbox 106 1725 294 1778; x_wconf 89' lang='lat' dir='ltr'><strong>ponitur,</strong></span> <span class='ocrx_word' id='word_1_182' title='bbox 326 1728 464 1779; x_wconf 86' lang='lat' dir='ltr'><strong>nuper</strong></span> <span class='ocrx_word' id='word_1_183' title='bbox 493 1725 548 1767; x_wconf 90' lang='lat' dir='ltr'><strong>ad</strong></span> <span class='ocrx_word' id='word_1_184' title='bbox 577 1724 786 1782; x_wconf 86' lang='lat' dir='ltr'><strong>Lysid.p.</strong></span> <span class='ocrx_word' id='word_1_185' title='bbox 807 1729 905 1773; x_wconf 80' lang='lat'><strong>203.</strong></span> <span class='ocrx_word' id='word_1_186' title='bbox 992 1730 1231 1772; x_wconf 81' lang='lat' dir='ltr'><strong>celebravit</strong></span> <span class='ocrx_word' id='word_1_187' title='bbox 1272 1731 1454 1773; x_wconf 88' lang='lat' dir='ltr'><strong>duorum</strong></span> <span class='ocrx_word' id='word_1_188' title='bbox 1489 1732 1654 1774; x_wconf 80' lang='lat' dir='ltr'><strong>dierum</strong></span> <span class='ocrx_word' id='word_1_189' title='bbox 1688 1747 1792 1776; x_wconf 91' lang='lat' dir='ltr'><strong>con-</strong></span> 
     </span>
     <span class='ocr_line' id='line_1_21' title="bbox 112 1780 1794 1843; baseline 0.007 -21"><span class='ocrx_word' id='word_1_190' title='bbox 112 1780 161 1822; x_wconf 80' lang='grc' dir='ltr'><strong>Β.</strong></span> <span class='ocrx_word' id='word_1_191' title='bbox 205 1783 411 1835; x_wconf 84' lang='lat' dir='ltr'><strong>exemplis</strong></span> <span class='ocrx_word' id='word_1_192' title='bbox 452 1783 726 1827; x_wconf 83' lang='lat' dir='ltr'><strong>firmavimus.</strong></span> <span class='ocrx_word' id='word_1_193' title='bbox 795 1787 907 1830; x_wconf 75' lang='lat' dir='ltr'><strong>Qui·</strong></span> <span class='ocrx_word' id='word_1_194' title='bbox 992 1788 1120 1828; x_wconf 75' lang='lat' dir='ltr'><strong>vivio.</strong></span> <span class='ocrx_word' id='word_1_195' title='bbox 1183 1787 1240 1828; x_wconf 78' lang='lat' dir='ltr'><strong>Et</strong></span> <span class='ocrx_word' id='word_1_196' title='bbox 1269 1790 1408 1830; x_wconf 79' lang='lat' dir='ltr'><strong>altero</strong></span> <span class='ocrx_word' id='word_1_197' title='bbox 1431 1789 1606 1843; x_wconf 88' lang='lat' dir='ltr'><strong>quidem</strong></span> <span class='ocrx_word' id='word_1_198' title='bbox 1639 1790 1708 1833; x_wconf 90' lang='lat' dir='ltr'><strong>die</strong></span> <span class='ocrx_word' id='word_1_199' title='bbox 1738 1791 1794 1832; x_wconf 83' lang='lat' dir='ltr'><strong>ad</strong></span> 
     </span>
     <span class='ocr_line' id='line_1_22' title="bbox 107 1837 1794 1898; baseline 0.007 -20"><span class='ocrx_word' id='word_1_200' title='bbox 107 1837 191 1878; x_wconf 88' lang='lat' dir='ltr'><strong>bus</strong></span> <span class='ocrx_word' id='word_1_201' title='bbox 232 1840 426 1880; x_wconf 83' lang='lat' dir='ltr'><strong>lustratis</strong></span> <span class='ocrx_word' id='word_1_202' title='bbox 464 1852 590 1882; x_wconf 89' lang='lat' dir='ltr'><strong>nemo</strong></span> <span class='ocrx_word' id='word_1_203' title='bbox 630 1840 685 1883; x_wconf 86' lang='lat' dir='ltr'><strong>de</strong></span> <span class='ocrx_word' id='word_1_204' title='bbox 723 1844 907 1886; x_wconf 85' lang='lat' dir='ltr'><strong>veritate</strong></span> <span class='ocrx_word' id='word_1_205' title='bbox 992 1846 1142 1898; x_wconf 85' lang='lat' dir='ltr'><strong>epulas</strong></span> <span class='ocrx_word' id='word_1_206' title='bbox 1191 1845 1361 1886; x_wconf 80' lang='lat' dir='ltr'><strong>venisse</strong></span> <span class='ocrx_word' id='word_1_207' title='bbox 1404 1860 1428 1887; x_wconf 86' lang='lat' dir='ltr'><strong>a</strong></span> <span class='ocrx_word' id='word_1_208' title='bbox 1469 1847 1654 1889; x_wconf 82' lang='lat' dir='ltr'><strong>Platone</strong></span> <span class='ocrx_word' id='word_1_209' title='bbox 1693 1861 1794 1889; x_wconf 85' lang='lat' dir='ltr'><strong>nar-</strong></span> 
     </span>
     <span class='ocr_line' id='line_1_23' title="bbox 107 1895 1791 1958; baseline 0.005 -21"><span class='ocrx_word' id='word_1_210' title='bbox 107 1895 301 1937; x_wconf 85' lang='lat' dir='ltr'><strong>lectionis</strong></span> <span class='ocrx_word' id='word_1_211' title='bbox 360 1909 384 1937; x_wconf 81' lang='lat' dir='ltr'><strong>a</strong></span> <span class='ocrx_word' id='word_1_212' title='bbox 429 1896 555 1942; x_wconf 84' lang='lat' dir='ltr'><strong>codd.</strong></span> <span class='ocrx_word' id='word_1_213' title='bbox 610 1901 906 1954; x_wconf 82' lang='lat' dir='ltr'><strong>suppeditatae</strong></span> <span class='ocrx_word' id='word_1_214' title='bbox 991 1906 1137 1943; x_wconf 85' lang='lat' dir='ltr'><strong>rantur</strong></span> <span class='ocrx_word' id='word_1_215' title='bbox 1181 1900 1413 1954; x_wconf 86' lang='lat' dir='ltr'><strong>Socrates,</strong></span> <span class='ocrx_word' id='word_1_216' title='bbox 1468 1903 1791 1958; x_wconf 80' lang='lat' dir='ltr'><strong>Aristophanes,</strong></span> 
     </span>
     <span class='ocr_line' id='line_1_24' title="bbox 107 1952 1792 2016; baseline 0.006 -22"><span class='ocrx_word' id='word_1_217' title='bbox 107 1957 225 1995; x_wconf 82' lang='lat' dir='ltr'><strong>recte</strong></span> <span class='ocrx_word' id='word_1_218' title='bbox 255 1952 526 1997; x_wconf 82' lang='lat' dir='ltr'><strong>dubitaverit.</strong></span> <span class='ocrx_word' id='word_1_219' title='bbox 947 2003 957 2009; x_wconf 60' lang='lat'><em>„</em></span> <span class='ocrx_word' id='word_1_220' title='bbox 991 1963 1121 2013; x_wconf 84' lang='lat' dir='ltr'><strong>poeta</strong></span> <span class='ocrx_word' id='word_1_221' title='bbox 1150 1959 1369 2011; x_wconf 89' lang='lat' dir='ltr'><strong>comicus,</strong></span> <span class='ocrx_word' id='word_1_222' title='bbox 1402 1960 1647 2014; x_wconf 78' lang='lat' dir='ltr'><strong>Phaedrus,</strong></span> <span class='ocrx_word' id='word_1_223' title='bbox 1679 1962 1792 2016; x_wconf 84' lang='lat' dir='ltr'><strong>Ery-</strong></span> 
     </span>
     <span class='ocr_line' id='line_1_25' title="bbox 990 2014 1792 2071; baseline 0.004 -13"><span class='ocrx_word' id='word_1_224' title='bbox 990 2014 1240 2067; x_wconf 85' lang='lat' dir='ltr'><strong>ximachus,</strong></span> <span class='ocrx_word' id='word_1_225' title='bbox 1274 2016 1525 2070; x_wconf 80' lang='lat' dir='ltr'><strong>Pausanias,</strong></span> <span class='ocrx_word' id='word_1_226' title='bbox 1557 2019 1651 2071; x_wconf 81' lang='lat' dir='ltr'><strong>alii3</strong></span> <span class='ocrx_word' id='word_1_227' title='bbox 1683 2022 1792 2061; x_wconf 83' lang='lat' dir='ltr'><strong>mul-</strong></span> 
     </span>
     <span class='ocr_line' id='line_1_26' title="bbox 989 2072 1791 2119; baseline 0.006 -5"><span class='ocrx_word' id='word_1_228' title='bbox 989 2078 1033 2115; x_wconf 85' lang='lat' dir='ltr'><strong>ta</strong></span> <span class='ocrx_word' id='word_1_229' title='bbox 1064 2078 1193 2115; x_wconf 90' lang='lat' dir='ltr'><strong>nocte</strong></span> <span class='ocrx_word' id='word_1_230' title='bbox 1215 2072 1386 2116; x_wconf 85' lang='lat' dir='ltr'><strong>demum</strong></span> <span class='ocrx_word' id='word_1_231' title='bbox 1407 2075 1643 2119; x_wconf 83' lang='lat' dir='ltr'><strong>accessisse</strong></span> <span class='ocrx_word' id='word_1_232' title='bbox 1668 2078 1791 2119; x_wconf 85' lang='lat' dir='ltr'><strong>etiam</strong></span> 
     </span>
     <span class='ocr_line' id='line_1_27' title="bbox 998 2129 1794 2177; baseline 0.006 -6"><span class='ocrx_word' id='word_1_233' title='bbox 998 2129 1252 2172; x_wconf 79' lang='lat' dir='ltr'><strong>Alcibiades.</strong></span> <span class='ocrx_word' id='word_1_234' title='bbox 1324 2131 1529 2174; x_wconf 86' lang='lat' dir='ltr'><strong>Ceterum</strong></span> <span class='ocrx_word' id='word_1_235' title='bbox 1568 2146 1606 2176; x_wconf 81' lang='lat' dir='ltr'><strong>v,</strong></span> <span class='ocrx_word' id='word_1_236' title='bbox 1642 2134 1794 2177; x_wconf 78' lang='lat' dir='ltr'><strong>Wolf.</strong></span> 
     </span>
     <span class='ocr_line' id='line_1_28' title="bbox 988 2187 1791 2243; baseline 0.004 -14"><span class='ocrx_word' id='word_1_237' title='bbox 988 2188 1199 2241; x_wconf 78' lang='lat' dir='ltr'><strong>Prolegg.</strong></span> <span class='ocrx_word' id='word_1_238' title='bbox 1221 2201 1260 2241; x_wconf 90' lang='lat' dir='ltr'><strong>p.</strong></span> <span class='ocrx_word' id='word_1_239' title='bbox 1280 2187 1422 2229; x_wconf 83' lang='lat' dir='ltr'>XLIV</span> <span class='ocrx_word' id='word_1_240' title='bbox 1440 2203 1533 2243; x_wconf 87' lang='lat' dir='ltr'><strong>sqq.</strong></span> <span class='ocrx_word' id='word_1_241' title='bbox 1568 2195 1612 2232; x_wconf 87' lang='lat' dir='ltr'><strong>et</strong></span> <span class='ocrx_word' id='word_1_242' title='bbox 1642 2191 1791 2233; x_wconf 85' lang='lat' dir='ltr'><strong>Prin-</strong></span> 
     </span>
     <span class='ocr_line' id='line_1_29' title="bbox 996 2245 1796 2302; baseline 0.008 -17"><span class='ocrx_word' id='word_1_243' title='bbox 996 2250 1173 2286; x_wconf 86' lang='lat' dir='ltr'><strong>sterer</strong></span> <span class='ocrx_word' id='word_1_244' title='bbox 1209 2245 1249 2285; x_wconf 81' lang='lat' dir='ltr'><strong>in</strong></span> <span class='ocrx_word' id='word_1_245' title='bbox 1281 2245 1662 2302; x_wconf 85' lang='lat' dir='ltr'><strong>Prosopographia</strong></span> <span class='ocrx_word' id='word_1_246' title='bbox 1691 2249 1796 2301; x_wconf 66' lang='lat' dir='ltr'><strong>Pla·</strong></span> 
     </span>
     <span class='ocr_line' id='line_1_30' title="bbox 995 2300 1396 2356; baseline -0.005 -13"><span class='ocrx_word' id='word_1_247' title='bbox 995 2307 1084 2343; x_wconf 90' lang='lat' dir='ltr'><strong>ton.</strong></span> <span class='ocrx_word' id='word_1_248' title='bbox 1116 2314 1157 2356; x_wconf 89' lang='lat' dir='ltr'><strong>p.</strong></span> <span class='ocrx_word' id='word_1_249' title='bbox 1195 2300 1272 2346; x_wconf 81' lang='lat'><strong>166</strong></span> <span class='ocrx_word' id='word_1_250' title='bbox 1305 2315 1396 2356; x_wconf 85' lang='lat' dir='ltr'><strong>sqq.</strong></span> 
     </span>
    </p>

    <p class='ocr_par' dir='ltr' id='par_1_9' title="bbox 988 2357 1798 3031">
     <span class='ocr_line' id='line_1_31' title="bbox 1055 2357 1793 2415; baseline 0 -15"><span class='ocrx_word' id='word_1_251' title='bbox 1055 2359 1107 2400; x_wconf 88' lang='lat' dir='ltr'><strong>B.</strong></span> <span class='ocrx_word' id='word_1_252' title='bbox 1179 2358 1542 2407; x_wconf 70' lang='grc' dir='ltr'><em>δικαιότατοξ</em></span> <span class='ocrx_word' id='word_1_253' title='bbox 1576 2357 1678 2415; x_wconf 80' lang='grc' dir='ltr'><strong>γὰρ</strong></span> <span class='ocrx_word' id='word_1_254' title='bbox 1721 2358 1793 2415; x_wconf 76' lang='grc' dir='ltr'><strong>εἷ]</strong></span> 
     </span>
     <span class='ocr_line' id='line_1_32' title="bbox 996 2414 1796 2460; baseline 0 -3"><span class='ocrx_word' id='word_1_255' title='bbox 996 2414 1035 2458; x_wconf 88' lang='lat' dir='ltr'><strong>h.</strong></span> <span class='ocrx_word' id='word_1_256' title='bbox 1073 2430 1110 2458; x_wconf 94' lang='lat' dir='ltr'><strong>e.</strong></span> <span class='ocrx_word' id='word_1_257' title='bbox 1158 2420 1210 2458; x_wconf 86' lang='lat' dir='ltr'><strong>te</strong></span> <span class='ocrx_word' id='word_1_258' title='bbox 1257 2418 1392 2459; x_wconf 87' lang='lat' dir='ltr'><strong>enim</strong></span> <span class='ocrx_word' id='word_1_259' title='bbox 1440 2418 1664 2460; x_wconf 81' lang='lat' dir='ltr'><strong>maxime</strong></span> <span class='ocrx_word' id='word_1_260' title='bbox 1710 2416 1796 2458; x_wconf 81' lang='lat' dir='ltr'><strong>‹le-</strong></span> 
     </span>
     <span class='ocr_line' id='line_1_33' title="bbox 995 2473 1795 2526; baseline 0 -12"><span class='ocrx_word' id='word_1_261' title='bbox 995 2478 1081 2515; x_wconf 89' lang='lat' dir='ltr'><strong>cet</strong></span> <span class='ocrx_word' id='word_1_262' title='bbox 1123 2473 1304 2525; x_wconf 83' lang='lat' dir='ltr'><strong>amici,</strong></span> <span class='ocrx_word' id='word_1_263' title='bbox 1354 2473 1392 2515; x_wconf 93' lang='lat' dir='ltr'><strong>h.</strong></span> <span class='ocrx_word' id='word_1_264' title='bbox 1440 2488 1477 2518; x_wconf 89' lang='lat' dir='ltr'><strong>e.</strong></span> <span class='ocrx_word' id='word_1_265' title='bbox 1530 2474 1795 2526; x_wconf 77' lang='lat' dir='ltr'><strong>Socratis,</strong></span> 
     </span>
     <span class='ocr_line' id='line_1_34' title="bbox 995 2528 1796 2584; baseline 0.001 -12"><span class='ocrx_word' id='word_1_266' title='bbox 995 2528 1239 2584; x_wconf 73' lang='lat' dir='ltr'><strong>magistri</strong></span> <span class='ocrx_word' id='word_1_267' title='bbox 1271 2532 1369 2584; x_wconf 85' lang='lat' dir='ltr'><strong>tui,</strong></span> <span class='ocrx_word' id='word_1_268' title='bbox 1410 2545 1688 2574; x_wconf 80' lang='lat' dir='ltr'><strong>sermones</strong></span> <span class='ocrx_word' id='word_1_269' title='bbox 1718 2545 1796 2573; x_wconf 88' lang='lat' dir='ltr'><strong>re-</strong></span> 
     </span>
     <span class='ocr_line' id='line_1_35' title="bbox 996 2587 1795 2642; baseline 0.001 -13"><span class='ocrx_word' id='word_1_270' title='bbox 996 2588 1156 2629; x_wconf 83' lang='lat' dir='ltr'><strong>ferre.</strong></span> <span class='ocrx_word' id='word_1_271' title='bbox 1218 2587 1314 2630; x_wconf 89' lang='lat' dir='ltr'><strong>Non</strong></span> <span class='ocrx_word' id='word_1_272' title='bbox 1355 2593 1446 2630; x_wconf 82' lang='lat' dir='ltr'><strong>erat</strong></span> <span class='ocrx_word' id='word_1_273' title='bbox 1485 2590 1638 2642; x_wconf 81' lang='lat' dir='ltr'><strong>igitur,</strong></span> <span class='ocrx_word' id='word_1_274' title='bbox 1677 2589 1795 2642; x_wconf 87' lang='lat' dir='ltr'><strong>quod</strong></span> 
     </span>
     <span class='ocr_line' id='line_1_36' title="bbox 995 2645 1798 2701; baseline -0.002 -16"><span class='ocrx_word' id='word_1_275' title='bbox 995 2645 1288 2686; x_wconf 83' lang='lat' dir='ltr'><strong>Carnarius</strong></span> <span class='ocrx_word' id='word_1_276' title='bbox 1332 2647 1568 2701; x_wconf 87' lang='lat' dir='ltr'><strong>corrigeret</strong></span> <span class='ocrx_word' id='word_1_277' title='bbox 1609 2645 1798 2694; x_wconf 77' lang='grc' dir='ltr'>τούτους</span> 
     </span>
     <span class='ocr_line' id='line_1_37' title="bbox 988 2700 1797 2759; baseline 0.002 -16"><span class='ocrx_word' id='word_1_278' title='bbox 988 2700 1095 2749; x_wconf 70' lang='grc' dir='ltr'><em>’τοὺς</em></span> <span class='ocrx_word' id='word_1_279' title='bbox 1136 2700 1293 2757; x_wconf 73' lang='grc' dir='ltr'><em>λόγους</em></span> <span class='ocrx_word' id='word_1_280' title='bbox 1330 2707 1387 2759; x_wconf 76' lang='grc' dir='ltr'><strong>τῷ</strong></span> <span class='ocrx_word' id='word_1_281' title='bbox 1428 2704 1596 2757; x_wconf 71' lang='grc' dir='ltr'><strong>ἑταίρῳ.</strong></span> <span class='ocrx_word' id='word_1_282' title='bbox 1665 2703 1797 2745; x_wconf 67' lang='lat' dir='ltr'><strong>Falli-</strong></span> 
     </span>
     <span class='ocr_line' id='line_1_38' title="bbox 995 2759 1796 2803; baseline 0.001 -2"><span class='ocrx_word' id='word_1_283' title='bbox 995 2765 1067 2801; x_wconf 86' lang='lat' dir='ltr'><strong>tur</strong></span> <span class='ocrx_word' id='word_1_284' title='bbox 1113 2759 1239 2802; x_wconf 86' lang='lat' dir='ltr'><strong>etiam</strong></span> <span class='ocrx_word' id='word_1_285' title='bbox 1282 2760 1618 2803; x_wconf 86' lang='lat' dir='ltr'><strong>Hommelius</strong></span> <span class='ocrx_word' id='word_1_286' title='bbox 1663 2760 1796 2802; x_wconf 78' lang='lat' dir='ltr'><strong>verba</strong></span> 
     </span>
     <span class='ocr_line' id='line_1_39' title="bbox 996 2817 1797 2872; baseline 0.001 -14"><span class='ocrx_word' id='word_1_287' title='bbox 996 2817 1058 2858; x_wconf 86' lang='lat' dir='ltr'><strong>sic</strong></span> <span class='ocrx_word' id='word_1_288' title='bbox 1107 2817 1412 2872; x_wconf 85' lang='lat' dir='ltr'><strong>interpretans:</strong></span> <span class='ocrx_word' id='word_1_289' title='bbox 1474 2818 1797 2860; x_wconf 77' lang='lat' dir='ltr'><strong>Convenit</strong></span> 
     </span>
     <span class='ocr_line' id='line_1_40' title="bbox 997 2875 1794 2929; baseline 0.001 -13"><span class='ocrx_word' id='word_1_290' title='bbox 997 2875 1132 2916; x_wconf 89' lang='lat' dir='ltr'><strong>enim</strong></span> <span class='ocrx_word' id='word_1_291' title='bbox 1166 2875 1266 2916; x_wconf 88' lang='lat' dir='ltr'><strong>tibi</strong></span> <span class='ocrx_word' id='word_1_292' title='bbox 1297 2875 1559 2929; x_wconf 84' lang='lat' dir='ltr'><strong>inprimis,</strong></span> <span class='ocrx_word' id='word_1_293' title='bbox 1589 2877 1675 2929; x_wconf 92' lang='lat' dir='ltr'><strong>qui</strong></span> <span class='ocrx_word' id='word_1_294' title='bbox 1701 2875 1794 2916; x_wconf 89' lang='lat' dir='ltr'><strong>So-</strong></span> 
     </span>
     <span class='ocr_line' id='line_1_41' title="bbox 997 2930 1795 2986; baseline 0.003 -14"><span class='ocrx_word' id='word_1_295' title='bbox 997 2930 1190 2982; x_wconf 80' lang='lat' dir='ltr'><strong>cratis,</strong></span> <span class='ocrx_word' id='word_1_296' title='bbox 1237 2932 1394 2976; x_wconf 68' lang='lat' dir='ltr'><strong>antici</strong></span> <span class='ocrx_word' id='word_1_297' title='bbox 1441 2933 1539 2986; x_wconf 86' lang='lat' dir='ltr'><strong>tui,</strong></span> <span class='ocrx_word' id='word_1_298' title='bbox 1593 2945 1795 2975; x_wconf 87' lang='lat' dir='ltr'><strong>sermo-</strong></span> 
     </span>
     <span class='ocr_line' id='line_1_42' title="bbox 997 2987 1347 3031; baseline 0.009 -3"><span class='ocrx_word' id='word_1_299' title='bbox 997 3000 1089 3029; x_wconf 87' lang='lat' dir='ltr'><strong>nes</strong></span> <span class='ocrx_word' id='word_1_300' title='bbox 1120 2987 1347 3031; x_wconf 81' lang='lat' dir='ltr'><strong>referas.</strong></span> 
     </span>
    </p>

    <p class='ocr_par' dir='ltr' id='par_1_10' title="bbox 992 3044 1794 3272">
     <span class='ocr_line' id='line_1_43' title="bbox 1051 3044 1794 3098; baseline 0.004 -16"><span class='ocrx_word' id='word_1_301' title='bbox 1051 3045 1194 3085; x_wconf 75' lang='grc' dir='ltr'><em>ἔοικέ</em></span> <span class='ocrx_word' id='word_1_302' title='bbox 1247 3061 1331 3086; x_wconf 87' lang='grc' dir='ltr'><strong>σοι</strong></span> <span class='ocrx_word' id='word_1_303' title='bbox 1383 3044 1534 3089; x_wconf 65' lang='grc' dir='ltr'><em>οὐδὲν</em></span> <span class='ocrx_word' id='word_1_304' title='bbox 1588 3045 1794 3098; x_wconf 76' lang='grc' dir='ltr'><em>διηγεῖ-</em></span> 
     </span>
     <span class='ocr_line' id='line_1_44' title="bbox 998 3101 1791 3155; baseline 0.001 -14"><span class='ocrx_word' id='word_1_305' title='bbox 998 3101 1159 3155; x_wconf 76' lang='grc' dir='ltr'>σθαι]</span> <span class='ocrx_word' id='word_1_306' title='bbox 1226 3103 1442 3145; x_wconf 74' lang='lat' dir='ltr'><strong>videtur</strong></span> <span class='ocrx_word' id='word_1_307' title='bbox 1507 3103 1603 3144; x_wconf 75' lang='lat' dir='ltr'><strong>tibi</strong></span> <span class='ocrx_word' id='word_1_308' title='bbox 1662 3101 1791 3143; x_wconf 71' lang='lat' dir='ltr'><strong>n&#39;ihil</strong></span> 
     </span>
     <span class='ocr_line' id='line_1_45' title="bbox 992 3156 1794 3202; baseline 0.001 -4"><span class='ocrx_word' id='word_1_309' title='bbox 992 3170 1257 3201; x_wconf 82' lang='lat' dir='ltr'><strong>narrasse.</strong></span> <span class='ocrx_word' id='word_1_310' title='bbox 1320 3156 1567 3202; x_wconf 76' lang='lat' dir='ltr'><strong>“Notandus</strong></span> <span class='ocrx_word' id='word_1_311' title='bbox 1615 3164 1680 3200; x_wconf 87' lang='lat' dir='ltr'><strong>est</strong></span> <span class='ocrx_word' id='word_1_312' title='bbox 1728 3157 1794 3199; x_wconf 89' lang='lat' dir='ltr'><strong>hic</strong></span> 
     </span>
     <span class='ocr_line' id='line_1_46' title="bbox 994 3213 1791 3272; baseline 0.001 -17"><span class='ocrx_word' id='word_1_313' title='bbox 994 3226 1098 3255; x_wconf 85' lang='lat' dir='ltr'><strong>usus</strong></span> <span class='ocrx_word' id='word_1_314' title='bbox 1149 3215 1339 3258; x_wconf 82' lang='lat' dir='ltr'><strong>infinitivi</strong></span> <span class='ocrx_word' id='word_1_315' title='bbox 1396 3231 1473 3272; x_wconf 85' lang='lat' dir='ltr'><strong>pro</strong></span> <span class='ocrx_word' id='word_1_316' title='bbox 1533 3213 1791 3269; x_wconf 82' lang='lat' dir='ltr'><strong>imperfecto</strong></span> 
     </span>
    </p>

    <p class='ocr_par' dir='ltr' id='par_1_11' title="bbox 117 3262 1790 3497">
     <span class='ocr_line' id='line_1_47' title="bbox 173 3262 1790 3328; baseline 0.002 -22"><span class='ocrx_word' id='word_1_317' title='bbox 173 3263 272 3318; x_wconf 75' lang='grc' dir='ltr'><strong>τὴν</strong></span> <span class='ocrx_word' id='word_1_318' title='bbox 295 3262 615 3320; x_wconf 68' lang='grc' dir='ltr'><em>Ἀγάθωνος</em></span> <span class='ocrx_word' id='word_1_319' title='bbox 646 3265 762 3320; x_wconf 57' lang='lat' dir='ltr'><strong>svm]</strong></span> <span class='ocrx_word' id='word_1_320' title='bbox 796 3268 911 3322; x_wconf 84' lang='lat' dir='ltr'><strong>Aga·</strong></span> <span class='ocrx_word' id='word_1_321' title='bbox 995 3271 1138 3325; x_wconf 76' lang='lat' dir='ltr'><strong>positi.¹</strong></span> <span class='ocrx_word' id='word_1_322' title='bbox 1206 3274 1319 3315; x_wconf 86' lang='lat' dir='ltr'><strong>lnt&#39;ra</strong></span> <span class='ocrx_word' id='word_1_323' title='bbox 1359 3284 1398 3328; x_wconf 88' lang='lat' dir='ltr'><strong>p.</strong></span> <span class='ocrx_word' id='word_1_324' title='bbox 1445 3273 1538 3317; x_wconf 76' lang='lat'><strong>175.</strong></span> <span class='ocrx_word' id='word_1_325' title='bbox 1575 3274 1638 3315; x_wconf 76' lang='lat' dir='ltr'><strong>Ct</strong></span> <span class='ocrx_word' id='word_1_326' title='bbox 1681 3271 1790 3325; x_wconf 73' lang='grc' dir='ltr'><strong>μετὰ</strong></span> 
     </span>
     <span class='ocr_line' id='line_1_48' title="bbox 117 3319 1789 3384; baseline 0.002 -21"><span class='ocrx_word' id='word_1_327' title='bbox 117 3319 192 3364; x_wconf 87' lang='lat' dir='ltr'><strong>tho</strong></span> <span class='ocrx_word' id='word_1_328' title='bbox 223 3335 351 3375; x_wconf 89' lang='lat' dir='ltr'><strong>quum</strong></span> <span class='ocrx_word' id='word_1_329' title='bbox 384 3328 497 3365; x_wconf 82' lang='lat' dir='ltr'><strong>teste</strong></span> <span class='ocrx_word' id='word_1_330' title='bbox 540 3321 828 3365; x_wconf 73' lang='lat' dir='ltr'><strong>Athenaeo</strong></span> <span class='ocrx_word' id='word_1_331' title='bbox 862 3325 911 3366; x_wconf 93' lang='lat' dir='ltr'><strong>V.</strong></span> <span class='ocrx_word' id='word_1_332' title='bbox 997 3333 1137 3370; x_wconf 70' lang='grc' dir='ltr'><em>ταῦτα</em></span> <span class='ocrx_word' id='word_1_333' title='bbox 1187 3331 1264 3384; x_wconf 66' lang='grc' dir='ltr'><strong>ἔφη</strong></span> <span class='ocrx_word' id='word_1_334' title='bbox 1316 3335 1425 3382; x_wconf 57' lang='grc' dir='ltr'><em>(ημᾶς</em></span> <span class='ocrx_word' id='word_1_335' title='bbox 1469 3332 1544 3384; x_wconf 67' lang='grc' dir='ltr'><strong>μὲν</strong></span> <span class='ocrx_word' id='word_1_336' title='bbox 1591 3327 1789 3380; x_wconf 70' lang='grc' dir='ltr'><em>δειπνεῖν,</em></span> 
     </span>
     <span class='ocr_line' id='line_1_49' title="bbox 119 3377 1789 3441; baseline 0.002 -19"><span class='ocrx_word' id='word_1_337' title='bbox 119 3391 162 3432; x_wconf 85' lang='lat' dir='ltr'><strong>p·</strong></span> <span class='ocrx_word' id='word_1_338' title='bbox 195 3377 292 3422; x_wconf 78' lang='grc'><strong>217.</strong></span> <span class='ocrx_word' id='word_1_339' title='bbox 326 3380 494 3435; x_wconf 83' lang='lat' dir='ltr'><strong>Olymp.</strong></span> <span class='ocrx_word' id='word_1_340' title='bbox 527 3379 623 3422; x_wconf 90' lang='lat' dir='ltr'><strong>XC.</strong></span> <span class='ocrx_word' id='word_1_341' title='bbox 668 3392 761 3422; x_wconf 80' lang='lat' dir='ltr'><strong>ann.</strong></span> <span class='ocrx_word' id='word_1_342' title='bbox 803 3379 844 3423; x_wconf 83' lang='grc'><strong>4.</strong></span> <span class='ocrx_word' id='word_1_343' title='bbox 874 3382 914 3423; x_wconf 78' lang='lat' dir='ltr'><strong>in</strong></span> <span class='ocrx_word' id='word_1_344' title='bbox 995 3383 1074 3426; x_wconf 75' lang='grc' dir='ltr'><strong>τὸν</strong></span> <span class='ocrx_word' id='word_1_345' title='bbox 1119 3387 1163 3426; x_wconf 71' lang='grc' dir='ltr'><strong>δὲ</strong></span> <span class='ocrx_word' id='word_1_346' title='bbox 1217 3387 1425 3441; x_wconf 70' lang='grc' dir='ltr'><strong>Σωκράτη</strong></span> <span class='ocrx_word' id='word_1_347' title='bbox 1486 3385 1562 3426; x_wconf 73' lang='grc' dir='ltr'><strong>οὐκ</strong></span> <span class='ocrx_word' id='word_1_348' title='bbox 1606 3384 1789 3436; x_wconf 71' lang='grc' dir='ltr'><strong>εἰςίίναι,</strong></span> 
     </span>
     <span class='ocr_line' id='line_1_50' title="bbox 117 3434 1790 3497; baseline 0.004 -20"><span class='ocrx_word' id='word_1_349' title='bbox 117 3434 304 3479; x_wconf 85' lang='lat' dir='ltr'><strong>Lenaeis</strong></span> <span class='ocrx_word' id='word_1_350' title='bbox 340 3438 572 3492; x_wconf 86' lang='lat' dir='ltr'><strong>praemium</strong></span> <span class='ocrx_word' id='word_1_351' title='bbox 605 3438 811 3481; x_wconf 85' lang='lat' dir='ltr'><strong>victoriae</strong></span> <span class='ocrx_word' id='word_1_352' title='bbox 846 3451 909 3482; x_wconf 75' lang='lat' dir='ltr'><strong>re·</strong></span> <span class='ocrx_word' id='word_1_353' title='bbox 999 3442 1214 3485; x_wconf 84' lang='lat' dir='ltr'><strong>dicebat</strong></span> <span class='ocrx_word' id='word_1_354' title='bbox 1245 3456 1300 3486; x_wconf 87' lang='lat' dir='ltr'><strong>se</strong></span> <span class='ocrx_word' id='word_1_355' title='bbox 1330 3441 1537 3497; x_wconf 87' lang='lat' dir='ltr'><strong>quidem</strong></span> <span class='ocrx_word' id='word_1_356' title='bbox 1568 3454 1790 3485; x_wconf 80' lang='lat' dir='ltr'><strong>coenas-</strong></span> 
     </span>
    </p>
   </div>
   <div class='ocr_carea' id='block_1_7' title="bbox 106 2037 914 3237">
    <p class='ocr_par' dir='ltr' id='par_1_12' title="bbox 106 2037 914 3237">
     <span class='ocr_line' id='line_1_51' title="bbox 165 2037 905 2096; baseline 0.008 -17"><span class='ocrx_word' id='word_1_357' title='bbox 165 2037 390 2093; x_wconf 72' lang='grc' dir='ltr'><strong><em>καὶμὴν</em></strong></span> <span class='ocrx_word' id='word_1_358' title='bbox 419 2039 512 2079; x_wconf 78' lang='grc' dir='ltr'><strong>καὶ</strong></span> <span class='ocrx_word' id='word_1_359' title='bbox 540 2042 783 2096; x_wconf 70' lang='grc' dir='ltr'><em>ἔναγχος]</em></span> <span class='ocrx_word' id='word_1_360' title='bbox 831 2044 905 2084; x_wconf 84' lang='grc' dir='ltr'><strong>ΛΙ-</strong></span> 
     </span>
     <span class='ocr_line' id='line_1_52' title="bbox 109 2097 903 2153; baseline 0.006 -16"><span class='ocrx_word' id='word_1_361' title='bbox 109 2101 247 2138; x_wconf 89' lang='lat' dir='ltr'><strong>terum</strong></span> <span class='ocrx_word' id='word_1_362' title='bbox 287 2097 359 2136; x_wconf 78' lang='grc' dir='ltr'><strong>καὶ</strong></span> <span class='ocrx_word' id='word_1_363' title='bbox 396 2097 436 2138; x_wconf 91' lang='lat' dir='ltr'><strong>in</strong></span> <span class='ocrx_word' id='word_1_364' title='bbox 469 2103 572 2139; x_wconf 80' lang='lat' dir='ltr'><strong>vett.</strong></span> <span class='ocrx_word' id='word_1_365' title='bbox 606 2098 728 2141; x_wconf 86' lang='lat' dir='ltr'><strong>editt.</strong></span> <span class='ocrx_word' id='word_1_366' title='bbox 759 2101 903 2153; x_wconf 85' lang='lat' dir='ltr'><strong>negle-</strong></span> 
     </span>
     <span class='ocr_line' id='line_1_53' title="bbox 109 2154 910 2199; baseline 0.006 -5"><span class='ocrx_word' id='word_1_367' title='bbox 109 2158 226 2194; x_wconf 88' lang='lat' dir='ltr'><strong>ctum</strong></span> <span class='ocrx_word' id='word_1_368' title='bbox 275 2154 514 2196; x_wconf 89' lang='lat' dir='ltr'><strong>arctissime</strong></span> <span class='ocrx_word' id='word_1_369' title='bbox 563 2154 766 2197; x_wconf 85' lang='lat' dir='ltr'><strong>cohaeret</strong></span> <span class='ocrx_word' id='word_1_370' title='bbox 814 2170 910 2199; x_wconf 88' lang='lat' dir='ltr'><strong>cum</strong></span> 
     </span>
     <span class='ocr_line' id='line_1_54' title="bbox 106 2211 908 2266; baseline 0.005 -15"><span class='ocrx_word' id='word_1_371' title='bbox 106 2212 293 2264; x_wconf 71' lang='grc' dir='ltr'><strong>ἔναγχος.</strong></span> <span class='ocrx_word' id='word_1_372' title='bbox 351 2211 582 2264; x_wconf 85' lang='lat' dir='ltr'><strong>Protagor·</strong></span> <span class='ocrx_word' id='word_1_373' title='bbox 619 2226 659 2266; x_wconf 89' lang='lat' dir='ltr'><strong>p·</strong></span> <span class='ocrx_word' id='word_1_374' title='bbox 701 2212 799 2258; x_wconf 84' lang='lat'><strong>315.</strong></span> <span class='ocrx_word' id='word_1_375' title='bbox 847 2215 908 2255; x_wconf 85' lang='lat' dir='ltr'><strong>D:</strong></span> 
     </span>
     <span class='ocr_line' id='line_1_55' title="bbox 109 2265 911 2324; baseline 0.004 -16"><span class='ocrx_word' id='word_1_376' title='bbox 109 2266 179 2308; x_wconf 77' lang='grc' dir='ltr'><strong>καὶ</strong></span> <span class='ocrx_word' id='word_1_377' title='bbox 215 2265 302 2322; x_wconf 74' lang='grc' dir='ltr'><strong>μήν</strong></span> <span class='ocrx_word' id='word_1_378' title='bbox 341 2283 419 2322; x_wconf 86' lang='grc' dir='ltr'><strong>μοι</strong></span> <span class='ocrx_word' id='word_1_379' title='bbox 466 2269 536 2309; x_wconf 79' lang='grc' dir='ltr'><strong>καὶ</strong></span> <span class='ocrx_word' id='word_1_380' title='bbox 579 2268 723 2324; x_wconf 68' lang='grc' dir='ltr'><em>πρῴην</em></span> <span class='ocrx_word' id='word_1_381' title='bbox 770 2270 911 2311; x_wconf 73' lang='grc' dir='ltr'>ἰδόντι</span> 
     </span>
     <span class='ocr_line' id='line_1_56' title="bbox 108 2323 911 2381; baseline 0.007 -17"><span class='ocrx_word' id='word_1_382' title='bbox 108 2323 240 2372; x_wconf 73' lang='grc' dir='ltr'>καλός</span> <span class='ocrx_word' id='word_1_383' title='bbox 270 2326 482 2377; x_wconf 75' lang='grc' dir='ltr'><strong>ἐφαίνετο.</strong></span> <span class='ocrx_word' id='word_1_384' title='bbox 520 2326 702 2380; x_wconf 79' lang='lat' dir='ltr'><strong>Hippias</strong></span> <span class='ocrx_word' id='word_1_385' title='bbox 733 2328 836 2370; x_wconf 67' lang='lat' dir='ltr'><strong>Mai.</strong></span> <span class='ocrx_word' id='word_1_386' title='bbox 868 2341 911 2381; x_wconf 86' lang='lat' dir='ltr'><strong>p.</strong></span> 
     </span>
     <span class='ocr_line' id='line_1_57' title="bbox 109 2380 912 2438; baseline -0.005 -11"><span class='ocrx_word' id='word_1_387' title='bbox 109 2380 209 2427; x_wconf 77' lang='lat'><strong>296.</strong></span> <span class='ocrx_word' id='word_1_388' title='bbox 247 2384 308 2426; x_wconf 79' lang='lat' dir='ltr'><strong>A:</strong></span> <span class='ocrx_word' id='word_1_389' title='bbox 341 2383 410 2422; x_wconf 79' lang='grc' dir='ltr'><strong>καὶ</strong></span> <span class='ocrx_word' id='word_1_390' title='bbox 439 2382 506 2423; x_wconf 71' lang='grc' dir='ltr'><strong>ναὶ</strong></span> <span class='ocrx_word' id='word_1_391' title='bbox 534 2382 596 2438; x_wconf 76' lang='grc' dir='ltr'><strong>μὰ</strong></span> <span class='ocrx_word' id='word_1_392' title='bbox 624 2386 725 2436; x_wconf 75' lang='grc' dir='ltr'><strong>Δία,</strong></span> <span class='ocrx_word' id='word_1_393' title='bbox 756 2407 812 2414; x_wconf 92' lang='lat'><strong>—-</strong></span> <span class='ocrx_word' id='word_1_394' title='bbox 841 2386 912 2425; x_wconf 79' lang='grc' dir='ltr'><strong>καὶ</strong></span> 
     </span>
     <span class='ocr_line' id='line_1_58' title="bbox 107 2438 910 2494; baseline 0.002 -13"><span class='ocrx_word' id='word_1_395' title='bbox 107 2441 288 2492; x_wconf 65' lang='grc' dir='ltr'><em>ἔναγχος</em></span> <span class='ocrx_word' id='word_1_396' title='bbox 320 2438 492 2480; x_wconf 71' lang='grc' dir='ltr'><strong><em>αὐτόθι</em></strong></span> <span class='ocrx_word' id='word_1_397' title='bbox 529 2441 792 2494; x_wconf 70' lang='grc' dir='ltr'><em>εὐδοκίμηοα</em></span> <span class='ocrx_word' id='word_1_398' title='bbox 823 2441 910 2483; x_wconf 77' lang='grc' dir='ltr'><em>διε-</em></span> 
     </span>
     <span class='ocr_line' id='line_1_59' title="bbox 110 2495 912 2552; baseline 0.004 -16"><span class='ocrx_word' id='word_1_399' title='bbox 110 2495 220 2541; x_wconf 72' lang='grc' dir='ltr'><strong>ξιών.</strong></span> <span class='ocrx_word' id='word_1_400' title='bbox 281 2496 338 2538; x_wconf 83' lang='lat' dir='ltr'><strong>Et</strong></span> <span class='ocrx_word' id='word_1_401' title='bbox 367 2498 430 2538; x_wconf 73' lang='lat' dir='ltr'><strong>sic</strong></span> <span class='ocrx_word' id='word_1_402' title='bbox 461 2511 591 2552; x_wconf 77' lang='lat' dir='ltr'><strong>saepe</strong></span> <span class='ocrx_word' id='word_1_403' title='bbox 619 2499 690 2538; x_wconf 78' lang='grc' dir='ltr'><strong>καὶ</strong></span> <span class='ocrx_word' id='word_1_404' title='bbox 723 2504 811 2550; x_wconf 75' lang='grc' dir='ltr'><strong>νῦν,</strong></span> <span class='ocrx_word' id='word_1_405' title='bbox 841 2498 912 2539; x_wconf 79' lang='grc' dir='ltr'><strong>καὶ</strong></span> 
     </span>
     <span class='ocr_line' id='line_1_60' title="bbox 111 2552 908 2610; baseline 0.006 -16"><span class='ocrx_word' id='word_1_406' title='bbox 111 2552 230 2606; x_wconf 81' lang='grc' dir='ltr'>τότε,</span> <span class='ocrx_word' id='word_1_407' title='bbox 260 2554 330 2594; x_wconf 82' lang='grc' dir='ltr'><strong>καὶ</strong></span> <span class='ocrx_word' id='word_1_408' title='bbox 357 2553 513 2610; x_wconf 74' lang='grc' dir='ltr'><em>πρῴην,</em></span> <span class='ocrx_word' id='word_1_409' title='bbox 544 2555 626 2596; x_wconf 85' lang='lat' dir='ltr'><strong>alia</strong></span> <span class='ocrx_word' id='word_1_410' title='bbox 657 2556 807 2598; x_wconf 77' lang='lat' dir='ltr'><strong>similia</strong></span> <span class='ocrx_word' id='word_1_411' title='bbox 838 2570 908 2599; x_wconf 88' lang='lat' dir='ltr'><strong>rc-</strong></span> 
     </span>
     <span class='ocr_line' id='line_1_61' title="bbox 111 2611 909 2665; baseline 0.004 -12"><span class='ocrx_word' id='word_1_412' title='bbox 111 2611 362 2665; x_wconf 65' lang='lat' dir='ltr'><strong>perflantur,</strong></span> <span class='ocrx_word' id='word_1_413' title='bbox 405 2614 446 2654; x_wconf 92' lang='lat' dir='ltr'><strong>in</strong></span> <span class='ocrx_word' id='word_1_414' title='bbox 476 2612 631 2665; x_wconf 86' lang='lat' dir='ltr'><strong>quihus</strong></span> <span class='ocrx_word' id='word_1_415' title='bbox 672 2613 909 2657; x_wconf 87' lang='lat' dir='ltr'><strong>cavendum</strong></span> 
     </span>
     <span class='ocr_line' id='line_1_62' title="bbox 113 2668 910 2718; baseline 0.004 -8"><span class='ocrx_word' id='word_1_416' title='bbox 113 2674 204 2718; x_wconf 84' lang='lat' dir='ltr'><strong>est,</strong></span> <span class='ocrx_word' id='word_1_417' title='bbox 249 2681 302 2710; x_wconf 91' lang='lat' dir='ltr'><strong>ne</strong></span> <span class='ocrx_word' id='word_1_418' title='bbox 339 2668 410 2709; x_wconf 80' lang='grc' dir='ltr'><strong>καὶ</strong></span> <span class='ocrx_word' id='word_1_419' title='bbox 442 2670 659 2712; x_wconf 82' lang='lat' dir='ltr'><strong>abundare</strong></span> <span class='ocrx_word' id='word_1_420' title='bbox 690 2672 910 2713; x_wconf 81' lang='lat' dir='ltr'><strong>existime-</strong></span> 
     </span>
     <span class='ocr_line' id='line_1_63' title="bbox 113 2723 908 2779; baseline 0.005 -12"><span class='ocrx_word' id='word_1_421' title='bbox 113 2729 196 2767; x_wconf 90' lang='lat' dir='ltr'><strong>tur.</strong></span> <span class='ocrx_word' id='word_1_422' title='bbox 254 2725 345 2766; x_wconf 74' lang='grc' dir='ltr'><strong>Καὶ</strong></span> <span class='ocrx_word' id='word_1_423' title='bbox 372 2723 459 2779; x_wconf 69' lang='grc' dir='ltr'><strong>μὴν</strong></span> <span class='ocrx_word' id='word_1_424' title='bbox 490 2734 633 2769; x_wconf 86' lang='lat' dir='ltr'><strong>autem</strong></span> <span class='ocrx_word' id='word_1_425' title='bbox 665 2727 793 2770; x_wconf 85' lang='lat' dir='ltr'><strong>habet</strong></span> <span class='ocrx_word' id='word_1_426' title='bbox 824 2730 908 2771; x_wconf 89' lang='lat' dir='ltr'><strong>vim</strong></span> 
     </span>
     <span class='ocr_line' id='line_1_64' title="bbox 111 2783 910 2828; baseline 0.008 -6"><span class='ocrx_word' id='word_1_427' title='bbox 111 2783 402 2825; x_wconf 81' lang='lat' dir='ltr'><strong>confirmandi.</strong></span> <span class='ocrx_word' id='word_1_428' title='bbox 475 2785 734 2827; x_wconf 85' lang='lat' dir='ltr'><strong>Germanice</strong></span> <span class='ocrx_word' id='word_1_429' title='bbox 786 2786 910 2828; x_wconf 82' lang='lat' dir='ltr'><strong>dixe-</strong></span> 
     </span>
     <span class='ocr_line' id='line_1_65' title="bbox 113 2839 911 2895; baseline 0.008 -16"><span class='ocrx_word' id='word_1_430' title='bbox 113 2839 193 2879; x_wconf 78' lang='lat' dir='ltr'><strong>ris:</strong></span> <span class='ocrx_word' id='word_1_431' title='bbox 226 2839 559 2895; x_wconf 84' lang='lat' dir='ltr'><strong>wahrhat&#39;tig</strong></span> <span class='ocrx_word' id='word_1_432' title='bbox 602 2842 743 2884; x_wconf 86' lang='lat' dir='ltr'><strong>auch</strong></span> <span class='ocrx_word' id='word_1_433' title='bbox 780 2856 911 2884; x_wconf 87' lang='lat' dir='ltr'><strong>neu-</strong></span> 
     </span>
     <span class='ocr_line' id='line_1_66' title="bbox 112 2894 909 2942; baseline 0.006 -6"><span class='ocrx_word' id='word_1_434' title='bbox 112 2894 224 2936; x_wconf 84' lang='lat' dir='ltr'><strong>lich</strong></span> <span class='ocrx_word' id='word_1_435' title='bbox 302 2896 470 2938; x_wconf 87' lang='lat' dir='ltr'><strong>schon</strong></span> <span class='ocrx_word' id='word_1_436' title='bbox 548 2898 752 2942; x_wconf 89' lang='lat' dir='ltr'><strong>suchte</strong></span> <span class='ocrx_word' id='word_1_437' title='bbox 824 2899 909 2941; x_wconf 86' lang='lat' dir='ltr'><strong>lch</strong></span> 
     </span>
     <span class='ocr_line' id='line_1_67' title="bbox 115 2950 911 3003; baseline 0.008 -11"><span class='ocrx_word' id='word_1_438' title='bbox 115 2950 261 3003; x_wconf 82' lang='lat' dir='ltr'><strong>dich,</strong></span> <span class='ocrx_word' id='word_1_439' title='bbox 321 2965 382 2995; x_wconf 85' lang='lat' dir='ltr'><strong>sc.</strong></span> <span class='ocrx_word' id='word_1_440' title='bbox 432 2955 559 2995; x_wconf 86' lang='lat' dir='ltr'><strong>sicuti</strong></span> <span class='ocrx_word' id='word_1_441' title='bbox 607 2968 717 2997; x_wconf 86' lang='lat' dir='ltr'><strong>nnnc</strong></span> <span class='ocrx_word' id='word_1_442' title='bbox 769 2962 911 2998; x_wconf 87' lang='lat' dir='ltr'><strong>tecum</strong></span> 
     </span>
     <span class='ocr_line' id='line_1_68' title="bbox 114 3008 914 3065; baseline 0.006 -16"><span class='ocrx_word' id='word_1_443' title='bbox 114 3008 299 3062; x_wconf 77' lang='lat' dir='ltr'><strong>colloqui</strong></span> <span class='ocrx_word' id='word_1_444' title='bbox 329 3009 473 3062; x_wconf 88' lang='lat' dir='ltr'><strong>cupio.</strong></span> <span class='ocrx_word' id='word_1_445' title='bbox 526 3011 591 3052; x_wconf 90' lang='lat' dir='ltr'><strong>De</strong></span> <span class='ocrx_word' id='word_1_446' title='bbox 617 3024 709 3054; x_wconf 86' lang='lat' dir='ltr'><strong>voc.</strong></span> <span class='ocrx_word' id='word_1_447' title='bbox 737 3013 914 3065; x_wconf 69' lang='grc' dir='ltr'><em>ἔναγχος</em></span> 
     </span>
     <span class='ocr_line' id='line_1_69' title="bbox 115 3064 914 3112; baseline 0.009 -7"><span class='ocrx_word' id='word_1_448' title='bbox 115 3064 201 3106; x_wconf 76' lang='lat' dir='ltr'><strong>vid.</strong></span> <span class='ocrx_word' id='word_1_449' title='bbox 273 3065 599 3108; x_wconf 81' lang='lat' dir='ltr'><strong>Valckenar.</strong></span> <span class='ocrx_word' id='word_1_450' title='bbox 645 3068 698 3109; x_wconf 85' lang='lat' dir='ltr'><strong>ad</strong></span> <span class='ocrx_word' id='word_1_451' title='bbox 743 3068 914 3112; x_wconf 91' lang='lat' dir='ltr'><strong>Phoe—</strong></span> 
     </span>
     <span class='ocr_line' id='line_1_70' title="bbox 114 3122 908 3170; baseline 0.004 -6"><span class='ocrx_word' id='word_1_452' title='bbox 114 3122 240 3164; x_wconf 83' lang='lat' dir='ltr'><strong>niss.</strong></span> <span class='ocrx_word' id='word_1_453' title='bbox 286 3135 325 3164; x_wconf 79' lang='lat' dir='ltr'><strong>v.</strong></span> <span class='ocrx_word' id='word_1_454' title='bbox 367 3122 466 3168; x_wconf 74' lang='lat'><strong>204.</strong></span> <span class='ocrx_word' id='word_1_455' title='bbox 528 3124 818 3170; x_wconf 82' lang='lat' dir='ltr'><strong>Hermann.</strong></span> <span class='ocrx_word' id='word_1_456' title='bbox 855 3125 908 3167; x_wconf 87' lang='lat' dir='ltr'><strong>ad</strong></span> 
     </span>
     <span class='ocr_line' id='line_1_71' title="bbox 116 3180 909 3237; baseline 0.004 -15"><span class='ocrx_word' id='word_1_457' title='bbox 116 3180 294 3222; x_wconf 87' lang='lat' dir='ltr'><strong>Lucian.</strong></span> <span class='ocrx_word' id='word_1_458' title='bbox 328 3180 395 3222; x_wconf 85' lang='lat' dir='ltr'><strong>De</strong></span> <span class='ocrx_word' id='word_1_459' title='bbox 420 3180 532 3222; x_wconf 85' lang='lat' dir='ltr'><strong>Hist.</strong></span> <span class='ocrx_word' id='word_1_460' title='bbox 569 3181 747 3225; x_wconf 83' lang='lat' dir='ltr'><strong>Conscr.</strong></span> <span class='ocrx_word' id='word_1_461' title='bbox 777 3195 819 3237; x_wconf 90' lang='lat' dir='ltr'><strong>p.</strong></span> <span class='ocrx_word' id='word_1_462' title='bbox 839 3182 909 3227; x_wconf 77' lang='lat'><strong>98.</strong></span> 
     </span>
    </p>
   </div>
  </div>
 </body>
</html>
