<?xml version="1.0" encoding="UTF-8"?>
<!DOCTYPE html PUBLIC "-//W3C//DTD XHTML 1.0 Transitional//EN"
    "http://www.w3.org/TR/xhtml1/DTD/xhtml1-transitional.dtd">
<html xmlns="http://www.w3.org/1999/xhtml" xml:lang="en" lang="en">
 <head>
  <title>
</title>
<meta http-equiv="Content-Type" content="text/html;charset=utf-8" />
  <meta name='ocr-system' content='tesseract 3.04.00' />
  <meta name='ocr-capabilities' content='ocr_page ocr_carea ocr_par ocr_line ocrx_word'/>
</head>
<body>
  <div class='ocr_page' id='page_1' title='image "./operaomniarecens01platuoft/operaomniarecens01platuoft_0898.png"; bbox 0 0 2158 3718; ppageno 0'>
   <div class='ocr_carea' id='block_1_1' title="bbox 371 132 1386 187">
    <p class='ocr_par' dir='ltr' id='par_1_1' title="bbox 371 132 1386 187">
     <span class='ocr_line' id='line_1_1' title="bbox 371 132 1386 187; baseline 0.005 -6"><span class='ocrx_word' id='word_1_1' title='bbox 371 132 473 182; x_wconf 82' lang='lat'><strong>176</strong></span> <span class='ocrx_word' id='word_1_2' title='bbox 911 177 916 180; x_wconf 96' lang='lat'><strong>.</strong></span> <span class='ocrx_word' id='word_1_3' title='bbox 977 133 1386 187; x_wconf 80' lang='lat' dir='ltr'><strong>PLATONlS</strong></span> 
     </span>
    </p>
   </div>
   <div class='ocr_carea' id='block_1_2' title="bbox 265 274 2042 1149">
    <p class='ocr_par' dir='ltr' id='par_1_2' title="bbox 265 274 2042 1148">
     <span class='ocr_line' id='line_1_2' title="bbox 367 274 2041 355; baseline 0.008 -25"><span class='ocrx_word' id='word_1_4' title='bbox 367 277 472 333; x_wconf 74' lang='grc' dir='ltr'><strong>τοῦ</strong></span> <span class='ocrx_word' id='word_1_5' title='bbox 530 274 854 349; x_wconf 76' lang='grc' dir='ltr'><strong><em>καθήμενος</em></strong></span> <span class='ocrx_word' id='word_1_6' title='bbox 909 275 1062 351; x_wconf 76' lang='grc' dir='ltr'><strong><em>παρὰ</em></strong></span> <span class='ocrx_word' id='word_1_7' title='bbox 1119 276 1735 355; x_wconf 55' lang='grc' dir='ltr'><strong>τούτῳπκαταγηροὶοω.</strong></span> <span class='ocrx_word' id='word_1_8' title='bbox 1777 290 2041 344; x_wconf 79' lang='grc' dir='ltr'><strong><em>πέπονθα</em></strong></span> 
     </span>
     <span class='ocr_line' id='line_1_3' title="bbox 275 357 2042 442; baseline 0.008 -28"><span class='ocrx_word' id='word_1_9' title='bbox 275 371 315 420; x_wconf 90' lang='grc' dir='ltr'><strong>Β</strong></span> <span class='ocrx_word' id='word_1_10' title='bbox 364 362 422 415; x_wconf 79' lang='grc' dir='ltr'><strong>δὲ</strong></span> <span class='ocrx_word' id='word_1_11' title='bbox 463 357 604 433; x_wconf 81' lang='grc' dir='ltr'><strong><em>πρὸς</em></strong></span> <span class='ocrx_word' id='word_1_12' title='bbox 643 364 846 418; x_wconf 80' lang='grc' dir='ltr'><strong><em>τοῦτον</em></strong></span> <span class='ocrx_word' id='word_1_13' title='bbox 885 361 1064 432; x_wconf 88' lang='grc' dir='ltr'><strong><em>μόνον</em></strong></span> <span class='ocrx_word' id='word_1_14' title='bbox 1104 361 1455 436; x_wconf 74' lang='grc' dir='ltr'><strong><em>ἀνθρώπων,</em></strong></span> <span class='ocrx_word' id='word_1_15' title='bbox 1499 363 1529 421; x_wconf 86' lang='grc' dir='ltr'>ὃ</span> <span class='ocrx_word' id='word_1_16' title='bbox 1577 365 1676 422; x_wconf 80' lang='grc' dir='ltr'><strong>οὐκ</strong></span> <span class='ocrx_word' id='word_1_17' title='bbox 1718 364 1792 425; x_wconf 80' lang='grc' dir='ltr'><strong>ἄν</strong></span> <span class='ocrx_word' id='word_1_18' title='bbox 1836 391 1921 442; x_wconf 72' lang='grc' dir='ltr'><strong>τις</strong></span> <span class='ocrx_word' id='word_1_19' title='bbox 1960 372 2042 428; x_wconf 82' lang='lat' dir='ltr'><strong>oi&#39;-</strong></span> 
     </span>
     <span class='ocr_line' id='line_1_4' title="bbox 364 444 2038 525; baseline 0.008 -25"><span class='ocrx_word' id='word_1_20' title='bbox 364 466 484 500; x_wconf 82' lang='grc' dir='ltr'><strong>οιτο</strong></span> <span class='ocrx_word' id='word_1_21' title='bbox 526 452 584 501; x_wconf 73' lang='grc' dir='ltr'><strong>ἐν</strong></span> <span class='ocrx_word' id='word_1_22' title='bbox 627 449 748 518; x_wconf 79' lang='grc' dir='ltr'><strong><em>ἐμοὶ</em></strong></span> <span class='ocrx_word' id='word_1_23' title='bbox 791 451 1016 512; x_wconf 78' lang='grc' dir='ltr'><strong><em>ἐνεῖναι,</em></strong></span> <span class='ocrx_word' id='word_1_24' title='bbox 1076 444 1139 502; x_wconf 83' lang='grc' dir='ltr'><strong>τὸ</strong></span> <span class='ocrx_word' id='word_1_25' title='bbox 1197 445 1562 519; x_wconf 76' lang='grc' dir='ltr'><strong>αισχύνεσθαι</strong></span> <span class='ocrx_word' id='word_1_26' title='bbox 1619 449 1896 511; x_wconf 78' lang='grc' dir='ltr'><strong><em>ὁντινοῦν.</em></strong></span> <span class='ocrx_word' id='word_1_27' title='bbox 1930 452 2038 525; x_wconf 76' lang='grc' dir='ltr'><strong>ἐγω</strong></span> 
     </span>
     <span class='ocr_line' id='line_1_5' title="bbox 363 526 2042 626; baseline 0.006 -42"><span class='ocrx_word' id='word_1_28' title='bbox 363 531 420 584; x_wconf 73' lang='grc' dir='ltr'><strong>δὲ</strong></span> <span class='ocrx_word' id='word_1_29' title='bbox 470 532 674 585; x_wconf 83' lang='grc' dir='ltr'><strong><em>τοῦτον</em></strong></span> <span class='ocrx_word' id='word_1_30' title='bbox 714 526 889 626; x_wconf 66' lang='grc' dir='ltr'><strong><em>μόνον</em></strong></span> <span class='ocrx_word' id='word_1_31' title='bbox 916 529 1263 603; x_wconf 73' lang='grc' dir='ltr'><strong><em>αἰσχύνομαι.</em></strong></span> <span class='ocrx_word' id='word_1_32' title='bbox 1310 529 1543 599; x_wconf 79' lang='grc' dir='ltr'><strong><em>ξύνοιδα</em></strong></span> <span class='ocrx_word' id='word_1_33' title='bbox 1556 534 1663 608; x_wconf 77' lang='grc' dir='ltr'><strong>γάρ</strong></span> <span class='ocrx_word' id='word_1_34' title='bbox 1693 541 1910 608; x_wconf 79' lang='grc' dir='ltr'><em>ἐμαυτῷ</em></span> <span class='ocrx_word' id='word_1_35' title='bbox 1939 537 2042 594; x_wconf 74' lang='grc' dir='ltr'><strong><em>ἀν-</em></strong></span> 
     </span>
     <span class='ocr_line' id='line_1_6' title="bbox 361 610 2041 688; baseline 0.007 -20"><span class='ocrx_word' id='word_1_36' title='bbox 361 617 586 682; x_wconf 76' lang='grc' dir='ltr'><strong>τιλέγειν</strong></span> <span class='ocrx_word' id='word_1_37' title='bbox 627 616 728 682; x_wconf 79' lang='grc' dir='ltr'><strong>μὲν</strong></span> <span class='ocrx_word' id='word_1_38' title='bbox 773 610 838 667; x_wconf 84' lang='grc' dir='ltr'><strong>οὐ</strong></span> <span class='ocrx_word' id='word_1_39' title='bbox 885 616 1184 686; x_wconf 79' lang='grc' dir='ltr'><strong><em>δυναμένῳ,</em></strong></span> <span class='ocrx_word' id='word_1_40' title='bbox 1231 613 1303 680; x_wconf 84' lang='grc' dir='ltr'><strong>ὡς</strong></span> <span class='ocrx_word' id='word_1_41' title='bbox 1347 613 1444 671; x_wconf 82' lang='grc' dir='ltr'><strong>οὐ</strong></span> <span class='ocrx_word' id='word_1_42' title='bbox 1442 619 1537 672; x_wconf 80' lang='grc' dir='ltr'><strong>δεῖ</strong></span> <span class='ocrx_word' id='word_1_43' title='bbox 1578 632 1754 677; x_wconf 76' lang='grc' dir='ltr'><strong><em>ποιεῖν</em></strong></span> <span class='ocrx_word' id='word_1_44' title='bbox 1791 619 1828 677; x_wconf 79' lang='grc' dir='ltr'><strong><em>ἃ</em></strong></span> <span class='ocrx_word' id='word_1_45' title='bbox 1874 615 2041 688; x_wconf 78' lang='grc' dir='ltr'><strong><em>οὗτος</em></strong></span> 
     </span>
     <span class='ocr_line' id='line_1_7' title="bbox 358 694 2036 778; baseline 0.007 -27"><span class='ocrx_word' id='word_1_46' title='bbox 358 697 574 762; x_wconf 80' lang='grc' dir='ltr'><strong><em>κελεύει,</em></strong></span> <span class='ocrx_word' id='word_1_47' title='bbox 616 694 838 752; x_wconf 77' lang='grc' dir='ltr'><strong>ἐπειδὰν</strong></span> <span class='ocrx_word' id='word_1_48' title='bbox 881 701 939 754; x_wconf 77' lang='grc' dir='ltr'><strong>δὲ</strong></span> <span class='ocrx_word' id='word_1_49' title='bbox 982 698 1234 765; x_wconf 78' lang='grc' dir='ltr'><em>ἀπέλθω,</em></span> <span class='ocrx_word' id='word_1_50' title='bbox 1273 698 1557 772; x_wconf 76' lang='grc' dir='ltr'><strong><em>ἡττημένῳ</em></strong></span> <span class='ocrx_word' id='word_1_51' title='bbox 1602 706 1699 771; x_wconf 73' lang='grc' dir='ltr'><strong>τῆς</strong></span> <span class='ocrx_word' id='word_1_52' title='bbox 1740 709 1900 778; x_wconf 85' lang='grc' dir='ltr'><strong>τιμῆς</strong></span> <span class='ocrx_word' id='word_1_53' title='bbox 1937 710 2036 776; x_wconf 82' lang='grc' dir='ltr'><strong>τῆς</strong></span> 
     </span>
     <span class='ocr_line' id='line_1_8' title="bbox 355 778 2035 867; baseline 0.007 -32"><span class='ocrx_word' id='word_1_54' title='bbox 355 778 465 836; x_wconf 80' lang='grc' dir='ltr'><strong>ὑπὸ</strong></span> <span class='ocrx_word' id='word_1_55' title='bbox 510 784 620 837; x_wconf 81' lang='grc' dir='ltr'><strong><em>τῶν</em></strong></span> <span class='ocrx_word' id='word_1_56' title='bbox 661 783 898 837; x_wconf 84' lang='grc' dir='ltr'><strong><em>πολλῶν.</em></strong></span> <span class='ocrx_word' id='word_1_57' title='bbox 945 783 1256 856; x_wconf 80' lang='grc' dir='ltr'><em>δραπετεύω</em></span> <span class='ocrx_word' id='word_1_58' title='bbox 1319 806 1419 840; x_wconf 84' lang='grc' dir='ltr'><strong>ουν</strong></span> <span class='ocrx_word' id='word_1_59' title='bbox 1477 782 1653 841; x_wconf 80' lang='grc' dir='ltr'><strong><em>αὐτὸν</em></strong></span> <span class='ocrx_word' id='word_1_60' title='bbox 1699 792 1793 845; x_wconf 85' lang='grc' dir='ltr'><strong>καὶ</strong></span> <span class='ocrx_word' id='word_1_61' title='bbox 1834 788 2035 867; x_wconf 72' lang='grc' dir='ltr'><em>φεύγω,</em></span> 
     </span>
     <span class='ocr_line' id='line_1_9' title="bbox 354 863 2037 940; baseline 0.008 -22"><span class='ocrx_word' id='word_1_62' title='bbox 354 868 448 919; x_wconf 85' lang='grc' dir='ltr'><strong>καὶ</strong></span> <span class='ocrx_word' id='word_1_63' title='bbox 491 863 632 921; x_wconf 86' lang='grc' dir='ltr'><strong><em>ὅταν</em></strong></span> <span class='ocrx_word' id='word_1_64' title='bbox 675 865 786 931; x_wconf 83' lang='grc' dir='ltr'>ἰ’ὃω,</span> <span class='ocrx_word' id='word_1_65' title='bbox 829 867 1163 938; x_wconf 77' lang='grc' dir='ltr'><strong><em>αἰσχύνομαι</em></strong></span> <span class='ocrx_word' id='word_1_66' title='bbox 1205 869 1275 924; x_wconf 81' lang='grc' dir='ltr'><strong>τὰ</strong></span> <span class='ocrx_word' id='word_1_67' title='bbox 1323 867 1739 940; x_wconf 78' lang='grc' dir='ltr'><strong><em>ωμολογημένα.</em></strong></span> <span class='ocrx_word' id='word_1_68' title='bbox 1783 877 1875 928; x_wconf 85' lang='grc' dir='ltr'><strong>καὶ</strong></span> <span class='ocrx_word' id='word_1_69' title='bbox 1903 879 2037 931; x_wconf 78' lang='grc' dir='ltr'><strong><em>πολ-</em></strong></span> 
     </span>
     <span class='ocr_line' id='line_1_10' title="bbox 265 947 2038 1031; baseline 0.005 -25"><span class='ocrx_word' id='word_1_70' title='bbox 265 956 307 1006; x_wconf 82' lang='lat' dir='ltr'>C</span> <span class='ocrx_word' id='word_1_71' title='bbox 352 947 509 1014; x_wconf 74' lang='grc' dir='ltr'><strong>λάκις</strong></span> <span class='ocrx_word' id='word_1_72' title='bbox 549 955 650 1023; x_wconf 84' lang='grc' dir='ltr'><strong>μὲν</strong></span> <span class='ocrx_word' id='word_1_73' title='bbox 693 948 860 1018; x_wconf 73' lang='grc' dir='ltr'><strong><em>ἡδέως</em></strong></span> <span class='ocrx_word' id='word_1_74' title='bbox 901 947 974 1007; x_wconf 72' lang='grc' dir='ltr'><strong>ἂν</strong></span> <span class='ocrx_word' id='word_1_75' title='bbox 1017 952 1186 1024; x_wconf 80' lang='grc' dir='ltr'><strong>ἴδοιμι</strong></span> <span class='ocrx_word' id='word_1_76' title='bbox 1232 950 1410 1009; x_wconf 82' lang='grc' dir='ltr'><strong><em>αὐτὸν</em></strong></span> <span class='ocrx_word' id='word_1_77' title='bbox 1435 951 1512 1025; x_wconf 85' lang='grc' dir='ltr'><strong>μὴ</strong></span> <span class='ocrx_word' id='word_1_78' title='bbox 1538 952 1674 1010; x_wconf 79' lang='grc' dir='ltr'><strong><em>ὄντα</em></strong></span> <span class='ocrx_word' id='word_1_79' title='bbox 1706 962 1794 1011; x_wconf 83' lang='grc' dir='ltr'><strong>ὲν</strong></span> <span class='ocrx_word' id='word_1_80' title='bbox 1791 955 2038 1031; x_wconf 73' lang='grc' dir='ltr'><strong><em>ἀνθρώ-</em></strong></span> 
     </span>
     <span class='ocr_line' id='line_1_11' title="bbox 349 1026 2037 1149; baseline 0.007 -61"><span class='ocrx_word' id='word_1_81' title='bbox 349 1052 503 1099; x_wconf 82' lang='grc' dir='ltr'><strong><em>ποις·</em></strong></span> <span class='ocrx_word' id='word_1_82' title='bbox 524 1041 594 1091; x_wconf 52' lang='lat'><strong>422</strong></span> <span class='ocrx_word' id='word_1_83' title='bbox 639 1033 695 1090; x_wconf 84' lang='grc' dir='ltr'><strong>δ’</strong></span> <span class='ocrx_word' id='word_1_84' title='bbox 747 1026 819 1090; x_wconf 81' lang='grc' dir='ltr'><strong>αὗ</strong></span> <span class='ocrx_word' id='word_1_85' title='bbox 863 1039 1031 1093; x_wconf 85' lang='grc' dir='ltr'><strong><em>τοῦτο</em></strong></span> <span class='ocrx_word' id='word_1_86' title='bbox 1074 1044 1310 1107; x_wconf 79' lang='grc' dir='ltr'><strong><em>γένοιτο,</em></strong></span> <span class='ocrx_word' id='word_1_87' title='bbox 1353 1029 1641 1148; x_wconf 65' lang='grc' dir='ltr'><strong><em>εὗ.οἶὸ’,</em></strong></span> <span class='ocrx_word' id='word_1_88' title='bbox 1627 1035 1716 1095; x_wconf 85' lang='grc' dir='ltr'><strong>ὅτι</strong></span> <span class='ocrx_word' id='word_1_89' title='bbox 1750 1038 1893 1098; x_wconf 82' lang='grc' dir='ltr'><strong><em>πολὺ</em></strong></span> <span class='ocrx_word' id='word_1_90' title='bbox 1920 1052 2037 1149; x_wconf 77' lang='grc' dir='ltr'><strong><em>μεῖ·</em></strong></span> 
     </span>
    </p>
   </div>
   <div class='ocr_carea' id='block_1_3' title="bbox 346 1224 2035 1328">
    <p class='ocr_par' dir='ltr' id='par_1_3' title="bbox 346 1224 2035 1326">
     <span class='ocr_line' id='line_1_12' title="bbox 462 1224 2035 1287; baseline 0.005 -18"><span class='ocrx_word' id='word_1_91' title='bbox 462 1224 516 1271; x_wconf 65' lang='lat' dir='ltr'><strong>C.</strong></span> <span class='ocrx_word' id='word_1_92' title='bbox 581 1225 681 1269; x_wconf 79' lang='grc' dir='ltr'><strong>οὐκ</strong></span> <span class='ocrx_word' id='word_1_93' title='bbox 725 1229 823 1281; x_wconf 73' lang='grc' dir='ltr'><strong>ἔχω</strong></span> <span class='ocrx_word' id='word_1_94' title='bbox 865 1227 896 1269; x_wconf 73' lang='grc' dir='ltr'><strong>δ’</strong></span> <span class='ocrx_word' id='word_1_95' title='bbox 933 1244 986 1270; x_wconf 87' lang='grc' dir='ltr'><strong>τι</strong></span> <span class='ocrx_word' id='word_1_96' title='bbox 1029 1226 1353 1284; x_wconf 78' lang='grc' dir='ltr'><strong><em>χρήσομαι]</em></strong></span> <span class='ocrx_word' id='word_1_97' title='bbox 1397 1229 1532 1273; x_wconf 83' lang='lat' dir='ltr'><strong>Bekk</strong></span> <span class='ocrx_word' id='word_1_98' title='bbox 1573 1229 2035 1287; x_wconf 67' lang='grc' dir='ltr'><strong>χρήσωμαιόοιτεκίῐ.</strong></span> 
     </span>
     <span class='ocr_line' id='line_1_13' title="bbox 346 1297 507 1328; baseline 0.007 -3"><span class='ocrx_word' id='word_1_99' title='bbox 346 1297 383 1326; x_wconf 89' lang='grc' dir='ltr'><strong><em>ν.</em></strong></span> <span class='ocrx_word' id='word_1_100' title='bbox 413 1297 507 1328; x_wconf 81' lang='lat' dir='ltr'><strong>ann.</strong></span> 
     </span>
    </p>
   </div>
   <div class='ocr_carea' id='block_1_4' title="bbox 343 1340 2035 1541">
    <p class='ocr_par' dir='ltr' id='par_1_4' title="bbox 343 1340 2035 1539">
     <span class='ocr_line' id='line_1_14' title="bbox 457 1340 2035 1431; baseline 0.005 -20"><span class='ocrx_word' id='word_1_101' title='bbox 457 1368 596 1411; x_wconf 76' lang='grc' dir='ltr'><strong><em>ἄλλα</em></strong></span> <span class='ocrx_word' id='word_1_102' title='bbox 626 1370 819 1425; x_wconf 80' lang='grc' dir='ltr'><strong><em>δέμον</em></strong></span> <span class='ocrx_word' id='word_1_103' title='bbox 849 1369 1145 1425; x_wconf 73' lang='grc' dir='ltr'><strong><em>ἀκούσατε]</em></strong></span> <span class='ocrx_word' id='word_1_104' title='bbox 1178 1372 1228 1414; x_wconf 92' lang='lat' dir='ltr'><strong>V.</strong></span> <span class='ocrx_word' id='word_1_105' title='bbox 1257 1369 1362 1412; x_wconf 77' lang='grc' dir='ltr'><strong>ἀλλὰ</strong></span> <span class='ocrx_word' id='word_1_106' title='bbox 1397 1370 1447 1425; x_wconf 81' lang='grc' dir='ltr'><strong>δὴ</strong></span> <span class='ocrx_word' id='word_1_107' title='bbox 1481 1372 1601 1425; x_wconf 75' lang='grc' dir='ltr'><strong><em>ἐμοῦ.</em></strong></span> <span class='ocrx_word' id='word_1_108' title='bbox 1661 1340 1751 1417; x_wconf 88' lang='lat' dir='ltr'><strong>Sed</strong></span> <span class='ocrx_word' id='word_1_109' title='bbox 1783 1374 1916 1431; x_wconf 73' lang='lat' dir='ltr'><strong>Coisl.</strong></span> <span class='ocrx_word' id='word_1_110' title='bbox 1938 1376 2035 1420; x_wconf 81' lang='lat' dir='ltr'><strong>Vat.</strong></span> 
     </span>
     <span class='ocr_line' id='line_1_15' title="bbox 343 1421 2031 1484; baseline 0.005 -16"><span class='ocrx_word' id='word_1_111' title='bbox 343 1424 397 1468; x_wconf 88' lang='lat' dir='ltr'><strong>A.</strong></span> <span class='ocrx_word' id='word_1_112' title='bbox 430 1427 534 1470; x_wconf 88' lang='lat' dir='ltr'><strong>Ven.</strong></span> <span class='ocrx_word' id='word_1_113' title='bbox 560 1442 607 1470; x_wconf 66' lang='lat' dir='ltr'><strong>s..</strong></span> <span class='ocrx_word' id='word_1_114' title='bbox 567 1426 755 1471; x_wconf 74' lang='lat' dir='ltr'><strong>&#39;&#39;Vind.</strong></span> <span class='ocrx_word' id='word_1_115' title='bbox 778 1429 817 1472; x_wconf 87' lang='lat'><strong>2.</strong></span> <span class='ocrx_word' id='word_1_116' title='bbox 852 1429 951 1471; x_wconf 88' lang='lat' dir='ltr'><strong>Par.</strong></span> <span class='ocrx_word' id='word_1_117' title='bbox 974 1430 1071 1471; x_wconf 91' lang='lat' dir='ltr'><strong>DK.</strong></span> <span class='ocrx_word' id='word_1_118' title='bbox 1100 1421 1247 1470; x_wconf 89' lang='lat' dir='ltr'><strong>Ambr.</strong></span> <span class='ocrx_word' id='word_1_119' title='bbox 1272 1432 1384 1484; x_wconf 85' lang='lat' dir='ltr'><strong>Aug</strong></span> <span class='ocrx_word' id='word_1_120' title='bbox 1399 1443 1449 1471; x_wconf 89' lang='lat' dir='ltr'><strong>w.</strong></span> <span class='ocrx_word' id='word_1_121' title='bbox 1468 1429 1563 1470; x_wconf 83' lang='lat' dir='ltr'><strong>Vat</strong></span> <span class='ocrx_word' id='word_1_122' title='bbox 1581 1442 1622 1482; x_wconf 88' lang='lat' dir='ltr'><strong>p.</strong></span> <span class='ocrx_word' id='word_1_123' title='bbox 1635 1442 1668 1473; x_wconf 87' lang='lat' dir='ltr'><strong>r.</strong></span> <span class='ocrx_word' id='word_1_124' title='bbox 1700 1431 1749 1472; x_wconf 81' lang='grc' dir='ltr'><strong>δέ</strong></span> <span class='ocrx_word' id='word_1_125' title='bbox 1774 1446 1873 1484; x_wconf 81' lang='grc' dir='ltr'><strong><em>μου.</em></strong></span> <span class='ocrx_word' id='word_1_126' title='bbox 1905 1432 2031 1478; x_wconf 88' lang='lat' dir='ltr'><strong>Bodl.</strong></span> 
     </span>
     <span class='ocr_line' id='line_1_16' title="bbox 345 1485 2030 1541; baseline 0.005 -16"><span class='ocrx_word' id='word_1_127' title='bbox 345 1488 458 1538; x_wconf 85' lang='lat' dir='ltr'><strong>Ang.</strong></span> <span class='ocrx_word' id='word_1_128' title='bbox 480 1492 522 1526; x_wconf 90' lang='lat' dir='ltr'><strong>u.</strong></span> <span class='ocrx_word' id='word_1_129' title='bbox 554 1486 649 1529; x_wconf 86' lang='lat' dir='ltr'><strong>Vat.</strong></span> <span class='ocrx_word' id='word_1_130' title='bbox 672 1499 710 1527; x_wconf 92' lang='lat' dir='ltr'><strong>n.</strong></span> <span class='ocrx_word' id='word_1_131' title='bbox 742 1485 858 1528; x_wconf 86' lang='lat' dir='ltr'><strong>Flor.</strong></span> <span class='ocrx_word' id='word_1_132' title='bbox 874 1487 964 1530; x_wconf 71' lang='lat' dir='ltr'><strong>ab.</strong></span> <span class='ocrx_word' id='word_1_133' title='bbox 981 1499 1113 1530; x_wconf 83' lang='lat' dir='ltr'><strong>c.1.n.</strong></span> <span class='ocrx_word' id='word_1_134' title='bbox 1146 1487 1193 1526; x_wconf 75' lang='grc' dir='ltr'><strong>δὲ</strong></span> <span class='ocrx_word' id='word_1_135' title='bbox 1218 1488 1267 1541; x_wconf 72' lang='grc' dir='ltr'><strong>ἐμ</strong></span> <span class='ocrx_word' id='word_1_136' title='bbox 1276 1490 1354 1538; x_wconf 74' lang='grc' dir='ltr'><strong>οὔ,</strong></span> <span class='ocrx_word' id='word_1_137' title='bbox 1385 1485 1500 1539; x_wconf 87' lang='lat' dir='ltr'><strong>quod</strong></span> <span class='ocrx_word' id='word_1_138' title='bbox 1533 1486 1588 1527; x_wconf 93' lang='lat' dir='ltr'><strong>ob</strong></span> <span class='ocrx_word' id='word_1_139' title='bbox 1619 1499 1754 1530; x_wconf 89' lang='lat' dir='ltr'><strong>unum</strong></span> <span class='ocrx_word' id='word_1_140' title='bbox 1788 1489 1914 1534; x_wconf 73' lang='lat' dir='ltr'><strong>Bodl.</strong></span> <span class='ocrx_word' id='word_1_141' title='bbox 1947 1502 2030 1533; x_wconf 84' lang='lat' dir='ltr'><strong>non</strong></span> 
     </span>
    </p>
   </div>
   <div class='ocr_carea' id='block_1_5' title="bbox 342 1504 2029 1608">
    <p class='ocr_par' dir='ltr' id='par_1_5' title="bbox 342 1504 2029 1608">
     <span class='ocr_line' id='line_1_17' title="bbox 342 1504 2029 1608; baseline 0.004 -25"><span class='ocrx_word' id='word_1_142' title='bbox 342 1541 543 1586; x_wconf 85' lang='lat' dir='ltr'><strong>debebat</strong></span> <span class='ocrx_word' id='word_1_143' title='bbox 561 1545 754 1598; x_wconf 89' lang='lat' dir='ltr'><strong>recipere</strong></span> <span class='ocrx_word' id='word_1_144' title='bbox 777 1544 1072 1608; x_wconf 74' lang='lat' dir='ltr'><strong>HermannuS.</strong></span> <span class='ocrx_word' id='word_1_145' title='bbox 1136 1543 1247 1587; x_wconf 90' lang='lat' dir='ltr'><strong>Pro</strong></span> <span class='ocrx_word' id='word_1_146' title='bbox 1240 1504 1368 1589; x_wconf 66' lang='grc' dir='ltr'><strong>μάλλά</strong></span> <span class='ocrx_word' id='word_1_147' title='bbox 1401 1543 1530 1585; x_wconf 91' lang='lat' dir='ltr'><strong>codd</strong></span> <span class='ocrx_word' id='word_1_148' title='bbox 1562 1545 1731 1597; x_wconf 82' lang='lat' dir='ltr'>plurimi</span> <span class='ocrx_word' id='word_1_149' title='bbox 1761 1552 1878 1591; x_wconf 83' lang='lat' dir='ltr'><strong>recte</strong></span> <span class='ocrx_word' id='word_1_150' title='bbox 1907 1547 2029 1590; x_wconf 77' lang='grc' dir='ltr'><strong><em>ἄλλα.</em></strong></span> 
     </span>
    </p>
   </div>
   <div class='ocr_carea' id='block_1_6' title="bbox 339 1615 2030 1764">
    <p class='ocr_par' dir='ltr' id='par_1_6' title="bbox 339 1615 2030 1734">
     <span class='ocr_line' id='line_1_18' title="bbox 459 1615 2029 1688; baseline 0.004 -19"><span class='ocrx_word' id='word_1_151' title='bbox 459 1622 545 1677; x_wconf 77' lang='grc' dir='ltr'><strong>οἷς</strong></span> <span class='ocrx_word' id='word_1_152' title='bbox 574 1627 674 1683; x_wconf 76' lang='grc' dir='ltr'><strong>ἐγὼ</strong></span> <span class='ocrx_word' id='word_1_153' title='bbox 704 1629 929 1685; x_wconf 74' lang='grc' dir='ltr'><strong><em>εἴκασα]</em></strong></span> <span class='ocrx_word' id='word_1_154' title='bbox 971 1635 1067 1676; x_wconf 83' lang='grc' dir='ltr'><strong><em>οἱος</em></strong></span> <span class='ocrx_word' id='word_1_155' title='bbox 1098 1643 1213 1674; x_wconf 90' lang='lat' dir='ltr'><strong>cum.</strong></span> <span class='ocrx_word' id='word_1_156' title='bbox 1241 1634 1347 1674; x_wconf 82' lang='lat' dir='ltr'><strong>vett.</strong></span> <span class='ocrx_word' id='word_1_157' title='bbox 1379 1629 1501 1671; x_wconf 83' lang='lat' dir='ltr'><strong>editt.</strong></span> <span class='ocrx_word' id='word_1_158' title='bbox 1536 1634 1684 1673; x_wconf 84' lang='lat' dir='ltr'><strong>tenent</strong></span> <span class='ocrx_word' id='word_1_159' title='bbox 1712 1615 1815 1677; x_wconf 82' lang='lat' dir='ltr'><strong>Par.</strong></span> <span class='ocrx_word' id='word_1_160' title='bbox 1836 1631 1885 1674; x_wconf 85' lang='grc' dir='ltr'><strong>Ε-</strong></span> <span class='ocrx_word' id='word_1_161' title='bbox 1920 1638 2029 1688; x_wconf 77' lang='lat' dir='ltr'><strong>Ang-</strong></span> 
     </span>
     <span class='ocr_line' id='line_1_19' title="bbox 339 1682 2030 1764; baseline 0.004 -36"><span class='ocrx_word' id='word_1_162' title='bbox 339 1699 381 1731; x_wconf 91' lang='lat' dir='ltr'><strong>u.</strong></span> <span class='ocrx_word' id='word_1_163' title='bbox 403 1686 504 1731; x_wconf 86' lang='lat' dir='ltr'><strong>Vat.</strong></span> <span class='ocrx_word' id='word_1_164' title='bbox 516 1699 556 1731; x_wconf 96' lang='grc' dir='ltr'><strong>ιι.</strong></span> <span class='ocrx_word' id='word_1_165' title='bbox 577 1687 715 1754; x_wconf 77' lang='grc' dir='ltr'><strong>ΕΙοι.“</strong></span> <span class='ocrx_word' id='word_1_166' title='bbox 703 1701 732 1728; x_wconf 90' lang='grc' dir='ltr'><strong>ι.</strong></span> <span class='ocrx_word' id='word_1_167' title='bbox 794 1687 941 1738; x_wconf 85' lang='lat' dir='ltr'><strong>Ceteri</strong></span> <span class='ocrx_word' id='word_1_168' title='bbox 969 1693 1090 1731; x_wconf 88' lang='lat' dir='ltr'><strong>recte</strong></span> <span class='ocrx_word' id='word_1_169' title='bbox 1120 1701 1218 1730; x_wconf 87' lang='lat' dir='ltr'><strong>cum</strong></span> <span class='ocrx_word' id='word_1_170' title='bbox 1249 1688 1351 1761; x_wconf 82' lang='lat' dir='ltr'><strong>Bas.</strong></span> <span class='ocrx_word' id='word_1_171' title='bbox 1371 1685 1413 1731; x_wconf 91' lang='lat'><strong>2.</strong></span> <span class='ocrx_word' id='word_1_172' title='bbox 1445 1682 1524 1734; x_wconf 79' lang='grc' dir='ltr'><strong><em>οἷς.</em></strong></span> <span class='ocrx_word' id='word_1_173' title='bbox 1586 1689 1825 1764; x_wconf 85' lang='lat' dir='ltr'><strong>Praeterea</strong></span> <span class='ocrx_word' id='word_1_174' title='bbox 1853 1689 2030 1734; x_wconf 79' lang='lat' dir='ltr'><strong>Fische-</strong></span> 
     </span>
    </p>
   </div>
   <div class='ocr_carea' id='block_1_7' title="bbox 337 1825 1145 2504">
    <p class='ocr_par' dir='ltr' id='par_1_7' title="bbox 337 1825 1145 2504">
     <span class='ocr_line' id='line_1_20' title="bbox 340 1825 1138 1884; baseline -0.003 -14"><span class='ocrx_word' id='word_1_175' title='bbox 340 1833 460 1884; x_wconf 74' lang='grc' dir='ltr'><strong><em>ὦτα,</em></strong></span> <span class='ocrx_word' id='word_1_176' title='bbox 501 1825 635 1884; x_wconf 69' lang='grc' dir='ltr'><strong><em>ὥςπερ</em></strong></span> <span class='ocrx_word' id='word_1_177' title='bbox 673 1826 757 1870; x_wconf 71' lang='grc' dir='ltr'><strong>ἀπὸ</strong></span> <span class='ocrx_word' id='word_1_178' title='bbox 792 1827 1027 1884; x_wconf 77' lang='grc' dir='ltr'><strong><em>Σειρήνων,</em></strong></span> <span class='ocrx_word' id='word_1_179' title='bbox 1058 1828 1138 1880; x_wconf 75' lang='grc' dir='ltr'><strong><em>οἵχ.</em></strong></span> 
     </span>
     <span class='ocr_line' id='line_1_21' title="bbox 341 1886 1140 1941; baseline 0.001 -14"><span class='ocrx_word' id='word_1_180' title='bbox 341 1902 413 1941; x_wconf 82' lang='grc' dir='ltr'><strong>φ.,</strong></span> <span class='ocrx_word' id='word_1_181' title='bbox 469 1898 609 1940; x_wconf 87' lang='lat' dir='ltr'><strong>neque</strong></span> <span class='ocrx_word' id='word_1_182' title='bbox 657 1886 837 1929; x_wconf 85' lang='lat' dir='ltr'><strong>eandem</strong></span> <span class='ocrx_word' id='word_1_183' title='bbox 886 1887 1140 1928; x_wconf 82' lang='lat' dir='ltr'><strong>sententiam</strong></span> 
     </span>
     <span class='ocr_line' id='line_1_22' title="bbox 339 1941 1138 2000; baseline -0.001 -15"><span class='ocrx_word' id='word_1_184' title='bbox 339 1944 407 1987; x_wconf 89' lang='lat' dir='ltr'><strong>bis</strong></span> <span class='ocrx_word' id='word_1_185' title='bbox 435 1944 728 2000; x_wconf 79' lang='lat' dir='ltr'><strong>expressisset</strong></span> <span class='ocrx_word' id='word_1_186' title='bbox 765 1941 946 1989; x_wconf 85' lang='lat' dir='ltr'><strong>diversis</strong></span> <span class='ocrx_word' id='word_1_187' title='bbox 977 1942 1138 1997; x_wconf 84' lang='lat' dir='ltr'><strong>verbis,</strong></span> 
     </span>
     <span class='ocr_line' id='line_1_23' title="bbox 342 1996 1141 2056; baseline -0.001 -13"><span class='ocrx_word' id='word_1_188' title='bbox 342 1996 490 2044; x_wconf 85' lang='lat' dir='ltr'><strong>contra</strong></span> <span class='ocrx_word' id='word_1_189' title='bbox 533 2003 652 2056; x_wconf 84' lang='lat' dir='ltr'><strong>leges</strong></span> <span class='ocrx_word' id='word_1_190' title='bbox 691 2003 931 2054; x_wconf 76' lang='lat' dir='ltr'><strong>elegantiae</strong></span> <span class='ocrx_word' id='word_1_191' title='bbox 976 2003 1141 2043; x_wconf 87' lang='lat' dir='ltr'><strong>oratio-</strong></span> 
     </span>
     <span class='ocr_line' id='line_1_24' title="bbox 340 2059 1140 2118; baseline 0.001 -19"><span class='ocrx_word' id='word_1_192' title='bbox 340 2059 420 2103; x_wconf 84' lang='lat' dir='ltr'><strong>nis.</strong></span> <span class='ocrx_word' id='word_1_193' title='bbox 483 2059 593 2102; x_wconf 82' lang='lat' dir='ltr'><strong>Quis</strong></span> <span class='ocrx_word' id='word_1_194' title='bbox 626 2060 736 2100; x_wconf 87' lang='lat' dir='ltr'><strong>enim</strong></span> <span class='ocrx_word' id='word_1_195' title='bbox 760 2059 867 2102; x_wconf 86' lang='lat' dir='ltr'><strong>ferat</strong></span> <span class='ocrx_word' id='word_1_196' title='bbox 883 2059 942 2101; x_wconf 79' lang='lat' dir='ltr'><strong>ita</strong></span> <span class='ocrx_word' id='word_1_197' title='bbox 962 2061 1140 2118; x_wconf 89' lang='lat' dir='ltr'><strong>loquen-</strong></span> 
     </span>
     <span class='ocr_line' id='line_1_25' title="bbox 340 2117 1144 2168; baseline 0.001 -11"><span class='ocrx_word' id='word_1_198' title='bbox 340 2120 453 2158; x_wconf 84' lang='lat' dir='ltr'><strong>tem·</strong></span> <span class='ocrx_word' id='word_1_199' title='bbox 487 2117 802 2158; x_wconf 84' lang='lat' dir='ltr'><strong>Obstruens</strong></span> <span class='ocrx_word' id='word_1_200' title='bbox 832 2129 1006 2168; x_wconf 83' lang='lat' dir='ltr'><strong>aures,</strong></span> <span class='ocrx_word' id='word_1_201' title='bbox 1032 2121 1144 2158; x_wconf 85' lang='lat' dir='ltr'><strong>tau-</strong></span> 
     </span>
     <span class='ocr_line' id='line_1_26' title="bbox 343 2174 1143 2226; baseline 0.001 -12"><span class='ocrx_word' id='word_1_202' title='bbox 343 2186 498 2226; x_wconf 84' lang='lat' dir='ltr'>quam</span> <span class='ocrx_word' id='word_1_203' title='bbox 559 2175 620 2216; x_wconf 86' lang='lat' dir='ltr'><strong>ab</strong></span> <span class='ocrx_word' id='word_1_204' title='bbox 681 2174 931 2216; x_wconf 86' lang='lat' dir='ltr'><strong>Sirenum</strong></span> <span class='ocrx_word' id='word_1_205' title='bbox 980 2180 1143 2215; x_wconf 87' lang='lat' dir='ltr'><strong>cantu</strong></span> 
     </span>
     <span class='ocr_line' id='line_1_27' title="bbox 343 2230 1145 2285; baseline 0.001 -13"><span class='ocrx_word' id='word_1_206' title='bbox 343 2230 615 2274; x_wconf 82' lang='lat' dir='ltr'><strong>cohibens</strong></span> <span class='ocrx_word' id='word_1_207' title='bbox 655 2244 841 2284; x_wconf 79' lang='lat' dir='ltr'><strong>aures,</strong></span> <span class='ocrx_word' id='word_1_208' title='bbox 882 2232 1032 2285; x_wconf 87' lang='lat' dir='ltr'><strong>fugio</strong></span> <span class='ocrx_word' id='word_1_209' title='bbox 1071 2233 1145 2273; x_wconf 87' lang='lat' dir='ltr'><strong>vi-</strong></span> 
     </span>
     <span class='ocr_line' id='line_1_28' title="bbox 342 2288 1143 2343; baseline 0.001 -14"><span class='ocrx_word' id='word_1_210' title='bbox 342 2300 471 2331; x_wconf 88' lang='lat' dir='ltr'><strong>rum.</strong></span> <span class='ocrx_word' id='word_1_211' title='bbox 534 2290 739 2331; x_wconf 83' lang='lat' dir='ltr'><strong>Ceterum</strong></span> <span class='ocrx_word' id='word_1_212' title='bbox 772 2289 826 2331; x_wconf 89' lang='lat' dir='ltr'><strong>de</strong></span> <span class='ocrx_word' id='word_1_213' title='bbox 856 2302 904 2331; x_wconf 88' lang='lat' dir='ltr'><strong>re</strong></span> <span class='ocrx_word' id='word_1_214' title='bbox 935 2289 1053 2343; x_wconf 85' lang='lat' dir='ltr'><strong>ipsa,</strong></span> <span class='ocrx_word' id='word_1_215' title='bbox 1085 2288 1143 2331; x_wconf 88' lang='lat' dir='ltr'><strong>ad</strong></span> 
     </span>
     <span class='ocr_line' id='line_1_29' title="bbox 341 2346 1140 2401; baseline 0.001 -14"><span class='ocrx_word' id='word_1_216' title='bbox 341 2358 472 2399; x_wconf 83' lang='lat' dir='ltr'><strong>quam</strong></span> <span class='ocrx_word' id='word_1_217' title='bbox 509 2348 705 2401; x_wconf 84' lang='lat' dir='ltr'><strong>respexit</strong></span> <span class='ocrx_word' id='word_1_218' title='bbox 745 2346 1016 2400; x_wconf 72' lang='lat' dir='ltr'><strong>Alcibiade8‚</strong></span> <span class='ocrx_word' id='word_1_219' title='bbox 1056 2347 1140 2388; x_wconf 87' lang='lat' dir='ltr'><strong>vid</strong></span> 
     </span>
     <span class='ocr_line' id='line_1_30' title="bbox 339 2403 1140 2461; baseline 0 -16"><span class='ocrx_word' id='word_1_220' title='bbox 339 2403 423 2446; x_wconf 90' lang='lat' dir='ltr'><strong>Ho</strong></span> <span class='ocrx_word' id='word_1_221' title='bbox 443 2417 624 2447; x_wconf 87' lang='lat' dir='ltr'><strong>merus</strong></span> <span class='ocrx_word' id='word_1_222' title='bbox 644 2404 802 2459; x_wconf 81' lang='lat' dir='ltr'><strong>Odyss.</strong></span> <span class='ocrx_word' id='word_1_223' title='bbox 826 2403 875 2461; x_wconf 84' lang='grc' dir='ltr'><strong>μ’</strong></span> <span class='ocrx_word' id='word_1_224' title='bbox 889 2418 928 2446; x_wconf 84' lang='grc' dir='ltr'><strong><em>ν.</em></strong></span> <span class='ocrx_word' id='word_1_225' title='bbox 943 2403 1104 2458; x_wconf 87' lang='lat' dir='ltr'><strong>47sqq</strong></span> <span class='ocrx_word' id='word_1_226' title='bbox 1110 2405 1140 2428; x_wconf 85' lang='lat'><strong>“</strong></span> 
     </span>
     <span class='ocr_line' id='line_1_31' title="bbox 337 2461 659 2504; baseline 0.006 -2"><span class='ocrx_word' id='word_1_227' title='bbox 337 2461 398 2503; x_wconf 80' lang='lat' dir='ltr'><strong>F1</strong></span> <span class='ocrx_word' id='word_1_228' title='bbox 412 2461 659 2504; x_wconf 84' lang='lat' dir='ltr'><strong>scherus</strong></span> 
     </span>
    </p>
   </div>
   <div class='ocr_carea' id='block_1_8' title="bbox 332 2545 1142 3232">
    <p class='ocr_par' dir='ltr' id='par_1_8' title="bbox 332 2545 1142 3232">
     <span class='ocr_line' id='line_1_32' title="bbox 399 2545 1142 2604; baseline 0.001 -3"><span class='ocrx_word' id='word_1_229' title='bbox 399 2548 451 2590; x_wconf 86' lang='lat' dir='ltr'><strong>B·</strong></span> <span class='ocrx_word' id='word_1_230' title='bbox 515 2545 795 2604; x_wconf 70' lang='grc' dir='ltr'><strong><em>ἡττημένῳ</em></strong></span> <span class='ocrx_word' id='word_1_231' title='bbox 841 2551 934 2600; x_wconf 74' lang='grc' dir='ltr'><strong>τῆς</strong></span> <span class='ocrx_word' id='word_1_232' title='bbox 975 2552 1142 2602; x_wconf 65' lang='grc' dir='ltr'><strong>τιμῆς</strong></span> 
     </span>
     <span class='ocr_line' id='line_1_33' title="bbox 337 2604 1137 2656; baseline 0.003 -11"><span class='ocrx_word' id='word_1_233' title='bbox 337 2609 438 2656; x_wconf 75' lang='grc' dir='ltr'><strong>τῆς</strong></span> <span class='ocrx_word' id='word_1_234' title='bbox 468 2604 573 2648; x_wconf 68' lang='grc' dir='ltr'><strong>ὑπὸ</strong></span> <span class='ocrx_word' id='word_1_235' title='bbox 605 2612 705 2647; x_wconf 83' lang='grc' dir='ltr'><strong><em>τῶν</em></strong></span> <span class='ocrx_word' id='word_1_236' title='bbox 734 2606 978 2656; x_wconf 81' lang='grc' dir='ltr'><strong><em>πολλῶν]</em></strong></span> <span class='ocrx_word' id='word_1_237' title='bbox 1027 2605 1066 2648; x_wconf 83' lang='grc' dir='ltr'><strong>ΙΙ.</strong></span> <span class='ocrx_word' id='word_1_238' title='bbox 1101 2620 1137 2649; x_wconf 83' lang='lat' dir='ltr'><strong>e.</strong></span> 
     </span>
     <span class='ocr_line' id='line_1_34' title="bbox 337 2664 1138 2716; baseline 0.002 -14"><span class='ocrx_word' id='word_1_239' title='bbox 337 2675 498 2713; x_wconf 88' lang='lat' dir='ltr'><strong>quum</strong></span> <span class='ocrx_word' id='word_1_240' title='bbox 557 2677 690 2706; x_wconf 88' lang='lat' dir='ltr'><strong>vero</strong></span> <span class='ocrx_word' id='word_1_241' title='bbox 751 2664 1138 2716; x_wconf 86' lang='lat' dir='ltr'><strong>discesserim,</strong></span> 
     </span>
     <span class='ocr_line' id='line_1_35' title="bbox 336 2720 1138 2773; baseline -0.001 -13"><span class='ocrx_word' id='word_1_242' title='bbox 336 2731 417 2761; x_wconf 92' lang='lat' dir='ltr'><strong>me</strong></span> <span class='ocrx_word' id='word_1_243' title='bbox 456 2720 676 2773; x_wconf 83' lang='lat' dir='ltr'><strong>honori,</strong></span> <span class='ocrx_word' id='word_1_244' title='bbox 717 2733 821 2773; x_wconf 86' lang='lat' dir='ltr'><strong>quo</strong></span> <span class='ocrx_word' id='word_1_245' title='bbox 862 2734 939 2761; x_wconf 87' lang='lat' dir='ltr'><strong>me</strong></span> <span class='ocrx_word' id='word_1_246' title='bbox 980 2722 1138 2760; x_wconf 87' lang='lat' dir='ltr'><strong>ornet</strong></span> 
     </span>
     <span class='ocr_line' id='line_1_36' title="bbox 335 2777 1136 2829; baseline -0.001 -12"><span class='ocrx_word' id='word_1_247' title='bbox 335 2777 528 2829; x_wconf 90' lang='lat' dir='ltr'><strong>populi</strong></span> <span class='ocrx_word' id='word_1_248' title='bbox 560 2777 872 2827; x_wconf 88' lang='lat' dir='ltr'><strong>multitudo,</strong></span> <span class='ocrx_word' id='word_1_249' title='bbox 897 2788 1136 2816; x_wconf 85' lang='lat' dir='ltr'><strong>succum-</strong></span> 
     </span>
     <span class='ocr_line' id='line_1_37' title="bbox 334 2833 1135 2887; baseline 0 -13"><span class='ocrx_word' id='word_1_250' title='bbox 334 2833 465 2875; x_wconf 85' lang='lat' dir='ltr'><strong>bere</strong></span> <span class='ocrx_word' id='word_1_251' title='bbox 506 2838 557 2875; x_wconf 91' lang='lat' dir='ltr'><strong>et</strong></span> <span class='ocrx_word' id='word_1_252' title='bbox 597 2835 781 2887; x_wconf 81' lang='lat' dir='ltr'><strong>quasi</strong></span> <span class='ocrx_word' id='word_1_253' title='bbox 803 2834 984 2874; x_wconf 82' lang='lat' dir='ltr'><strong>victas</strong></span> <span class='ocrx_word' id='word_1_254' title='bbox 1033 2845 1135 2874; x_wconf 87' lang='lat' dir='ltr'><strong>ma-</strong></span> 
     </span>
     <span class='ocr_line' id='line_1_38' title="bbox 333 2879 1131 2943; baseline 0.001 -12"><span class='ocrx_word' id='word_1_255' title='bbox 333 2903 430 2932; x_wconf 85' lang='lat' dir='ltr'><strong>nus</strong></span> <span class='ocrx_word' id='word_1_256' title='bbox 462 2890 618 2943; x_wconf 87' lang='lat' dir='ltr'><strong>dare,</strong></span> <span class='ocrx_word' id='word_1_257' title='bbox 662 2890 895 2932; x_wconf 83' lang='lat' dir='ltr'><strong>ambitione</strong></span> <span class='ocrx_word' id='word_1_258' title='bbox 937 2879 1131 2932; x_wconf 84' lang='lat' dir='ltr'><strong>nimirum</strong></span> 
     </span>
     <span class='ocr_line' id='line_1_39' title="bbox 336 2947 1131 3016; baseline -0.001 -26"><span class='ocrx_word' id='word_1_259' title='bbox 336 2954 384 2990; x_wconf 88' lang='lat' dir='ltr'><strong>et</strong></span> <span class='ocrx_word' id='word_1_260' title='bbox 428 2949 591 3002; x_wconf 80' lang='lat' dir='ltr'><strong>gloriae</strong></span> <span class='ocrx_word' id='word_1_261' title='bbox 650 2947 886 3002; x_wconf 81' lang='lat' dir='ltr'><strong>cupiditate</strong></span> <span class='ocrx_word' id='word_1_262' title='bbox 947 2947 1131 3016; x_wconf 77' lang='lat' dir='ltr'><strong>animum</strong></span> 
     </span>
     <span class='ocr_line' id='line_1_40' title="bbox 335 3002 1131 3073; baseline -0.001 -24"><span class='ocrx_word' id='word_1_263' title='bbox 335 3004 476 3049; x_wconf 87' lang='lat' dir='ltr'><strong>denuo</strong></span> <span class='ocrx_word' id='word_1_264' title='bbox 508 3012 760 3073; x_wconf 68' lang='lat' dir='ltr'><strong>occupante.</strong></span> <span class='ocrx_word' id='word_1_265' title='bbox 823 3005 887 3045; x_wconf 87' lang='lat' dir='ltr'><strong>De</strong></span> <span class='ocrx_word' id='word_1_266' title='bbox 917 3002 1009 3045; x_wconf 78' lang='grc' dir='ltr'><strong>ὑπό</strong></span> <span class='ocrx_word' id='word_1_267' title='bbox 1039 3018 1131 3061; x_wconf 82' lang='lat' dir='ltr'><strong>cum</strong></span> 
     </span>
     <span class='ocr_line' id='line_1_41' title="bbox 332 3054 1131 3117; baseline 0 -13"><span class='ocrx_word' id='word_1_268' title='bbox 332 3062 443 3116; x_wconf 73' lang='grc' dir='ltr'><strong>τιμή</strong></span> <span class='ocrx_word' id='word_1_269' title='bbox 499 3063 728 3106; x_wconf 90' lang='lat' dir='ltr'><strong>coniuncto</strong></span> <span class='ocrx_word' id='word_1_270' title='bbox 785 3075 826 3103; x_wconf 94' lang='grc' dir='ltr'><strong>ν.</strong></span> <span class='ocrx_word' id='word_1_271' title='bbox 883 3054 1131 3117; x_wconf 78' lang='lat' dir='ltr'><strong>Xenopli.</strong></span> 
     </span>
     <span class='ocr_line' id='line_1_42' title="bbox 334 3118 1125 3174; baseline -0.001 -12"><span class='ocrx_word' id='word_1_272' title='bbox 334 3121 493 3174; x_wconf 85' lang='lat' dir='ltr'><strong>Cyrop·</strong></span> <span class='ocrx_word' id='word_1_273' title='bbox 514 3121 590 3163; x_wconf 84' lang='grc' dir='ltr'><strong>ΙΙΙ.</strong></span> <span class='ocrx_word' id='word_1_274' title='bbox 615 3119 658 3173; x_wconf 88' lang='grc'><strong>3,</strong></span> <span class='ocrx_word' id='word_1_275' title='bbox 677 3120 719 3165; x_wconf 84' lang='grc'><strong>2.</strong></span> <span class='ocrx_word' id='word_1_276' title='bbox 749 3118 941 3173; x_wconf 69' lang='grc' dir='ltr'><strong>ἥδεσθαι</strong></span> <span class='ocrx_word' id='word_1_277' title='bbox 959 3123 1011 3173; x_wconf 79' lang='grc' dir='ltr'><em>ιῇ</em></span> <span class='ocrx_word' id='word_1_278' title='bbox 1040 3118 1125 3161; x_wconf 77' lang='grc' dir='ltr'><strong>ὖπό</strong></span> 
     </span>
     <span class='ocr_line' id='line_1_43' title="bbox 333 3176 1127 3232; baseline 0.004 -15"><span class='ocrx_word' id='word_1_279' title='bbox 333 3176 506 3220; x_wconf 79' lang='grc' dir='ltr'><strong><em>πάντων</em></strong></span> <span class='ocrx_word' id='word_1_280' title='bbox 554 3183 672 3232; x_wconf 81' lang='grc' dir='ltr'><strong>τιμῇ.</strong></span> <span class='ocrx_word' id='word_1_281' title='bbox 750 3177 881 3220; x_wconf 80' lang='lat' dir='ltr'><strong>Plura</strong></span> <span class='ocrx_word' id='word_1_282' title='bbox 928 3177 1025 3219; x_wconf 84' lang='lat' dir='ltr'><strong>dedi</strong></span> <span class='ocrx_word' id='word_1_283' title='bbox 1073 3177 1127 3220; x_wconf 82' lang='lat' dir='ltr'><strong>ad</strong></span> 
     </span>
    </p>
   </div>
   <div class='ocr_carea' id='block_1_9' title="bbox 332 3234 791 3289">
    <p class='ocr_par' dir='ltr' id='par_1_9' title="bbox 332 3234 791 3289">
     <span class='ocr_line' id='line_1_44' title="bbox 332 3234 791 3289; baseline 0 -11"><span class='ocrx_word' id='word_1_284' title='bbox 332 3235 489 3289; x_wconf 85' lang='lat' dir='ltr'><strong>Remp.</strong></span> <span class='ocrx_word' id='word_1_285' title='bbox 519 3236 574 3278; x_wconf 91' lang='lat'><strong>11.</strong></span> <span class='ocrx_word' id='word_1_286' title='bbox 605 3234 703 3282; x_wconf 84' lang='lat'><strong>359.</strong></span> <span class='ocrx_word' id='word_1_287' title='bbox 743 3238 791 3278; x_wconf 84' lang='grc' dir='ltr'><strong>Α.</strong></span> 
     </span>
    </p>
   </div>
   <div class='ocr_carea' id='block_1_10' title="bbox 393 3319 1184 3376">
    <p class='ocr_par' dir='ltr' id='par_1_10' title="bbox 393 3319 1184 3376">
     <span class='ocr_line' id='line_1_45' title="bbox 393 3319 1184 3376; baseline 0.001 -14"><span class='ocrx_word' id='word_1_288' title='bbox 393 3322 443 3365; x_wconf 91' lang='lat' dir='ltr'><strong>C.</strong></span> <span class='ocrx_word' id='word_1_289' title='bbox 503 3320 602 3363; x_wconf 76' lang='grc' dir='ltr'><strong>οὐκ</strong></span> <span class='ocrx_word' id='word_1_290' title='bbox 642 3323 737 3374; x_wconf 75' lang='grc' dir='ltr'><strong>ἔχω</strong></span> <span class='ocrx_word' id='word_1_291' title='bbox 777 3319 806 3362; x_wconf 77' lang='grc' dir='ltr'><strong>δ’</strong></span> <span class='ocrx_word' id='word_1_292' title='bbox 845 3337 897 3362; x_wconf 84' lang='grc' dir='ltr'><strong>τι</strong></span> <span class='ocrx_word' id='word_1_293' title='bbox 933 3319 1120 3376; x_wconf 74' lang='grc' dir='ltr'><strong><em>χρήσο·</em></strong></span> <span class='ocrx_word' id='word_1_294' title='bbox 1182 3367 1184 3369; x_wconf 66' lang='lat'>‚</span> 
     </span>
    </p>
   </div>
   <div class='ocr_carea' id='block_1_11' title="bbox 333 3379 1126 3434">
    <p class='ocr_par' dir='ltr' id='par_1_11' title="bbox 333 3379 1126 3434">
     <span class='ocr_line' id='line_1_46' title="bbox 333 3379 1126 3434; baseline 0.003 -16"><span class='ocrx_word' id='word_1_295' title='bbox 333 3379 449 3434; x_wconf 82' lang='grc' dir='ltr'><strong>μαι]</strong></span> <span class='ocrx_word' id='word_1_296' title='bbox 483 3379 623 3422; x_wconf 87' lang='lat' dir='ltr'><strong>Tenui</strong></span> <span class='ocrx_word' id='word_1_297' title='bbox 657 3392 766 3422; x_wconf 88' lang='lat' dir='ltr'><strong>nunc</strong></span> <span class='ocrx_word' id='word_1_298' title='bbox 784 3379 986 3422; x_wconf 81' lang='lat' dir='ltr'><strong>librorum</strong></span> <span class='ocrx_word' id='word_1_299' title='bbox 1020 3380 1126 3421; x_wconf 88' lang='lat' dir='ltr'><strong>scri-</strong></span> 
     </span>
    </p>
   </div>
   <div class='ocr_carea' id='block_1_12' title="bbox 1210 1809 2029 3436">
    <p class='ocr_par' dir='ltr' id='par_1_12' title="bbox 1210 1809 2029 3304">
     <span class='ocr_line' id='line_1_47' title="bbox 1223 1809 2028 1882; baseline 0.007 -15"><span class='ocrx_word' id='word_1_300' title='bbox 1223 1831 1408 1882; x_wconf 82' lang='lat' dir='ltr'><strong>pturam,</strong></span> <span class='ocrx_word' id='word_1_301' title='bbox 1440 1839 1518 1881; x_wconf 89' lang='lat' dir='ltr'><strong>pro</strong></span> <span class='ocrx_word' id='word_1_302' title='bbox 1545 1839 1629 1881; x_wconf 85' lang='lat' dir='ltr'><strong>qua</strong></span> <span class='ocrx_word' id='word_1_303' title='bbox 1650 1829 1751 1870; x_wconf 84' lang='lat' dir='ltr'><strong>olim</strong></span> <span class='ocrx_word' id='word_1_304' title='bbox 1773 1809 1879 1878; x_wconf 78' lang='lat' dir='ltr'><strong>cuin</strong></span> <span class='ocrx_word' id='word_1_305' title='bbox 1891 1827 1963 1873; x_wconf 80' lang='lat' dir='ltr'><strong>Be</strong></span> <span class='ocrx_word' id='word_1_306' title='bbox 1977 1831 2028 1873; x_wconf 84' lang='lat' dir='ltr'><strong>k-</strong></span> 
     </span>
     <span class='ocr_line' id='line_1_48' title="bbox 1224 1869 2029 1939; baseline 0.001 -12"><span class='ocrx_word' id='word_1_307' title='bbox 1224 1888 1356 1927; x_wconf 89' lang='lat' dir='ltr'><strong>kero</strong></span> <span class='ocrx_word' id='word_1_308' title='bbox 1388 1884 1616 1927; x_wconf 87' lang='lat' dir='ltr'><strong>censebam</strong></span> <span class='ocrx_word' id='word_1_309' title='bbox 1637 1869 1932 1939; x_wconf 78' lang='lat' dir='ltr'><strong>reponendum</strong></span> <span class='ocrx_word' id='word_1_310' title='bbox 1957 1902 2029 1929; x_wconf 82' lang='lat' dir='ltr'><strong>es-</strong></span> 
     </span>
     <span class='ocr_line' id='line_1_49' title="bbox 1225 1940 2027 2002; baseline 0.006 -19"><span class='ocrx_word' id='word_1_311' title='bbox 1225 1956 1273 1984; x_wconf 81' lang='lat' dir='ltr'><strong>se</strong></span> <span class='ocrx_word' id='word_1_312' title='bbox 1298 1940 1539 1997; x_wconf 79' lang='grc' dir='ltr'><strong>χρήσωμαι.</strong></span> <span class='ocrx_word' id='word_1_313' title='bbox 1591 1947 1648 1984; x_wconf 83' lang='lat' dir='ltr'><strong>At</strong></span> <span class='ocrx_word' id='word_1_314' title='bbox 1678 1955 1782 1985; x_wconf 82' lang='lat' dir='ltr'><strong>vero</strong></span> <span class='ocrx_word' id='word_1_315' title='bbox 1803 1950 2027 2002; x_wconf 86' lang='lat' dir='ltr'><strong>utrumque</strong></span> 
     </span>
     <span class='ocr_line' id='line_1_50' title="bbox 1226 1997 2027 2057; baseline 0.002 -15"><span class='ocrx_word' id='word_1_316' title='bbox 1226 2005 1346 2042; x_wconf 91' lang='lat' dir='ltr'><strong>recte</strong></span> <span class='ocrx_word' id='word_1_317' title='bbox 1386 1998 1564 2052; x_wconf 86' lang='lat' dir='ltr'><strong>dicitur,</strong></span> <span class='ocrx_word' id='word_1_318' title='bbox 1603 2000 1706 2042; x_wconf 86' lang='lat' dir='ltr'><strong>licet</strong></span> <span class='ocrx_word' id='word_1_319' title='bbox 1744 1997 1883 2054; x_wconf 83' lang='lat' dir='ltr'><strong>aliquo</strong></span> <span class='ocrx_word' id='word_1_320' title='bbox 1925 2016 2027 2057; x_wconf 83' lang='lat' dir='ltr'><strong>sen-</strong></span> 
     </span>
     <span class='ocr_line' id='line_1_51' title="bbox 1228 2054 2025 2114; baseline 0.006 -17"><span class='ocrx_word' id='word_1_321' title='bbox 1228 2070 1302 2098; x_wconf 87' lang='lat' dir='ltr'><strong>sus</strong></span> <span class='ocrx_word' id='word_1_322' title='bbox 1339 2056 1597 2107; x_wconf 86' lang='lat' dir='ltr'><strong>discrimine.</strong></span> <span class='ocrx_word' id='word_1_323' title='bbox 1656 2057 1863 2101; x_wconf 84' lang='lat' dir='ltr'><strong>Futurum</strong></span> <span class='ocrx_word' id='word_1_324' title='bbox 1901 2054 2025 2114; x_wconf 83' lang='lat' dir='ltr'><strong>poni-</strong></span> 
     </span>
     <span class='ocr_line' id='line_1_52' title="bbox 1228 2114 2026 2159; baseline 0.005 -4"><span class='ocrx_word' id='word_1_325' title='bbox 1228 2119 1298 2156; x_wconf 87' lang='lat' dir='ltr'><strong>tur</strong></span> <span class='ocrx_word' id='word_1_326' title='bbox 1340 2115 1412 2155; x_wconf 86' lang='lat' dir='ltr'><strong>ubi</strong></span> <span class='ocrx_word' id='word_1_327' title='bbox 1454 2127 1537 2156; x_wconf 90' lang='lat' dir='ltr'><strong>non</strong></span> <span class='ocrx_word' id='word_1_328' title='bbox 1585 2114 1640 2157; x_wconf 92' lang='lat' dir='ltr'><strong>de</strong></span> <span class='ocrx_word' id='word_1_329' title='bbox 1686 2116 1811 2157; x_wconf 86' lang='lat' dir='ltr'><strong>unius</strong></span> <span class='ocrx_word' id='word_1_330' title='bbox 1851 2117 2026 2159; x_wconf 84' lang='lat' dir='ltr'><strong>alicuius</strong></span> 
     </span>
     <span class='ocr_line' id='line_1_53' title="bbox 1227 2173 2025 2226; baseline 0.005 -13"><span class='ocrx_word' id='word_1_331' title='bbox 1227 2173 1312 2213; x_wconf 85' lang='lat' dir='ltr'><strong>iam</strong></span> <span class='ocrx_word' id='word_1_332' title='bbox 1351 2173 1589 2226; x_wconf 79' lang='lat' dir='ltr'><strong>praesentis</strong></span> <span class='ocrx_word' id='word_1_333' title='bbox 1639 2174 1700 2215; x_wconf 90' lang='lat' dir='ltr'><strong>rei</strong></span> <span class='ocrx_word' id='word_1_334' title='bbox 1757 2174 2025 2217; x_wconf 91' lang='lat' dir='ltr'><strong>dubitatione</strong></span> 
     </span>
     <span class='ocr_line' id='line_1_54' title="bbox 1226 2229 2024 2283; baseline 0.004 -12"><span class='ocrx_word' id='word_1_335' title='bbox 1226 2231 1395 2283; x_wconf 82' lang='lat' dir='ltr'><strong>agitur,</strong></span> <span class='ocrx_word' id='word_1_336' title='bbox 1443 2229 1520 2271; x_wconf 86' lang='lat' dir='ltr'><strong>sed</strong></span> <span class='ocrx_word' id='word_1_337' title='bbox 1573 2242 1643 2271; x_wconf 87' lang='lat' dir='ltr'><strong>res</strong></span> <span class='ocrx_word' id='word_1_338' title='bbox 1695 2230 1736 2272; x_wconf 91' lang='lat' dir='ltr'><strong>in</strong></span> <span class='ocrx_word' id='word_1_339' title='bbox 1777 2232 2024 2275; x_wconf 82' lang='lat' dir='ltr'><strong>universum</strong></span> 
     </span>
     <span class='ocr_line' id='line_1_55' title="bbox 1226 2288 2024 2344; baseline 0.005 -16"><span class='ocrx_word' id='word_1_340' title='bbox 1226 2300 1322 2329; x_wconf 89' lang='lat' dir='ltr'><strong>cum</strong></span> <span class='ocrx_word' id='word_1_341' title='bbox 1353 2291 1470 2328; x_wconf 85' lang='lat' dir='ltr'><strong>certa</strong></span> <span class='ocrx_word' id='word_1_342' title='bbox 1502 2288 1734 2329; x_wconf 75' lang='lat' dir='ltr'><strong>voluntatis</strong></span> <span class='ocrx_word' id='word_1_343' title='bbox 1761 2293 1835 2330; x_wconf 84' lang='lat' dir='ltr'><strong>aut</strong></span> <span class='ocrx_word' id='word_1_344' title='bbox 1853 2290 2024 2344; x_wconf 84' lang='lat' dir='ltr'><strong>opinio·</strong></span> 
     </span>
     <span class='ocr_line' id='line_1_56' title="bbox 1226 2345 2026 2399; baseline 0.005 -13"><span class='ocrx_word' id='word_1_345' title='bbox 1226 2345 1292 2386; x_wconf 90' lang='lat' dir='ltr'><strong>nis</strong></span> <span class='ocrx_word' id='word_1_346' title='bbox 1323 2345 1630 2399; x_wconf 80' lang='lat' dir='ltr'><strong>significatione</strong></span> <span class='ocrx_word' id='word_1_347' title='bbox 1659 2345 1867 2388; x_wconf 79' lang='lat' dir='ltr'><strong>iudicatur</strong></span> <span class='ocrx_word' id='word_1_348' title='bbox 1897 2353 1943 2389; x_wconf 84' lang='lat' dir='ltr'><strong>et</strong></span> <span class='ocrx_word' id='word_1_349' title='bbox 1969 2347 2026 2390; x_wconf 87' lang='lat' dir='ltr'><strong>de</strong></span> 
     </span>
     <span class='ocr_line' id='line_1_57' title="bbox 1226 2402 2025 2457; baseline 0.004 -14"><span class='ocrx_word' id='word_1_350' title='bbox 1226 2402 1356 2444; x_wconf 82' lang='lat' dir='ltr'><strong>sut-uri</strong></span> <span class='ocrx_word' id='word_1_351' title='bbox 1388 2403 1596 2456; x_wconf 89' lang='lat' dir='ltr'><strong>temporis</strong></span> <span class='ocrx_word' id='word_1_352' title='bbox 1626 2405 1915 2457; x_wconf 77' lang='lat' dir='ltr'><strong>perpetuitate</strong></span> <span class='ocrx_word' id='word_1_353' title='bbox 1942 2418 2025 2446; x_wconf 75' lang='lat' dir='ltr'><strong>co-</strong></span> 
     </span>
     <span class='ocr_line' id='line_1_58' title="bbox 1225 2458 2023 2512; baseline 0.008 -12"><span class='ocrx_word' id='word_1_354' title='bbox 1225 2460 1349 2512; x_wconf 82' lang='lat' dir='ltr'><strong>gitari</strong></span> <span class='ocrx_word' id='word_1_355' title='bbox 1378 2458 1522 2501; x_wconf 86' lang='lat' dir='ltr'><strong>debet.</strong></span> <span class='ocrx_word' id='word_1_356' title='bbox 1553 2460 1663 2502; x_wconf 88' lang='lat' dir='ltr'><strong>conf.</strong></span> <span class='ocrx_word' id='word_1_357' title='bbox 1690 2459 1857 2505; x_wconf 83' lang='lat' dir='ltr'><strong>Phileb.</strong></span> <span class='ocrx_word' id='word_1_358' title='bbox 1878 2461 1948 2506; x_wconf 82' lang='lat'><strong>61:</strong></span> <span class='ocrx_word' id='word_1_359' title='bbox 1972 2465 2023 2506; x_wconf 86' lang='grc' dir='ltr'><strong>Α.</strong></span> 
     </span>
     <span class='ocr_line' id='line_1_59' title="bbox 1226 2515 2023 2574; baseline 0.004 -18"><span class='ocrx_word' id='word_1_360' title='bbox 1226 2516 1296 2557; x_wconf 78' lang='grc' dir='ltr'><strong><em>ῗνα</em></strong></span> <span class='ocrx_word' id='word_1_361' title='bbox 1325 2517 1542 2572; x_wconf 78' lang='grc' dir='ltr'><strong><em>δευτερεῖα</em></strong></span> <span class='ocrx_word' id='word_1_362' title='bbox 1581 2515 1670 2569; x_wconf 79' lang='grc' dir='ltr'><strong>δ’τῳ</strong></span> <span class='ocrx_word' id='word_1_363' title='bbox 1700 2517 1901 2574; x_wconf 73' lang='grc' dir='ltr'><strong><em>δώσομεν,</em></strong></span> <span class='ocrx_word' id='word_1_364' title='bbox 1919 2521 2023 2572; x_wconf 68' lang='grc' dir='ltr'><strong>ἔχω-</strong></span> 
     </span>
     <span class='ocr_line' id='line_1_60' title="bbox 1224 2574 2022 2629; baseline 0.003 -14"><span class='ocrx_word' id='word_1_365' title='bbox 1224 2590 1317 2629; x_wconf 81' lang='grc' dir='ltr'><strong><em>μεν,</em></strong></span> <span class='ocrx_word' id='word_1_366' title='bbox 1330 2574 1464 2628; x_wconf 83' lang='lat' dir='ltr'><strong>Gorg.</strong></span> <span class='ocrx_word' id='word_1_367' title='bbox 1482 2589 1522 2629; x_wconf 91' lang='lat' dir='ltr'><strong>p.</strong></span> <span class='ocrx_word' id='word_1_368' title='bbox 1534 2574 1630 2618; x_wconf 88' lang='lat'><strong>521.</strong></span> <span class='ocrx_word' id='word_1_369' title='bbox 1644 2575 1692 2618; x_wconf 92' lang='lat' dir='ltr'><strong>C.</strong></span> <span class='ocrx_word' id='word_1_370' title='bbox 1705 2575 1803 2620; x_wconf 82' lang='lat'><strong>465.</strong></span> <span class='ocrx_word' id='word_1_371' title='bbox 1819 2577 1869 2617; x_wconf 87' lang='lat' dir='ltr'><strong>C.</strong></span> <span class='ocrx_word' id='word_1_372' title='bbox 1886 2575 2022 2629; x_wconf 87' lang='lat' dir='ltr'><strong>Legg.</strong></span> 
     </span>
     <span class='ocr_line' id='line_1_61' title="bbox 1229 2632 2020 2685; baseline 0.004 -14"><span class='ocrx_word' id='word_1_373' title='bbox 1229 2632 1337 2674; x_wconf 90' lang='lat' dir='ltr'><strong>V.llI</strong></span> <span class='ocrx_word' id='word_1_374' title='bbox 1351 2646 1391 2685; x_wconf 88' lang='lat' dir='ltr'><strong>p.</strong></span> <span class='ocrx_word' id='word_1_375' title='bbox 1403 2632 1500 2675; x_wconf 73' lang='lat'><strong>835.</strong></span> <span class='ocrx_word' id='word_1_376' title='bbox 1519 2633 1568 2674; x_wconf 89' lang='grc' dir='ltr'><strong>Ι).</strong></span> <span class='ocrx_word' id='word_1_377' title='bbox 1608 2633 1914 2674; x_wconf 84' lang='lat' dir='ltr'><strong>Coniunctivus</strong></span> <span class='ocrx_word' id='word_1_378' title='bbox 1937 2634 2020 2674; x_wconf 87' lang='lat' dir='ltr'><strong>de-</strong></span> 
     </span>
     <span class='ocr_line' id='line_1_62' title="bbox 1224 2688 2019 2743; baseline 0.003 -14"><span class='ocrx_word' id='word_1_379' title='bbox 1224 2688 1439 2729; x_wconf 86' lang='lat' dir='ltr'><strong>liberantis</strong></span> <span class='ocrx_word' id='word_1_380' title='bbox 1480 2694 1547 2730; x_wconf 86' lang='lat' dir='ltr'><strong>est</strong></span> <span class='ocrx_word' id='word_1_381' title='bbox 1581 2689 1635 2730; x_wconf 88' lang='lat' dir='ltr'><strong>de</strong></span> <span class='ocrx_word' id='word_1_382' title='bbox 1666 2702 1741 2740; x_wconf 91' lang='lat' dir='ltr'><strong>eo,</strong></span> <span class='ocrx_word' id='word_1_383' title='bbox 1781 2689 1894 2742; x_wconf 86' lang='lat' dir='ltr'><strong>quod</strong></span> <span class='ocrx_word' id='word_1_384' title='bbox 1938 2702 2019 2743; x_wconf 88' lang='lat' dir='ltr'><strong>pro</strong></span> 
     </span>
     <span class='ocr_line' id='line_1_63' title="bbox 1223 2744 2019 2797; baseline 0.006 -13"><span class='ocrx_word' id='word_1_385' title='bbox 1223 2746 1438 2797; x_wconf 84' lang='lat' dir='ltr'><strong>praesenti</strong></span> <span class='ocrx_word' id='word_1_386' title='bbox 1468 2757 1610 2786; x_wconf 86' lang='lat' dir='ltr'><strong>rerum</strong></span> <span class='ocrx_word' id='word_1_387' title='bbox 1654 2744 1896 2788; x_wconf 87' lang='lat' dir='ltr'><strong>conditione</strong></span> <span class='ocrx_word' id='word_1_388' title='bbox 1927 2746 2019 2789; x_wconf 86' lang='lat' dir='ltr'><strong>fieri</strong></span> 
     </span>
     <span class='ocr_line' id='line_1_64' title="bbox 1221 2798 2019 2858; baseline 0.006 -17"><span class='ocrx_word' id='word_1_389' title='bbox 1221 2800 1390 2842; x_wconf 81' lang='lat' dir='ltr'><strong>debeat.</strong></span> <span class='ocrx_word' id='word_1_390' title='bbox 1453 2801 1584 2844; x_wconf 84' lang='lat' dir='ltr'><strong>Quod</strong></span> <span class='ocrx_word' id='word_1_391' title='bbox 1616 2803 1653 2843; x_wconf 84' lang='lat' dir='ltr'><strong>si</strong></span> <span class='ocrx_word' id='word_1_392' title='bbox 1682 2798 1835 2845; x_wconf 83' lang='lat' dir='ltr'><strong>durare</strong></span> <span class='ocrx_word' id='word_1_393' title='bbox 1855 2805 2019 2858; x_wconf 83' lang='lat' dir='ltr'><strong>cogita-</strong></span> 
     </span>
     <span class='ocr_line' id='line_1_65' title="bbox 1219 2859 2018 2914; baseline 0.006 -16"><span class='ocrx_word' id='word_1_394' title='bbox 1219 2862 1303 2909; x_wconf 85' lang='lat' dir='ltr'><strong>tur,</strong></span> <span class='ocrx_word' id='word_1_395' title='bbox 1327 2859 1624 2900; x_wconf 73' lang='grc' dir='ltr'><strong>οοιιίιιιιοῑὶιιιε</strong></span> <span class='ocrx_word' id='word_1_396' title='bbox 1646 2862 1886 2914; x_wconf 82' lang='lat' dir='ltr'><strong>praesentis</strong></span> <span class='ocrx_word' id='word_1_397' title='bbox 1905 2868 2018 2903; x_wconf 89' lang='lat' dir='ltr'><strong>tem-</strong></span> 
     </span>
     <span class='ocr_line' id='line_1_66' title="bbox 1218 2916 2016 2969; baseline 0.005 -12"><span class='ocrx_word' id='word_1_398' title='bbox 1218 2916 1334 2969; x_wconf 87' lang='lat' dir='ltr'><strong>poris</strong></span> <span class='ocrx_word' id='word_1_399' title='bbox 1376 2917 1627 2967; x_wconf 80' lang='lat' dir='ltr'><strong>adhibetur3</strong></span> <span class='ocrx_word' id='word_1_400' title='bbox 1688 2918 1749 2958; x_wconf 85' lang='lat' dir='ltr'><strong>sin</strong></span> <span class='ocrx_word' id='word_1_401' title='bbox 1790 2919 1858 2960; x_wconf 87' lang='lat' dir='ltr'><strong>vel</strong></span> <span class='ocrx_word' id='word_1_402' title='bbox 1898 2918 2016 2961; x_wconf 88' lang='lat' dir='ltr'><strong>brevi</strong></span> 
     </span>
     <span class='ocr_line' id='line_1_67' title="bbox 1216 2974 2015 3031; baseline 0.005 -18"><span class='ocrx_word' id='word_1_403' title='bbox 1216 2974 1452 3015; x_wconf 81' lang='lat' dir='ltr'><strong>absolvitur</strong></span> <span class='ocrx_word' id='word_1_404' title='bbox 1470 2976 1534 3016; x_wconf 90' lang='lat' dir='ltr'><strong>vel</strong></span> <span class='ocrx_word' id='word_1_405' title='bbox 1557 2977 1691 3017; x_wconf 82' lang='lat' dir='ltr'><strong>semel</strong></span> <span class='ocrx_word' id='word_1_406' title='bbox 1719 2981 1883 3018; x_wconf 84' lang='lat' dir='ltr'><strong>tantum</strong></span> <span class='ocrx_word' id='word_1_407' title='bbox 1912 2990 2015 3031; x_wconf 88' lang='lat' dir='ltr'><strong>per-</strong></span> 
     </span>
     <span class='ocr_line' id='line_1_68' title="bbox 1215 3032 2014 3085; baseline 0.003 -13"><span class='ocrx_word' id='word_1_408' title='bbox 1215 3032 1382 3084; x_wconf 84' lang='lat' dir='ltr'><strong>agitur,</strong></span> <span class='ocrx_word' id='word_1_409' title='bbox 1414 3044 1524 3085; x_wconf 85' lang='lat' dir='ltr'><strong>opus</strong></span> <span class='ocrx_word' id='word_1_410' title='bbox 1555 3038 1622 3074; x_wconf 88' lang='lat' dir='ltr'><strong>est</strong></span> <span class='ocrx_word' id='word_1_411' title='bbox 1652 3033 1830 3078; x_wconf 72' lang='lat' dir='ltr'><strong>aon-isto.</strong></span> <span class='ocrx_word' id='word_1_412' title='bbox 1867 3047 1909 3078; x_wconf 85' lang='grc' dir='ltr'><strong><em>ν.</em></strong></span> <span class='ocrx_word' id='word_1_413' title='bbox 1941 3046 2014 3074; x_wconf 85' lang='lat' dir='ltr'><strong>su·</strong></span> 
     </span>
     <span class='ocr_line' id='line_1_69' title="bbox 1214 3089 2012 3144; baseline 0.003 -14"><span class='ocrx_word' id='word_1_414' title='bbox 1214 3103 1290 3144; x_wconf 87' lang='lat' dir='ltr'><strong>pra</strong></span> <span class='ocrx_word' id='word_1_415' title='bbox 1319 3089 1374 3130; x_wconf 86' lang='lat' dir='ltr'><strong>ad</strong></span> <span class='ocrx_word' id='word_1_416' title='bbox 1406 3103 1446 3143; x_wconf 93' lang='lat' dir='ltr'><strong>p.</strong></span> <span class='ocrx_word' id='word_1_417' title='bbox 1470 3089 1563 3133; x_wconf 76' lang='lat'><strong>194.</strong></span> <span class='ocrx_word' id='word_1_418' title='bbox 1594 3090 1645 3131; x_wconf 86' lang='grc' dir='ltr'><strong>Ι).</strong></span> <span class='ocrx_word' id='word_1_419' title='bbox 1681 3095 1725 3132; x_wconf 94' lang='lat' dir='ltr'><strong>et</strong></span> <span class='ocrx_word' id='word_1_420' title='bbox 1759 3090 1814 3131; x_wconf 89' lang='lat' dir='ltr'><strong>ad</strong></span> <span class='ocrx_word' id='word_1_421' title='bbox 1849 3090 2012 3144; x_wconf 79' lang='lat' dir='ltr'><strong>Euthy-</strong></span> 
     </span>
     <span class='ocr_line' id='line_1_70' title="bbox 1214 3147 2011 3202; baseline 0.001 -13"><span class='ocrx_word' id='word_1_422' title='bbox 1214 3147 1326 3189; x_wconf 88' lang='lat' dir='ltr'><strong>dem.</strong></span> <span class='ocrx_word' id='word_1_423' title='bbox 1360 3161 1403 3200; x_wconf 88' lang='lat' dir='ltr'><strong>p.</strong></span> <span class='ocrx_word' id='word_1_424' title='bbox 1438 3147 1545 3191; x_wconf 67' lang='lat'><strong>287..</strong></span> <span class='ocrx_word' id='word_1_425' title='bbox 1571 3148 1622 3190; x_wconf 88' lang='lat' dir='ltr'><strong>C.</strong></span> <span class='ocrx_word' id='word_1_426' title='bbox 1692 3148 2011 3202; x_wconf 87' lang='lat' dir='ltr'><strong>Loquutionem</strong></span> 
     </span>
     <span class='ocr_line' id='line_1_71' title="bbox 1210 3206 2010 3260; baseline 0.004 -14"><span class='ocrx_word' id='word_1_427' title='bbox 1210 3207 1413 3260; x_wconf 74' lang='grc' dir='ltr'><strong><em>χρῆσθαί</em></strong></span> <span class='ocrx_word' id='word_1_428' title='bbox 1458 3206 1546 3247; x_wconf 78' lang='grc' dir='ltr'><strong>τινί</strong></span> <span class='ocrx_word' id='word_1_429' title='bbox 1592 3222 1636 3246; x_wconf 81' lang='grc' dir='ltr'><strong>τι.</strong></span> <span class='ocrx_word' id='word_1_430' title='bbox 1692 3206 1897 3249; x_wconf 78' lang='lat' dir='ltr'><strong>illustravi</strong></span> <span class='ocrx_word' id='word_1_431' title='bbox 1953 3206 2010 3249; x_wconf 74' lang='lat' dir='ltr'><strong>ad</strong></span> 
     </span>
     <span class='ocr_line' id='line_1_72' title="bbox 1212 3263 1546 3306; baseline 0 -2"><span class='ocrx_word' id='word_1_432' title='bbox 1212 3264 1374 3304; x_wconf 78' lang='lat' dir='ltr'><strong>Criton.</strong></span> <span class='ocrx_word' id='word_1_433' title='bbox 1407 3276 1442 3304; x_wconf 94' lang='lat' dir='ltr'><strong>c</strong></span> <span class='ocrx_word' id='word_1_434' title='bbox 1474 3263 1546 3306; x_wconf 89' lang='lat' dir='ltr'><strong>lV.</strong></span> 
     </span>
    </p>

    <p class='ocr_par' dir='ltr' id='par_1_13' title="bbox 1210 3319 2005 3436">
     <span class='ocr_line' id='line_1_73' title="bbox 1268 3319 2005 3379; baseline 0.003 -18"><span class='ocrx_word' id='word_1_435' title='bbox 1268 3321 1381 3362; x_wconf 80' lang='grc' dir='ltr'><strong>Καὶ</strong></span> <span class='ocrx_word' id='word_1_436' title='bbox 1411 3319 1512 3363; x_wconf 81' lang='grc' dir='ltr'><strong>υπὸ</strong></span> <span class='ocrx_word' id='word_1_437' title='bbox 1546 3325 1637 3379; x_wconf 75' lang='grc' dir='ltr'><strong><em>μὲν</em></strong></span> <span class='ocrx_word' id='word_1_438' title='bbox 1668 3320 1729 3373; x_wconf 77' lang='grc' dir='ltr'><strong>δὴ</strong></span> <span class='ocrx_word' id='word_1_439' title='bbox 1764 3337 1804 3364; x_wconf 87' lang='grc' dir='ltr'><strong>τ.</strong></span> <span class='ocrx_word' id='word_1_440' title='bbox 1822 3319 1936 3364; x_wconf 70' lang='grc' dir='ltr'><strong><em>αὕλ.</em></strong></span> <span class='ocrx_word' id='word_1_441' title='bbox 1949 3347 2005 3354; x_wconf 85' lang='lat'>—</span> 
     </span>
     <span class='ocr_line' id='line_1_74' title="bbox 1210 3378 2002 3436; baseline 0.004 -17"><span class='ocrx_word' id='word_1_442' title='bbox 1210 3378 1314 3422; x_wconf 78' lang='grc' dir='ltr'><strong>υπὸ</strong></span> <span class='ocrx_word' id='word_1_443' title='bbox 1364 3382 1529 3421; x_wconf 78' lang='grc' dir='ltr'><strong><em>τοῦδε</em></strong></span> <span class='ocrx_word' id='word_1_444' title='bbox 1581 3385 1679 3421; x_wconf 81' lang='grc' dir='ltr'><strong>τοῦ</strong></span> <span class='ocrx_word' id='word_1_445' title='bbox 1717 3379 2002 3436; x_wconf 71' lang='grc' dir='ltr'><strong>Σατύρου]</strong></span> 
     </span>
    </p>
   </div>
   <div class='ocr_carea' id='block_1_13' title="bbox 2045 3012 2071 3026">
    <p class='ocr_par' dir='ltr' id='par_1_14' title="bbox 2045 3012 2071 3026">
     <span class='ocr_line' id='line_1_75' title="bbox 2045 3012 2071 3026; baseline 0 0"><span class='ocrx_word' id='word_1_446' title='bbox 2045 3012 2071 3026; x_wconf 57' lang='lat' dir='ltr'><strong>ol</strong></span> 
     </span>
    </p>
   </div>
  </div>
 </body>
</html>
