2158 3718
368 130 781 187 APOLOGIA
823 127 1221 184 SOCRATIS.
1298 127 1360 179 P.
1401 129 1485 179 37.
1524 126 1604 180 St.
1769 129 1867 178 155

166 278 232 348 δη
294 282 474 354 φυγῆς
531 296 856 346 τιμησοιιαις
913 277 1061 340 ἴσως
1099 273 1207 345 γὰο
1263 271 1337 328 ἄν
1386 296 1482 344 μοι
1529 271 1738 327 τούτου
1788 292 1868 325 τι-

163 364 414 436 μήσαιτε,
479 359 653 428 πολλὴ
698 358 838 430 μέντ’
889 357 962 414 ἄν
1005 382 1070 431 με
1117 362 1430 434 φιλοψυχία
1478 362 1624 429 ἔχοι,
1683 347 1722 408 ὦ
1770 352 1870 408 ἄν·

165 454 286 518 δρες
331 446 661 514 Ἀθηναῖοι,
715 450 766 499 εἰ
824 440 1002 507 οὕτως
1051 441 1350 542 (ἧλόγιστός
1405 448 1532 513 εὶιιι,
1609 437 1740 503 dign
1793 461 1867 511 μη

165 533 451 588 &wamma
507 532 860 600 λογίζεσθαι,
917 526 1006 583 ὅτι
1065 527 1220 598 ὑμεῖς
1278 531 1379 596 μὲν
1441 526 1597 588 ὄντες
1655 527 1879 578 πολῖταί

162 637 271 688 μου
297 615 409 686 οὐχ
441 613 550 670 οἶοί
593 635 650 669 τε
688 617 944 681 ὲ3ἐνεσθε
976 620 1208 682 ἐνεγκεῖν
1253 611 1354 676 τὰς
1400 609 1535 680 ἐμας
1579 604 1970 679 ὃιατριβάςΙ)

163 703 258 756 καὶ
309 698 443 762 τοὺς
493 699 726 766 λόγους,
766 695 895 751 ἀλλ’
957 694 1088 768 ὑμιν
1133 696 1439 794 βαρύτεραι
1486 692 1744 764 γε3όνασι
1786 695 1917 770 loq*

164 783 647 860 ἐπιφθονώτεραι,
712 779 845 846 ὥςτε
904 783 1106 848 ζητεῖτε
1157 781 1344 835 αὐτῶν
1385 783 1509 835 νυνὶ
1551 777 1850 847 ἀπαλλα3””
1819 800 1879 844 η-

165 891 276 934 ναι,
320 867 483 922 ἄλλοι
527 871 583 921 δὲ
627 863 739 938 ἄρα
785 863 966 929 αὐτὰς
1013 865 1225 921 υἴσουσι
1267 863 1487 937 ῥᾳδίως.

1051 946 1221 1013 καλὸς
1273 941 1376 1004 οὖν
1420 946 1493 1002 ἄν
1536 969 1635 1018 μοι
1678 945 1707 1001 ὁ
1756 949 1878 1015 βίος

347 944 372 968 7

166 957 272 1017 δεῖ,
335 975 374 1006 ω
423 949 622 1020 ἄνδρες
662 949 982 1015 Ἀθηναῖοι.

1559 864 1771 918 πολλοῦ
1818 884 1876 931 γε

168 1067 345 1102 ventum
374 1073 484 1100 esse.
543 1059 706 1099 Tenuit
734 1063 880 1098 tamen
909 1059 1230 1100 Bekkerus.

216 1148 218 1151 .
279 1117 328 1158 C.
373 1114 501 1168 ὅπερ
534 1116 634 1156 νῦν
666 1112 723 1169 δὴ
757 1114 971 1170 ἔλεγον]
1037 1118 1085 1158 V.
1120 1113 1172 1170 δὴ
1201 1114 1302 1161 νῦν,
1332 1113 1485 1154 invitis
1519 1115 1645 1156 codd.
1679 1122 1722 1156 et
1752 1130 1878 1169 prae-

164 1182 231 1216 ter
261 1180 425 1215 rectam
454 1175 687 1214 rationem.
747 1173 922 1214 Deinde
966 1168 1468 1226 Βοᾰ1,φ.τιμήσωμαι,
1513 1173 1630 1223 quod
1664 1174 1880 1215 Turicen-

166 1246 235 1275 ses
267 1233 516 1274 ediderunt.
550 1231 667 1271 conf.
701 1244 743 1283 p.
774 1230 846 1274 36.
884 1231 933 1272 B.

165 1347 472 1398 macherun,
520 1346 833 1395 Bekkerus‚
880 1347 970 1390 alii.

166 1404 266 1446 Mihi
299 1417 383 1445 non
416 1404 527 1445 male
559 1403 730 1444 retineri
756 1403 972 1456 videntur,

162 1475 295 1515 quum
335 1463 505 1515 gravius
550 1461 795 1514 significent
835 1463 977 1503 moie-

165 1526 279 1561 stam
317 1525 364 1560 et
395 1521 572 1560 invisam
609 1519 710 1559 talis
729 1520 842 1559 vitae
871 1532 975 1559 con-

165 1577 390 1619 ditionem.
457 1575 649 1623 Accedit
693 1575 809 1629 quod
851 1579 975 1619 Plato

165 1635 264 1676 talin
306 1634 598 1676 additamenta
644 1646 727 1674 non
767 1647 974 1685 asperna-

164 1700 249 1746 tur,
280 1698 328 1733 ut
359 1691 628 1734 ostendimus
660 1691 712 1731 nd
747 1705 788 1746 p.
822 1691 894 1734 23.
920 1694 974 1733 Ε.

163 1750 235 1791 De
266 1745 404 1801 ἆεὶ,ἱ,
435 1763 473 1791 e.
505 1745 730 1801 ἑκάστοτε,
777 1764 814 1792 ν.
848 1749 902 1790 ad
937 1764 976 1804 p.

164 1808 235 1851 25.
269 1808 319 1849 C.
364 1812 408 1848 et
439 1807 564 1858 Reip.
604 1807 656 1848 ΙΙ.
730 1807 881 1852 ,360
929 1812 975 1852 x.

166 1865 340 1919 Quippe
371 1864 649 1905 uudeciniviri
683 1877 867 1906 annuum
891 1878 975 1906 mn-

167 1923 397 1976 gistratum
429 1922 653 1974 gerebant.

224 1981 310 2020 και
343 1977 632 2030 δεδέσθαι,
669 1977 766 2020 ἕως
807 1975 870 2020 ἂν
900 1978 977 2020 ἐκ·

166 2036 340 2091 τισω,·]
394 2035 640 2084 Δεδέσθαι,
689 2038 742 2078 ἰη
795 2038 976 2079 viucu-

165 2097 233 2137 lis
264 2095 511 2150 publicis
554 2107 703 2137 esse.
765 2095 972 2135 Ceterum

165 2154 232 2194 vei
289 2166 343 2195 ex
397 2152 479 2193 hoc
529 2154 624 2193 ioco
676 2152 973 2204 intelligimus,

166 2223 298 2263 saepe
337 2211 397 2250 ita
441 2209 600 2250 factum
644 2222 768 2260 esse,
818 2215 864 2250 ut
903 2209 973 2260 qui

167 2267 348 2321 pecunia
370 2268 533 2308 multati
557 2272 718 2318 essent,
752 2279 836 2308 non
859 2267 975 2320 prius

166 2339 191 2366 e
232 2323 435 2365 custodia
483 2324 808 2373 emitterentur,
848 2337 973 2376 (piam

166 2383 387 2437 pecuniam
419 2382 663 2424 solvissent.
690 2382 820 2422 Dein
836 2380 974 2424 osth.

167 2454 204 2481 c.
235 2435 425 2481 Timocr.
457 2453 496 2491 p.
532 2438 629 2482 721.
662 2439 706 2481 1:
744 2436 820 2478 ἐὰν
842 2435 975 2506 α’ργυ-

166 2498 265 2550 ρίου
309 2495 493 2549 τιμηθῇ,
548 2494 766 2545 δεδέσθαι,
807 2497 889 2537 ἕως
925 2492 978 2537 ἄν

165 2553 322 2606 ἐκτίσῃ,
367 2554 488 2597 Adv.
534 2554 639 2598 Mid.
672 2568 712 2607 p.
753 2555 852 2599 529.
890 2555 975 2605 26,

166 2625 278 2665 quos
338 2613 470 2653 iocos
530 2611 614 2653 iam
677 2612 977 2654 Forsterus

166 2669 366 2711 iaudavit.
404 2684 445 2711 v.
487 2669 729 2722 interprett.
775 2671 828 2711 ad
864 2670 976 2723 Nep.

165 2725 347 2771 Miiuad.
380 2727 419 2771 7.
444 2733 488 2768 et
507 2727 674 2768 Cimon.
714 2728 755 2770 1.
791 2728 979 2770 Meier

167 2790 211 2826 et
247 2783 613 2826 Schoemann.
650 2798 690 2833 p.
723 2784 808 2829 743
845 2797 939 2838 sqq.

224 2841 275 2882 εἰ
318 2838 426 2883 οὔτ
437 2853 504 2882 ως
566 2837 858 2896 ἀλόγιστόε
911 2842 978 2883 εἰ·

166 2903 247 2950 μι]
283 2901 352 2940 De
385 2899 465 2940 hoc
496 2898 722 2940 indicativi
753 2913 831 2941 usu
856 2913 895 2940 v.
922 2901 977 2941 ad

167 2970 262 3010 cap.
309 2957 414 3000 XII.
458 2962 567 2998 extr.
603 2980 659 2987 —-
711 2958 812 2999 Mox
843 2959 979 3011 ζητεῖν

168 3019 237 3056 est
268 3017 434 3061 velle,
472 3025 701 3066 cupere3
731 3027 769 3058 v
803 3016 976 3057 Heus-

169 3071 244 3113 dii
276 3072 467 3126 Speciui.
502 3072 598 3113 crit.
631 3085 670 3123 p
706 3072 791 3116 104
822 3086 887 3126 sq.

224 3129 283 3170 D.
315 3127 461 3170 ailoe
487 3126 547 3168 δὲ
573 3125 698 3182 ἄρα]
730 3131 825 3172 aiii
848 3143 974 3172 vero

169 3187 394 3229 scilicet
459 3186 772 3240 patientum
834 3187 872 3228 ii.
935 3202 972 3228 e.

169 3257 255 3286 non
275 3250 343 3287 est
365 3249 722 3294 cousentaneum,
755 3245 872 3298 ipsos
893 3245 974 3286 hoc

169 3301 359 3343 facturos
390 3315 504 3343 esse.
551 3300 620 3342 De
651 3299 725 3356 ,his
763 3303 844 3344 iam
878 3317 974 3346 mo-

170 3360 242 3400 nui
280 3360 434 3413 aliquid
475 3359 528 3401 ad
580 3370 669 3413 cap.
714 3357 872 3404 xxm.
923 3361 972 3402 C.

1066 1348 1272 1389 Ceterum
1322 1344 1426 1386 haee
1475 1345 1604 1386 verba
1657 1357 1739 1385 non
1786 1360 1878 1386 am-

1067 1407 1180 1459 plius
1215 1403 1406 1456 pendent
1439 1417 1461 1444 e
1488 1401 1765 1456 praecedeuti
1800 1401 1879 1455 ὅτι,

1063 1463 1141 1505 sed
1192 1461 1336 1504 addita
1386 1466 1510 1514 sunt,
1567 1462 1686 1512 quasi
1734 1461 1875 1503 deuiio

1062 1521 1260 1562 ordiatur
1293 1521 1449 1570 oratio.
1510 1520 1735 1562 Sententia
1769 1519 1877 1560 haec

1062 1585 1148 1620 est:
1221 1577 1346 1618 vaide
1427 1576 1647 1632 cupiditas
1706 1577 1876 1618 vivendi

1062 1642 1250 1678 mentem
1274 1635 1373 1676 mihi
1401 1636 1721 1687 occoecaverit‚
1747 1633 1877 1688 sifnou

1060 1694 1219 1747 possim
1282 1692 1549 1745 inteiiigere,
1598 1706 1727 1745 quum
1782 1706 1876 1746 vos,

1067 1753 1169 1793 licet
1201 1751 1317 1792 cives
1346 1752 1447 1804 mei,
1480 1765 1616 1793 meam
1642 1756 1876 1792 cousuetu-

1066 1809 1208 1849 dinem
1245 1809 1356 1851 ferre
1389 1822 1470 1850 nou
1501 1809 1751 1863 potueritis,
1797 1822 1877 1849 nec

1065 1867 1250 1907 futurum
1284 1880 1398 1917 esse,
1434 1875 1480 1907 ut
1512 1867 1646 1908 exteri
1683 1880 1774 1907 eam
1810 1867 1876 1907 fa-

1064 1925 1145 1966 cile
1176 1925 1330 1965 ferant.
1379 1925 1524 1977 ltaque
1558 1938 1643 1965 non
1675 1929 1767 1973 est,
1801 1937 1877 1965 cur

1064 1983 1160 2035 quis
1193 1994 1291 2024 cum
1311 1982 1350 2024 J.
1378 1982 1489 2023 Jac.
1531 1981 1874 2034 Hottin'gero

1064 2041 1260 2080 voculam
1301 2037 1356 2092 μὴ
1399 2045 1498 2080 ante
1545 2037 1765 2080 δύνασθαι
1797 2040 1875 2082 de·-

1063 2097 1230 2137 tendam
1263 2098 1508 2139 arbitretur.
1570 2097 1682 2138 Nam
1719 2099 1871 2140 verba:

1060 2151 1178 2194 ἄλλοι
1212 2152 1257 2194 δὲ
1287 2151 1371 2206 ἄρα
1401 2178 1456 2184 —-
1488 2150 1675 2209 &obimus
1709 2157 1872 2198 ironice

1061 2210 1308 2263 accipienda
1341 2225 1439 2253 esse
1479 2214 1625 2265 iiquet.

1120 2265 1281 2309 καλὸς
1313 2262 1412 2309 οὖν
1443 2266 1503 2309 ἄν
1544 2284 1640 2320 μοι
1680 2266 1704 2311 ὁ
1744 2271 1875 2323 βίος

1061 2327 1144 2380 εἴη
1167 2327 1365 2381 -ζῆν]
1404 2327 1522 2368 Haec
1555 2329 1717 2370 ironice
1748 2330 1872 2371 intei-

1062 2383 1229 2437 iigendn
1272 2398 1368 2424 esse
1409 2398 1536 2426 nemo
1579 2399 1661 2427 non
1703 2388 1872 2429 sentiet.

1061 2442 1133 2482 De
1155 2441 1643 2496 ρτοκὶηιὶε,ἐξὲρχεσθαι,
1667 2458 1749 2485 non
1765 2444 1873 2497 φεύ-

1062 2513 1175 2552 γειν,
1209 2499 1313 2548 dici,
1348 2502 1420 2552 qui
1453 2502 1494 2541 in
1527 2503 1721 2544 exsilium
1755 2508 1872 2555 eant,

1063 2558 1171 2598 scita
1213 2562 1282 2598 est
1311 2555 1567 2600 Fischeri
1607 2561 1872 2614 observatio,

1063 2615 1134 2667 qui
1185 2615 1331 2655 iaudat
1371 2615 1673 2659 Meursium
1713 2618 1870 2663 Them.

1070 2673 1199 2715 Atii-c.
1235 2671 1367 2716 1,16.
1409 2673 1580 2715 Eodem
1615 2675 1749 2716 modo
1782 2682 1870 2717 sta-

1066 2730 1139 2771 tim
1185 2735 1284 2783 post
1321 2744 1364 2782 p.
1406 2731 1476 2776 37.
1526 2732 1581 2772 Ε.
1622 2738 1666 2774 et
1706 2733 1869 2777 Criton.

1065 2787 1392 2831 n...45B54
1438 2788 1487 2832 C.
1531 2788 1873 2862 {ih—&Mum

1064 2844 1120 2895 ἐξ
1139 2842 1298 2898 anns
1317 2843 1474 2887 πολιν
1494 2845 1870 2901 πολεωςαμει

1062 2903 1284 2955 βεσθαι
1315 2910 1381 2946 est
1412 2906 1581 2947 aliam
1616 2919 1727 2949 cum
1769 2909 1870 2950 auia

1063 2961 1144 3001 civ
1164 2962 1307 3003 itate
1382 2967 1724 3015 permutare,
1809 2978 1870 3006 ex

1060 3019 1172 3059 alia
1241 3019 1285 3059 iu
1354 3021 1516 3062 aliam
1579 3022 1872 3064 civitatem

1063 3077 1199 3128 migr
1213 3089 1265 3117 as
1279 3089 1319 3119 e.
1349 3079 1511 3119 Aecus.
1546 3077 1697 3128 πόλιν,
1739 3082 1867 3133 vulgo

1061 3134 1288 3182 omissum,
1337 3147 1419 3176 nou
1453 3135 1740 3178 dubitavimus
1771 3149 1864 3178 cum

1063 3190 1312 3232 Bekkero
1357 3205 1409 3233 ex
1443 3206 1528 3234 uno
1561 3192 1712 3235 codice
1744 3207 1865 3236 revo-

1059 3260 1170 3288 care.
1231 3249 1304 3290 Sic
1346 3249 1459 3290 Tim.
1498 3265 1539 3302 p.
1579 3250 1649 3294 34.
1688 3251 1744 3293 Β·
1799 3252 1867 3292 καὶ

1060 3301 1163 3344 ὅλον
1201 3308 1269 3347 καὶ
1310 3306 1451 3348 τέλεον
1497 3306 1543 3348 ἐκ
1582 3305 1738 3349 τελέων
1798 3310 1866 3348 καὶ

1059 3358 1172 3404 ὅλων
1215 3363 1422 3415 σωμάτων
1470 3366 1589 3417 σῶμα
1650 3364 1862 3419 ἐποιησεν.
