2158 3718
574 155 1088 222 SYMPQSm-M.
1128 166 1182 222 p.
1215 158 1327 206 223—
1358 158 1436 210 St.
1467 169 1471 172 ’
1745 161 1866 220 ⁸2⁰3,

165 300 564 379 Ἀριστοφάνη
579 304 672 356 καὶ
704 298 987 372 Σωκράτη
1026 306 1110 356 ἔτι
1142 299 1351 372 μόνους
1379 307 1731 375 ὲῑρηγορέναι
1757 307 1850 359 καὶ

169 391 344 444 πίνειν
387 394 444 442 ὲκ
488 384 695 462 φιαλης
718 384 960 487 μεγάλης
979 387 1069 441 ἐπὶ
1095 383 1260 452 δεξια.
1303 384 1405 440 τὸν
1425 407 1535 442 ουν
1563 386 1849 459 Σωκράτη

169 470 364 536 αὐτοῖς
404 473 780 539 διαλέγεσθαι.
822 472 915 524 καὶ
959 465 1029 524 τὰ
1073 472 1175 540 μὲν
1200 466 1349 525 ἄλλα
1388 467 1417 525 ὃ
1457 467 1851 544 Ἀριστόδημος

159 547 271 612 ὀὐκ
308 558 420 629 ἔφη
460 557 785 625 μεμνῆσθαι
826 556 937 608 τῶν
985 551 1196 623 λόγων·
1255 549 1382 610 οὔτε
1427 551 1536 627 γὰρ
1578 555 1635 622 ἐξ
1675 554 1851 626 ἀρχῆς

171 642 591 713 παραγενέσθαι
617 635 1017 705 ὑπονυστάζειν
1058 634 1258 692 τε·τό
1300 643 1490 709 μέντοι
1520 637 1841 714 κεφάλαιον,

169 724 300 800 ἔφη,
343 719 814 822 προςαναγκαζειν
855 719 957 777 τὸν
988 718 1269 794 Σωκράτη
1289 720 1520 804 ὀμολο)
1524 732 1603 778 εῖν
1646 721 1853 790 αὐτοὺς

169 809 270 863 τοῦ
331 805 510 864 αὐτοῦ
568 802 776 878 ἀνδρὸς
834 803 973 862 εἶναι
1043 807 1335 877 κωμῳδίαν
1390 810 1483 861 καὶ
1538 811 1851 881 τραγῳδίαν

170 895 514 947 ἐπίστασθαι
556 900 749 956 ποιεῖν,
791 893 884 946 καὶ
927 886 1028 946 τὸν
1057 894 1222 966 τέχνη
1256 889 1725 962 τραγῳδοποιόν’
1710 888 1850 948 όντα

170 970 569 1080 κωμῳδοποιὸν
612 971 770 1031 εἶναι.
813 977 994 1030 ταῦτα
1036 971 1103 1041 δὴ
1143 971 1620 1079 ἀναγκαζομένους
1647 973 1854 1043 αὐτοὺς

169 1062 263 1115 καὶ
305 1058 372 1115 οὐ
417 1057 637 1133 σφόδρα
679 1063 981 1128 ἑπομένους
1003 1055 1306 1125 νυστάζειν,
1349 1062 1444 1114 καὶ
1485 1062 1708 1132 πρῶτον
1750 1064 1852 1144 μὲν

168 1146 558 1219 καταδαρθεῖν
599 1139 700 1198 τὸν
737 1140 1130 1216 Ἀριστοφάνη,
1173 1141 1279 1212 ηδη
1321 1142 1377 1198 δὲ
1421 1140 1628 1217 ημέρας
1668 1165 1853 1213 γιγνο-

167 1234 334 1299 μένης
368 1223 468 1282 τὸν
511 1223 832 1296 Ἀγαθωνα.
878 1223 980 1282 τὸν
1024 1217 1127 1281 οὗν
1169 1225 1468 1298 Σωκράτη,
1510 1227 1849 1301 κατακοιμή-

170 1389 297 1434 Bodl.
325 1386 490 1431 Vnt-A.
515 1388 637 1433 Vind.
659 1387 700 1432 2.
731 1388 833 1431 Par.
856 1389 1007 1432 DEK.
1032 1388 1140 1443 Ang.
1155 1402 1197 1432 u.
1211 1403 1263 1436 w
1296 1390 1392 1431 Vat.
1405 1403 1446 1433 n.
1459 1405 1492 1431 s.
1504 1395 1534 1434 t.
1591 1391 1728 1434 lidem
1758 1392 1850 1435 fere

167 1463 224 1489 κω
226 1445 506 1502 μῳδιοποιόν.
567 1445 678 1488 Vide
706 1458 816 1499 quae
847 1447 900 1498 de
926 1447 991 1489 his
1020 1447 1171 1489 formis
1201 1446 1387 1490 diximus
1405 1447 1458 1489 ad
1479 1448 1607 1503 Reip.
1628 1452 1722 1504 Xp
1727 1451 1848 1496 .597.

167 1505 224 1548 Ε.
226 1464 377 1559 μ.ΑροΙ
408 1517 450 1558 p.
471 1503 536 1548 18.
568 1505 620 1546 D.
654 1503 877 1546 Phaedon.
907 1518 950 1558 p.
974 1505 1043 1549 70.
1070 1505 1122 1550 Β.
1153 1503 1220 1546 ed.
1258 1504 1298 1548 2
1337 1507 1432 1546 coll.
1457 1463 1691 1560 Moerpidw
1696 1464 1846 1557 .Ρ.24Ο,

167 1563 240 1616 qui
271 1567 491 1615 receptam
523 1562 751 1614 lectionem
783 1562 970 1603 Atticam
1014 1575 1112 1604 esse
1151 1566 1351 1604 testatur.
1387 1561 1674 1605 Schneiderus
1704 1570 1847 1607 tamen

169 1619 222 1662 ad
254 1620 414 1673 Remp.
442 1618 497 1661 Χ
539 1632 581 1672 p.
614 1617 712 1664 606.
749 1617 799 1659 C.
844 1618 1063 1660 codicibus
1098 1619 1257 1672 ubique
1296 1620 1619 1673 obsequendum
1663 1621 1848 1676 ideoque

168 1676 342 1719 Platoni
373 1682 619 1730 utramque
640 1676 820 1717 formam
857 1675 1178 1730 impertiendam
1223 1676 1396 1727 statuit,
1439 1689 1524 1718 non
1566 1678 1846 1722 dissentiente

172 1734 267 1775 Car.
300 1732 372 1774 Fr.
404 1733 671 1775 Hermanno.
732 1733 790 1774 Et
818 1745 920 1774 sane
950 1733 1102 1775 mirum
1143 1737 1233 1784 est,
1271 1733 1388 1786 quod
1427 1735 1630 1777 meliores
1671 1736 1844 1779 codices

170 1793 351 1833 alteram
382 1791 567 1834 formam
599 1803 683 1832 non
711 1791 857 1844 paucis
888 1791 993 1832 locis
1021 1795 1209 1832 tuentur.

280 1847 370 1888 καὶ
405 1853 619 1900 πρῶτον
656 1848 779 1901 μέν]
819 1846 1031 1901 πρότερον
1062 1848 1194 1891 Coisl.
1227 1848 1327 1889 Par.
1357 1847 1459 1889 EF.
1488 1848 1630 1889 Ambr.
1667 1849 1776 1903 Ang-
1805 1862 1847 1891 u.

172 1906 264 1948 Vat
275 1918 318 1948 ιι.
332 1909 406 1947 r..t
422 1905 537 1947 Flor.
555 1905 737 1948 a.b.c.1.
750 1917 789 1948 n.
820 1917 904 1946 non
936 1906 1060 1946 male.

282 1960 753 2017 κατακοιμήσαντ’
797 1962 1067 2017 ἐκείνους]
1111 1962 1187 2003 Sic
1225 1963 1357 2004 Coisl.
1403 1962 1505 2004 Ven.
1533 1963 1581 2004 Ξ.
1619 1963 1720 2005 Par.
1746 1964 1846 2006 EF.

170 2023 278 2074 Ang-
291 2031 333 2063 u.
358 2020 452 2068 Vnt.
465 2034 502 2062 a.
517 2033 552 2061 c.
567 2032 606 2063 ιι.
620 2024 650 2061 t.
669 2019 834 2061 Flor.a.
850 2020 1032 2064 b.c.1.n.
1066 2023 1111 2063 et
1140 2033 1165 2060 a
1195 2033 1259 2074 pr.
1292 2033 1348 2064 m.
1381 2020 1480 2061 Vat.
1501 2033 1536 2061 s.
1598 2020 1736 2075 Vulgo
1770 2037 1847 2061 ›m-

164 2077 458 2133 τακοιμίσαντ’
465 2106 477 2117 .

170 2191 241 2235 48.
274 2192 336 2233 Dt
377 2191 462 2231 ἔστι
502 2188 553 2242 δὴ
585 2191 766 2245 πονηρία
794 2192 871 2244 μέν
900 2207 965 2239 τις

171 2249 219 2290 τὸ
231 2246 490 2320 νκεφάλαιον.
517 2247 753 2304 Euthyphr
780 2262 821 2302 p.
835 2248 877 2292 8.
899 2248 961 2291 Et

172 2311 302 2347 τοῦτο
341 2309 416 2375 μὲν
451 2304 614 2356 αληθὲς
658 2307 794 2357 λέγεις
827 2328 877 2336 -
909 2304 963 2346 τό

168 2379 215 2422 γε
246 2360 489 2417 κεφάλαιον.
510 2386 565 2393 -
590 2361 841 2416 ἀναγκάζειν
870 2362 961 2404 τινὰ

171 2420 283 2475 apud
309 2421 531 2462 Platonem
564 2433 872 2473 saepenumero
898 2425 967 2461 est

173 2476 599 2532 argumentando
673 2478 760 2518 al
749 2491 759 2518 ι
780 2491 804 2530 q
828 2491 854 2518 u
878 2490 901 2518 e
922 2491 964 2518 m

170 2548 405 2589 cogere,
438 2539 494 2575 ut
526 2533 740 2587 aliquid
770 2547 966 2576 conce-

171 2594 285 2643 dat,
324 2596 372 2632 ut
401 2592 540 2645 Gorg.
568 2606 611 2646 p.
640 2591 738 2636 472.
769 2591 849 2645 Β.,
891 2591 966 2633 ubi

171 2664 213 2691 v.
244 2648 534 2692 Heindorf.

229 2711 328 2747 τοῦ
359 2705 531 2747 αὐτοῦ
561 2702 762 2759 ἀνδρός
792 2703 964 2758 εἶναι]

172 2765 317 2808 Quum
376 2768 556 2816 uterque
615 2768 742 2816 poeta
802 2762 968 2804 dicatur

173 2821 276 2864 lianc
309 2822 561 2862 sententiam
595 2819 788 2861 Socratis
827 2820 968 2873 impu·-

172 2891 352 2931 gnasse,
396 2879 462 2918 vel
501 2890 552 2918 ex
591 2876 672 2918 hoc
714 2878 810 2918 loco
849 2877 970 2917 colli-

172 2948 250 2986 gas
273 2946 440 2974 errasse
471 2946 563 2984 eos,
595 2933 665 2984 qui
697 2946 750 2974 ex
782 2933 966 2974 Scliol.

174 2989 390 3044 Aristopli.
409 2990 519 3032 Rau.
539 3002 579 3030 v.
595 2988 666 3032 84.
698 2989 967 3042 Aga'thonem

172 3060 255 3089 non
287 3049 426 3088 solum
449 3045 708 3099 tragoediae,
743 3046 817 3087 sed
841 3047 969 3087 etiam

176 3104 422 3146 comoedias
474 3103 696 3157 scripsisse
744 3105 970 3144 concluse-

175 3168 285 3204 runt
354 3161 419 3202 De
463 3173 548 3213 qua
587 3173 635 3201 re
670 3172 831 3213 operae
866 3173 967 3213 pre-

174 3221 280 3260 tium
313 3223 381 3259 est
422 3219 563 3270 legere
595 3216 838 3258 Bentleii
880 3216 969 3258 dis-

174 3276 441 3330 putationem
475 3275 515 3315 in
543 3274 702 3327 Opusc.
735 3273 891 3314 Philol.
925 3288 966 3327 p.

175 3333 275 3377 (513.
336 3332 531 3373 Platonis
562 3331 696 3384 ipsius
726 3330 780 3372 de
810 3329 891 3371 hac
922 3344 969 3374 re

176 3391 425 3437 sententiam
469 3401 707 3441 cognoscas
762 3388 825 3430 Dc
856 3388 967 3444 Rep.

1046 2191 1121 2237 111.
1151 2205 1191 2245 p.
1225 2189 1324 2235 395.
1358 2191 1405 2231 A.
1437 2189 1510 2231 ubi
1540 2192 1750 2233 neminem
1785 2193 1845 2234 ait

1049 2249 1174 2290 simul
1214 2252 1258 2289 et
1299 2248 1511 2290 comicum
1554 2254 1598 2289 et
1634 2250 1842 2302 tragicum

1049 2319 1146 2347 esse
1184 2318 1329 2358 posse.
1390 2305 1592 2346 Ceterum
1637 2306 1727 2360 ipsa
1758 2307 1844 2349 Le—

1047 2375 1156 2404 naea
1185 2362 1294 2404 haud
1325 2361 1453 2403 dubie
1485 2363 1747 2416 effecerunt,
1796 2370 1845 2405 ut

1048 2420 1160 2461 inter
1202 2421 1355 2473 pocula
1391 2419 1447 2461 de
1485 2418 1548 2474 liis
1580 2421 1709 2461 rebus
1740 2434 1844 2462 con-

1049 2476 1354 2518 fabularentur.

1107 2538 1285 2575 ταῦτα
1317 2532 1374 2586 δὴ
1410 2531 1602 2588 nivaria]
1626 2535 1689 2576 De
1711 2536 1845 2577 verbo

1048 2589 1298 2645 ἀναγκάζειν
1330 2604 1424 2632 cum
1448 2591 1606 2644 duplici
1638 2594 1848 2634 accusati-

1053 2662 1131 2700 vo,
1164 2650 1304 2690 altero
1335 2661 1568 2702 personae,
1600 2651 1736 2690 altero
1765 2651 1846 2701 rei,

1052 2706 1240 2747 construi
1302 2707 1428 2747 solito
1482 2719 1520 2748 V.
1576 2706 1846 2749 Matthiae

1052 2763 1087 2816 §.
1118 2763 1216 2807 419.
1276 2764 1416 2815 Atque
1442 2763 1500 2803 ita
1533 2762 1686 2805 Latine
1717 2766 1845 2806 etiam

1054 2821 1206 2862 dicitur
1259 2821 1467 2873 aliquis
1513 2821 1721 2873 aliquid
1762 2835 1845 2863 co-

1052 2879 1125 2931 gi,
1166 2878 1221 2919 de
1259 2890 1342 2930 qua
1381 2883 1599 2918 structura
1645 2891 1682 2919 v.
1713 2879 1846 2919 Gro-

1052 2947 1166 2978 nov·
1187 2934 1240 2976 ad
1262 2935 1438 2978 Liv.1V.
1460 2933 1596 2978 26.—
1628 2934 1688 2974 ου’
1722 2933 1846 2987 σφό-

1051 2993 1153 3043 δρα
1183 2993 1497 3045 ἑπομένους,
1529 2992 1734 3032 minime
1765 3005 1845 3031 ar-

1052 3052 1518 3102 gumentationem
1540 3053 1721 3088 mente
1751 3062 1843 3088 sna

1053 3106 1341 3159 capientes
1378 3120 1412 3147 s.
1459 3119 1479 3144 s
1503 3118 1565 3156 eq
1588 3117 1614 3144 u
1638 3118 1661 3144 e
1683 3117 1707 3144 n
1731 3110 1748 3145 t
1768 3119 1790 3146 e
1810 3119 1846 3146 s,

1051 3161 1190 3204 Erant
1227 3164 1337 3205 enim
1377 3163 1473 3203 vino
1515 3161 1715 3211 languidi.
1776 3162 1843 3202 Ad

1051 3220 1282 3275 ἑπομένους
1331 3218 1505 3270 intelligi
1557 3222 1705 3270 potest
1755 3223 1846 3265 τοῖς

1053 3277 1310 3335 λεγομένοις.
1328 3274 1617 3329 Eutliyphron.
1641 3288 1680 3327 p.
1700 3273 1764 3318 12.
1784 3278 1842 3317 A:

1052 3334 1134 3388 ουχ
1164 3334 1270 3389 ἕπομ
1276 3349 1320 3372 αι
1340 3332 1702 3386 τοῖς).εγομείοις-
1735 3333 1840 3376 ibid.

1052 3391 1112 3432 C:
1147 3390 1234 3432 ἕπει
1265 3389 1346 3445 γάρ
1378 3404 1460 3430 ποι
1492 3403 1554 3442 γε.
