2158 3718
4 0 10 17 ι
84 0 212 34 micavit
223 7 232 27 ι,

183 378 370 447 Οέφη,
410 378 614 447 λέγεις,
655 376 683 431 ὁ
723 381 988 448 Σιμμίας·

222 120 342 203 ¹190

232 0 674 39 mrtms¹¹³1÷zsse¹⁶¹frww
684 0 710 35 «1¹,
709 0 857 34 W'JW
857 0 937 35 quwr
937 0 1106 34 wrm-1
1106 0 1190 42 ‘5¹⁷5
1192 0 1294 35 ³⁵¹*-
1296 0 1353 33 Γ’
1359 0 1529 44 ww

947 153 1266 198 PLATONIS

237 294 432 361 λησθε,
469 292 572 355 ἕως
609 292 680 346 ἂν
713 291 1025 363 Ἀθηναίων
1066 295 1235 348 ἐῶσιν
1272 292 1474 364 ἄνδρες
1509 295 1726 352 ἕνδεκα.

1779 298 1997 366 Καλῶς,

1047 380 1142 431 καὶ
1181 379 1292 448 ἐγώ
1327 379 1391 432 τέ
1431 395 1520 434 σοι
1568 381 1679 451 ἐρῶ
1718 377 1750 433 ὃ
1785 378 1998 452 ἀπορῶ,

235 463 328 515 καὶ
374 455 449 515 αὖ
494 461 619 532 ὅδε,
666 454 705 533 ᾗ
749 460 854 517 οὐκ
901 462 1228 533 ἀποδέχεται
1272 461 1339 518 τὰ
1377 465 1654 536 εἰρημένα.
1733 466 1855 536 ἐμοὶ
1889 462 1998 535 γὰρ

235 539 408 616 δοκεῖ,
448 540 494 601 03
532 548 857 617 Σώκρατες,
895 548 1024 618 περὶ
1059 551 1173 602 τῶν
1209 549 1482 604 τοιούτων
1520 555 1653 614 ἴσως
1690 548 1870 621 ὥςπερ
1906 550 2001 604 καὶ

236 634 352 702 σοι’,
401 630 463 686 τὸ
511 633 615 702 μὲν
662 633 838 702 σαφὲς
882 632 1090 686 εἰδέναι
1138 633 1201 686 ἐν
1246 637 1323 705 τῷ
1359 637 1468 688 νῦν
1505 626 1608 707 βίῳ
1645 635 1681 706 ἢ
1718 633 2001 689 ἀδύνατον

236 714 379 771 εἶναι
425 715 460 787 ἢ
498 717 857 787 παγχάλεπόν
893 738 975 787 τι,
1022 716 1084 771 τὸ
1122 718 1311 788 μέντοι
1347 712 1422 772 αὖ
1457 717 1524 773 τὰ
1562 721 1836 791 λεγόμενα
1872 720 2001 792 περὶ

235 801 422 855 αὐτῶν
458 801 531 872 μὴ
570 801 695 872 οὐχὶ
732 804 899 856 παντὶ
935 802 1122 873 τρόπῳ
1163 805 1409 873 ἐλέγχειν
1434 806 1527 858 καὶ
1551 804 1624 875 μὴ
1651 809 1999 876 προαφίστα-

234 893 396 957 σθαι,
446 887 582 958 πρὶν
619 886 690 941 ἂν
726 892 979 959 πανταχῇ
1018 892 1246 942 σκοπῶν
1284 879 1488 960 ἀπείπῃ
1525 910 1633 959 τις,
1671 891 1823 944 πάνυ
1859 895 1997 961 μαλ·

476 1036 498 1056 ‘n
553 1040 566 1058 ³

347 1042 445 1096 ε’ως
468 1061 535 1088 αν
563 1047 877 1101 Αθηναίων
898 1042 1087 1103 ἐῶσιν]
1114 1049 1226 1090 Vett.
1251 1050 1367 1090 editt.
1386 1045 1470 1098 ἕως
1488 1042 1949 1106 ’Aevvam—&2169
1954 1064 2000 1100 ες

233 1099 422 1147 ε’νὸεκα.
464 1105 596 1153 Quam
626 1106 845 1145 lectionem
875 1106 997 1147 codd.
1020 1107 1077 1146 ita
1098 1105 1279 1159 firmant,
1303 1114 1348 1147 ut
1370 1107 1495 1150 Coisl.
1517 1109 1613 1148 Vat.
1638 1109 1763 1151 Vind.
1787 1109 1826 1150 Φ
1847 1109 1942 1151 Par.
1965 1108 1999 1148 E

234 1161 341 1202 GHI
370 1162 517 1202 Ambr.
547 1162 654 1203 Flor.
677 1174 700 1200 a
721 1163 734 1200 i
755 1175 796 1201 m
827 1153 888 1204 ἄν
917 1163 1121 1205 inserant.

1162 1164 1383 1203 Praeterea
1418 1165 1656 1218 Augustam.
1696 1159 1747 1206 οἷ
1778 1165 1996 1206 articulum

233 1225 329 1259 ante
346 1209 609 1272 Ἀθηναίων
630 1219 749 1260 addit
771 1226 811 1259 et
832 1211 1006 1273 ανδρες
1028 1220 1191 1261 omittit.

346 1304 390 1345 C
423 1297 482 1345 τὸ
519 1299 717 1358 μέντοι
754 1294 823 1346 αὖ
858 1297 926 1345 τὰ
963 1303 1022 1358 t]
1056 1294 1118 1346 αὖ
1141 1318 1222 1346 οιιι.
1248 1305 1374 1347 Coisl.
1396 1307 1490 1350 Ριιι·
1516 1305 1925 1348 ACEGHILVen.
1958 1308 1998 1348 Λ

231 1361 343 1426 Aug.
374 1361 484 1402 Flor.
506 1374 531 1401 a
553 1362 578 1401 b
601 1374 623 1400 c
644 1362 699 1400 d·
690 1374 703 1400 1
724 1374 765 1400 ιιι
796 1369 836 1400 et
864 1374 971 1404 corr.
991 1363 1170 1403 Vat.1n
1195 1363 1323 1406 vind.
1346 1363 1384 1404 Φ
1414 1363 1561 1408 Ambr,
1596 1372 1659 1404 est
1689 1357 1819 1414 τό,ὃε’
1842 1377 1914 1405 τοι
1935 1377 1999 1405 av

230 1411 289 1459 τὰ
313 1419 350 1462 λ.
374 1418 551 1461 Ve11.H
560 1417 684 1458 habet
704 1411 758 1459 τὸ
782 1413 834 1459 δε
856 1417 1057 1469 τοιαῦτα
1080 1413 1326 1474 λεγόμενα.
1371 1420 1470 1461 Mox
1493 1421 1638 1474 Steph.
1669 1415 1735 1475 μή
1763 1429 1859 1461 ante
1885 1433 1997 1476 προ·

232 1475 537 1528 αφίστασθαι
559 1481 714 1515 temere
736 1475 879 1516 omisit
901 1475 1099 1516 Ceruario
1134 1478 1375 1519 obsecutus.

233 1629 340 1686 ὃρες
388 1632 431 1672 in
482 1633 605 1673 codd.
653 1632 824 1684 reliquis
874 1633 1069 1674 omnibus

232 1689 515 1743 perscriptum
579 1690 834 1730 servandum
890 1703 1068 1730 censue-

229 1756 341 1787 runt.
403 1746 487 1787 Sed
527 1745 654 1787 habet
693 1747 904 1799 posterior
946 1747 1068 1787 lectio

230 1816 425 1866 magnam
477 1803 783 1844 dubitationem
833 1811 1068 1857 propterea,

231 1861 344 1911 quod
370 1860 512 1901 salvis
538 1859 734 1929 linguae
782 1860 944 1914 legibus
986 1862 1070 1900 dici

229 1931 311 1973 non
343 1918 479 1971 potuit
506 1911 554 1958 οἷ
581 1908 754 1987 ανδρες
776 1890 949 1959 ε’νὸεκα
987 1931 1069 1957 usu

229 1965 472 2040 postulante
494 1976 662 2015 omnino
687 1988 733 2016 οι
755 1969 946 2017 ε’νδεκα.
985 1974 1071 2014 Nec

230 2044 330 2072 vero
372 2033 475 2072 satis
516 2032 653 2084 placet
693 2032 825 2071 altera
866 2032 985 2072 lectio
1019 2044 1072 2071 ex

230 2090 336 2129 libro
360 2087 470 2142 Aug.
489 2094 710 2142 suscepta:
735 2084 793 2129 οἴ
808 2081 1072 2142 Ἀθηναίων

231 2141 464 2195 ἕνδεκα,
486 2146 526 2184 in
530 2158 634 2212 qua
652 2145 1071 2199 offenditinterposi—

230 2212 317 2244 tum
370 2203 484 2243 istud
530 2195 808 2256 Αθηναίων.
870 2202 1073 2251 Quocirca

229 2260 350 2300 facile
390 2260 543 2310 aliquis
584 2260 839 2300 assentiatur
877 2259 1071 2300 Cobeto

230 2318 547 2387 Mnemosynes
574 2318 626 2359 V.
678 2329 720 2369 p.
760 2318 843 2358 384
884 2311 970 2364 ἕως
1017 2330 1078 2358 αν

230 2369 278 2415 οἷ
316 2369 490 2415 ε’νδεκα
525 2366 664 2415 ἐῶσιν
700 2373 970 2414 scribendum
1011 2375 1074 2412 iu-

231 2432 401 2474 dicanti.
463 2433 766 2472 Verumtamen
808 2443 857 2470 ea
906 2430 1074 2481 quidem

231 2490 429 2528 correctio
477 2489 702 2529 violentior
746 2494 812 2527 est
857 2500 983 2539 quam
1031 2494 1076 2527 nt

229 2545 469 2586 verisimilis
538 2545 751 2596 videatur,
827 2545 1074 2597 praesertim

229 2615 321 2641 eum
363 2603 423 2642 ita
463 2615 543 2642 non
596 2603 900 2655 perspiciatur,
961 2602 1075 2640 unde

229 2659 463 2698 eommunis
525 2660 725 2698 librorum
788 2658 910 2697 lectio
980 2664 1070 2697 orta

231 2716 301 2755 sit.
343 2717 488 2765 Itaque
520 2726 595 2754 nos
628 2715 796 2765 quidem
830 2714 1066 2754 consultum

231 2772 430 2811 (luximus
452 2772 642 2811 codicum
676 2783 866 2834 premere
890 2771 1069 2822 vestigia

229 2836 355 2880 atque
385 2822 433 2868 οἴ
460 2827 682 2867 articulum
723 2828 844 2866 etiam
883 2828 935 2866 ab
965 2827 1065 2866 Her-

229 2898 383 2925 manno
414 2885 537 2924 uncis
576 2884 788 2923 seclusum
817 2897 962 2923 rmsus
992 2885 1065 2923 ab—

230 2943 368 2993 iicere,
399 2954 479 2994 quo
512 2940 670 2981 omisso
703 2940 843 2980 emnia
871 2941 1068 2980 videntur

228 3005 340 3039 recte
366 2999 535 3049 habere,
567 2998 795 3037 dummodo
826 2997 1065 3036 memineri-

230 3069 323 3096 mus
346 3055 561 3097 Socratem
592 3054 706 3106 loqui
735 3054 966 3107 generatim
1001 3054 1066 3094 vel

231 3113 465 3161 indefinite,
496 3112 554 3152 ita
581 3120 743 3164 tamen,
776 3118 821 3150 ut
850 3111 902 3150 (le
934 3112 1064 3150 unde-

230 3171 431 3223 cimviris,
462 3181 591 3221 penes
614 3180 719 3218 quos
746 3172 831 3208 erat
852 3181 953 3207 cura
974 3181 1068 3207 car-

230 3228 333 3266 ceris
364 3235 404 3267 et
433 3225 757 3279 suppliciorum,
798 3225 1065 3277 cogitandum

230 3284 296 3325 sit.
338 3283 540 3323 Nimirum
571 3281 783 3334 eleganter
811 3281 878 3320 ille
907 3281 1066 3334 signifi-

230 3347 297 3380 cat
325 3353 421 3381 sese
458 3341 537 3379 iam
583 3339 780 3378 traditum
819 3351 915 3378 esse
946 3346 1064 3391 pote-

231 3399 326 3438 stati
343 3396 725 3438 undecimvirorum
745 3408 796 3436 ex
815 3396 926 3434 omni
939 3395 1068 3435 Athe—

231 3455 439 3495 niensium
471 3465 659 3493 numetmo
703 3452 800 3492 Mox
830 3453 941 3504 qnod
965 3453 1066 3491 dici—

228 3519 294 3551 tur
315 3501 341 3552 3
372 3504 547 3565 ἀπορῶ,
576 3510 657 3549 alia
686 3509 810 3550 liuius
834 3516 1066 3549 structurae

1160 1634 1365 1688 exempla
1404 1634 1573 1687 collegit
1618 1629 1892 1676 Heindorf.
1942 1635 1997 1676 ad

1160 1690 1314 1755 Cratyl
1339 1704 1380 1744 p.
1404 1692 1486 1733 409
1511 1693 1559 1736 D
1627 1723 1633 1728 .

1214 1746 1260 1790 C.
1292 1739 1415 1803 ὅδε]
1462 1749 1644 1791 Cebes.
1685 1748 1845 1790 Deinde
1881 1741 1999 1790 ἀπο-

1156 1800 1389 1858 δέχεσθαι
1452 1806 1734 1859 probandi,
1810 1817 1999 1846 assen—

1155 1862 1321 1901 tiendi
1362 1862 1667 1915 significatione
1707 1863 1910 1916 positum,
1953 1870 1998 1902 ut

1157 1929 1298 1972 saepe

1213 1969 1403 2030 καὶμὴ
1427 1989 1638 2030 προαφ.
1644 1974 1657 2027 ]
1680 1977 1791 2017 Haec
1813 1979 1864 2018 ab
1886 1976 1996 2018 Sim-

1158 2035 1241 2073 mia
1297 2033 1573 2098 adiiciuntur,
1631 2042 1674 2073 ut
1712 2034 1995 2087 intellegatur,

1158 2090 1261 2140 quid
1302 2090 1358 2129 sit
1396 2087 1542 2132 παντὶ
1581 2086 1736 2145 τρόπῳ
1773 2083 1995 2145 ἐλέγχειν,

1158 2159 1267 2197 quae
1298 2147 1404 2186 scita
1436 2155 1502 2187 est
1531 2147 1767 2189 Fischeri
1795 2149 1997 2188 observa-

1158 2204 1228 2246 tio
1275 2205 1421 2260 Itaque
1443 2215 1524 2244 non
1549 2211 1613 2244 est
1635 2205 1750 2269 qnod
1770 2217 1867 2244 cum
1891 2203 1997 2245 Ste-

1159 2260 1328 2313 phano
1352 2268 1393 2300 et
1410 2261 1658 2301 Forstero
1680 2254 1746 2315 μή
1762 2261 1995 2304 deleamus.

1164 2317 1268 2357 Nam
1295 2310 1359 2371 μὴ
1389 2317 1814 2382 προαφίστασθαι
1805 2331 1845 2358 1n
1872 2330 1996 2358 unam

1163 2374 1375 2414 notionem
1405 2375 1500 2422 coit,
1528 2383 1575 2415 ut
1603 2375 1832 2428 particulae
1853 2368 1916 2429 μὴ
1940 2366 1997 2415 οὖ

1164 2432 1285 2470 etiam
1308 2432 1363 2471 ad
1383 2431 1488 2471 haec
1510 2433 1636 2473 verba
1655 2432 1877 2472 referenda
1898 2431 1997 2475 sint.

1165 2487 1266 2528 Cum
1307 2496 1446 2528 autem
1487 2482 1551 2542 μὴ
1593 2482 1649 2530 οὗ
1690 2495 1881 2543 ponatur,
1923 2489 1998 2528 ubi

1163 2546 1370 2585 sententia
1411 2547 1606 2598 negativa
1648 2555 1839 2598 negatur,
1871 2544 1996 2586 sicuti

1160 2602 1322 2654 primus
1351 2603 1571 2655 perspexit
1591 2603 1860 2642 Hermann.
1884 2601 1994 2643 Mus.

1157 2659 1363 2708 Antiquit.
1399 2657 1519 2697 Stud.
1534 2671 1585 2723 p.
1609 2660 1704 2709 220,
1728 2658 1850 2698 facile
1871 2659 1991 2698 lntel

1154 2714 1305 2777 legitur
1324 2715 1451 2753 verba
1479 2727 1606 2756 πανυ
1627 2714 1887 2780 μαλθακοῦ
1912 2729 1995 2757 αν·

1157 2763 1268 2822 δρὸς
1292 2764 1415 2812 εἶναι
1433 2772 1542 2810 idem
1560 2772 1699 2811 valere
1717 2773 1828 2822 quod
1847 2785 1996 2814 αναν-

1157 2825 1270 2879 δρον
1313 2821 1452 2871 εἶναι
1514 2828 1732 2869 Sententia
1771 2829 1851 2869 loci
1891 2829 1994 2869 haec

1157 2896 1240 2923 est·
1284 2885 1326 2922 si
1366 2886 1485 2935 quis
1528 2897 1625 2924 non
1669 2886 1804 2925 omni
1843 2886 1993 2926 modo

1155 2953 1260 2979 rem
1303 2942 1544 2994 exploret
1595 2948 1640 2982 et
1697 2955 1793 2983 non
1847 2943 1993 2996 prius

1156 2997 1407 3050 desistat,
1428 3011 1575 3050 quam
1595 2998 1772 3040 fessus
1795 3000 1863 3039 sit
1885 2999 1995 3039 veri

1155 3054 1602 3108 investigatione,
1634 3057 1685 3096 id
1714 3069 1892 3110 parum
1915 3057 1995 3096 vi—

1154 3110 1253 3151 1ile
1284 3124 1411 3154 esse.
1454 3112 1649 3153 Ceterum
1673 3113 1860 3153 similiter
1881 3113 1994 3154 Poli—

1155 3168 1221 3207 tie.
1247 3181 1287 3221 p.
1311 3169 1483 3210 285A13
1513 3166 1626 3211 δέον
1647 3192 1698 3198 -
1716 3163 1780 3223 μὴ
1805 3182 1991 3236 προαφ-

1155 3223 1409 3280 ίστασθαι,
1440 3224 1551 3279 πρὶν
1581 3215 1643 3267 ἂν
1676 3218 1727 3268 ἑν
1762 3240 1884 3292 αυτῃ
1907 3239 1991 3273 τας

1155 3257 1409 3348 διαφορὰς
1436 3282 1518 3338 ἴδῃ
1556 3294 1725 3331 πασας.
1751 3276 1991 3324 -οἷπει-

1153 3342 1307 3393 πεῖν,
1332 3332 1631 3391 ἀπαυδᾶν,
1663 3351 1993 3393 απαγορευ-

1156 3406 1240 3436 ειν
1281 3371 1477 3437 dicuntur
1515 3397 1565 3448 ii,
1609 3396 1679 3447 qni
1708 3396 1991 3448 defatigantur

1155 3465 1290 3504 eoque
1310 3454 1567 3507 rediguntur,
1593 3459 1637 3492 ut
1658 3459 1813 3505 negent
1833 3466 1879 3493 se
1899 3464 1988 3492 am-

1152 3510 1266 3562 plius
1285 3509 1392 3550 serre
1409 3511 1563 3562 aliquid
1583 3522 1726 3564 posse,
1745 3510 1812 3562 qui
1837 3510 1991 3562 despe-

2154 1146 2158 1170 --
2151 1114 2158 1126 ν.
2154 1039 2158 1096 ---
2147 804 2158 1018 ⁴.1.'.1=na.·-.¹.1.
2152 727 2158 784 „⁴.›
2156 693 2158 699 .
