2158 3718
367 107 473 158 178

971 105 1394 158 PLAT-OMS

375 248 442 307 τὸ
487 253 672 323 σχῆμα
719 249 916 306 αὐτοῦ.
969 252 1142 308 τοῦτο
1188 249 1255 307 οὐ
1303 255 1653 330 σειληνῶὸεςς
1705 250 1926 329 σφόδρα
1980 276 2057 323 γε.

374 338 542 392 τοῦτο
575 331 683 406 γὰρ
713 326 878 398 οὗτος
905 333 1113 400 ἔξωθεν
1137 335 1596 409 περιβέβληται,
1568 334 1744 408 ὥςπερ
1772 335 1802 393 ὁ
1831 341 2064 410 γεγλυμ-

379 427 545 491 μένος
588 416 892 490 Σειληνός·
938 421 1178 474 ἔνδοθεν
1207 422 1263 474 δὲ
1294 417 1588 492 ἀνοιχθεὶς
1615 419 1807 488 πόσης,
1852 420 2061 488 οἴεσθε,

379 510 542 576 γέμει,
570 495 609 557 ὦ
641 498 839 575 ἄνδρες
867 501 1162 574 συμπόται,
1203 502 1592 579 σωφροσύνης,
1635 505 1763 571 ἰ’στε,
1811 502 1899 561 ὅτι
1931 503 2064 572 οὔτ’,

381 589 432 645 εἴ
470 610 553 652 τις
593 584 762 651 καλός
799 594 930 651 ἐστι,
974 590 1119 659 μέλει
1166 585 1318 659 αὐτῷ
1367 587 1542 654 οὐδέν,
1586 587 1729 644 ἀλλὰ
1777 608 2065 666 καταφρο-

385 753 643 818 πλούσιος
659 795 673 820 ,
734 750 858 810 οὔτ’

291 686 335 736 Ε
384 682 466 727 νεῖ
509 673 804 737 τοσοῦτον,
843 667 985 728 ὅσον
1030 668 1150 727 οὐδ’
1202 668 1276 726 ἂν
1318 670 1394 738 εἷς
1439 675 1679 740 οἰηθείη,
1724 669 1843 730 οὔτ’
1896 674 1946 730 εἴ
1984 695 2067 738 τις

926 762 971 811 εὶ
1024 753 1201 823 ἄλλην
1245 753 1369 813 τινὰ
1417 753 1584 828 τιμὴν
1626 761 1760 828 ἔχων
1801 760 1914 814 τῶν
1954 755 2065 814 ὑπὸ

382 838 649 907 πλήθους
689 841 1160 913 μακαριζομένων.
1201 837 1417 910 ἡγεῖται
1461 844 1517 897 δὲ
1558 839 1745 896 πάντα
1773 845 1951 897 ταῦτα
1995 837 2068 897 τὰ

385 922 645 995 κτήματα
700 920 928 989 οὐδενὸς
986 920 1117 992 ἄξια
1160 928 1253 981 καὶ
1295 923 1443 998 ἡμᾶς
1486 921 1649 982 οὐδὲν
1687 922 1861 993 εἶναι,
1918 932 2070 999 elym-

501 1093 672 1134 τοῦτο
722 1087 783 1130 οὗ
836 1088 1181 1143 σειληνῶὃες]
1231 1089 1321 1132 Ρι·ο
1371 1088 1422 1130 οὔ
1466 1089 1615 1144 Steph.
1657 1101 1804 1132 errore
1840 1087 1893 1130 ὃν
1929 1086 2068 1132 habet.

387 1144 642 1200 Bernhardy
682 1146 861 1199 Syntax.
905 1161 946 1201 p.
981 1146 1080 1193 285.
1109 1147 1348 1202 interpungi
1379 1148 1519 1188 iubet:
1560 1146 1616 1194 ὡς
1654 1145 1705 1187 τὸ
1749 1149 1898 1200 σχῆμα
1928 1144 2069 1187 αὐτοῦ

390 1209 547 1244 τοῦτο.
583 1202 634 1244 οὔ
669 1204 940 1256 σειληινῶδες,

971 1204 1086 1258 quod
1120 1205 1292 1258 sequuti
1324 1210 1423 1246 sunt
1442 1205 1614 1246 Turicc.
1671 1204 1767 1246 Non
1798 1217 1923 1258 opus,
1984 1204 2071 1246 Ce-

388 1267 530 1303 terum
565 1260 631 1302 iiie
659 1273 833 1315 quoque
863 1263 1058 1316 plerique
1089 1261 1181 1303 iibri
1211 1275 1305 1304 cum
1339 1261 1463 1305 Bodi.
1496 1261 1591 1303 Vat.
1625 1261 1755 1304 Coisl.
1787 1261 1895 1304 Ven.
1918 1262 1964 1305 Ξ.
1996 1260 2072 1302 ha-

388 1319 493 1360 bent
522 1318 748 1371 σιληνῶδες
779 1323 823 1360 et
853 1332 956 1361 mox
986 1317 1165 1372 σιληνός.
1199 1332 1237 1360 v.
1275 1319 1330 1360 ad
1361 1332 1402 1373 p.
1435 1318 1534 1364 215.
1569 1321 1618 1360 A.

503 1378 886 1430 γεγλυμμένος
924 1375 1222 1430 Σειληνός]
1272 1377 1320 1418 V.
1352 1377 1642 1431 γεγλυμμένος
1678 1388 1774 1417 cum
1806 1374 1935 1417 Bodi.
1964 1376 2071 1419 81118.

387 1432 519 1477 Coisl.
553 1434 676 1478 Vind.
695 1434 731 1476 1.
744 1433 785 1478 2.
800 1434 840 1477 7.
861 1434 964 1475 Par
977 1434 1073 1476 DK.
1101 1435 1248 1477 Ambr.
1268 1434 1364 1476 Vat.
1378 1434 1417 1475 d.
1433 1446 1475 1488 p.
1489 1448 1520 1475 r.
1541 1433 1658 1476 Flor.
1673 1445 1712 1476 n.
1742 1431 2075 1488 ἐγγεγλυμμένος

390 1491 485 1534 'vah
507 1489 559 1533 A.
590 1496 698 1549 Ang.
715 1505 768 1533 w.
805 1492 1083 1546 ἐγλυμμέιος.

503 1549 556 1590 Ε.
625 1550 770 1601 ἡμᾶς
809 1548 970 1589 ουδὲν
1015 1564 1059 1590 ει
1046 1547 1187 1602 ναι]
1227 1545 1344 1601 ὑμᾶς
1386 1547 1487 1589 Par.
1519 1547 1623 1590 DK.
1658 1547 1804 1590 Ambr.
1836 1547 1933 1591 vat.
1965 1558 2006 1601 p.
2033 1559 2075 1587 8.

387 1605 614 1648 Heusdius
644 1606 837 1660 Specim.
870 1606 965 1650 crit.
995 1620 1035 1654 p
1064 1606 1128 1649 17.
1159 1603 1287 1660 τιμὰς
1319 1617 1397 1659 pro
1431 1603 1544 1656 ἡμᾶς
1571 1605 1766 1648 coniecit.

391 1664 496 1717 λέγω
518 1661 634 1718 υμῖν.
665 1661 864 1718 εἶρωνειΠ
838 1681 899 1719 ομ

1827 1605 1936 1646 Dein
1967 1619 2000 1646 ει
2006 1620 2078 1644 ναι

904 1659 1075 1707 .Βοι11.
1100 1663 1199 1704 Vnt.
1212 1662 1263 1707 Δ.
1285 1662 1417 1704 Coisi.
1441 1663 1542 1706 Par.
1556 1662 1653 1703 EF.
1676 1662 1824 1704 Ambr.
1850 1666 1956 1716 Aug.
1967 1675 2008 1704 ιι.
2022 1674 2072 1704 w,

389 1721 486 1762 Vnt.
506 1719 542 1760 d.
560 1733 598 1760 ιι.
613 1733 695 1761 ι·..ε
733 1719 856 1763 Vind.
880 1724 916 1763 1.
931 1721 974 1764 7.
1010 1721 1128 1763 Flor
1154 1734 1193 1764 a.
1209 1720 1384 1763 b..c.iu.
1409 1720 1577 1762 etBas.
1599 1720 1640 1764 2.
1671 1721 1782 1761 eima
1811 1720 1916 1774 λέγω
1947 1718 2074 1774 ὑμῖν·

389 1778 527 1833 εἰρων.
559 1778 661 1820 Par.
688 1777 798 1820 DK.
828 1778 926 1823 Vat.
948 1792 990 1833 p.
1022 1778 1227 1821 FicinuS.
1269 1777 1364 1820 sed
1405 1791 1465 1819 ea
1495 1784 1701 1820 cuncta
1733 1790 1891 1832 supra
1920 1790 2075 1831 quam

389 1931 489 1961 esse
519 1917 786 1960 reconditum
808 1949 819 1970 ,
862 1918 1020 1973 quippe
1051 1919 1120 1972 qui
1153 1923 1197 1960 et
1278 1931 1320 1972 p.
1353 1915 1452 1960 214.
1484 1917 1546 1958 13:
1585 1914 1665 1970 ἐγὼ
1703 1910 1784 1958 οὖν
1812 1914 1868 1964 ὥς
1896 1914 2075 1970 ἤκουσα,

390 1975 585 2017 diviniori
618 1976 755 2017 amori
786 1975 957 2018 deditus
978 1976 1035 2018 sit
1065 1989 1193 2030 quam

388 2034 459 2087 qui
490 2045 585 2074 cum
606 2033 851 2075 Silenorum
883 2034 1057 2076 libidine
1091 2048 1194 2088 pos-

391 2092 446 2132 sit
476 2090 686 2142 conferri,
731 2095 776 2132 et
816 2092 1024 2144 sapientia
1063 2105 1191 2134 orna·

390 2154 463 2190 tus
502 2159 678 2203 prorsus
731 2148 957 2202 singulari.
1019 2149 1067 2191 In
1109 2162 1194 2203 quo

392 2206 492 2248 ioco
544 2218 724 2259 prorsus
775 2207 994 2260 egregium
1043 2211 1111 2249 est
1151 2211 1195 2248 et

392 2264 631 2305 venustatis
648 2264 961 2317 plenissimum,
982 2264 1097 2317 quod
1130 2263 1196 2305 di-

393 2321 450 2363 cit
488 2324 622 2360 τοῦτο
659 2319 742 2374 γὰρ
785 2344 831 2350 -
877 2324 1193 2376 περιβέβληται,

393 2390 514 2419 nam
555 2383 839 2420 externam
893 2378 1032 2421 hane
1081 2379 1194 2421 for-

395 2448 532 2477 mam
564 2440 616 2477 et
645 2436 890 2489 speciem
931 2437 1027 2479 iile
1064 2450 1196 2491 qua-

395 2493 440 2534 si
473 2494 929 2548 superimposuit
959 2494 1195 2536 internis

395 2550 558 2592 animi
595 2551 1196 2605 virtutibus‚quemad-

394 2608 613 2649 modum
653 2608 1033 2651 Silenorum
1089 2614 1196 2651 sta-

396 2670 530 2706 tuae
569 2670 877 2718 contegunt
907 2671 963 2708 et
1005 2679 1197 2708 recon-

397 2721 553 2761 ditas
598 2722 647 2763 in
686 2735 743 2763 se
774 2722 976 2764 habent
1005 2723 1198 2776 imagi-

397 2789 491 2818 nes
523 2777 763 2819 deorum.

453 2831 649 2886 πόσης,
717 2835 937 2885 οἴεσθε,
1009 2836 1196 2888 νέμει]

398 2890 648 2935 Notandum
691 2895 759 2934 est
801 2890 882 2933 hoc
921 2891 1069 2932 οἴεσθε
1100 2904 1199 2932 ora-

396 2949 527 2990 tionis
575 2948 827 2990 animandae
885 2961 1014 2990 eausa
1062 2948 1198 2990 inter-

399 3006 575 3059 iectum,
599 3010 648 3047 ut
668 3006 785 3048 Crat.
809 3019 850 3058 p.
871 3006 1035 3051 4380.
1063 3006 1194 3061 Hipp.

399 3065 498 3106 mai.
527 3077 571 3117 p.
591 3063 693 3110 298.
713 3069 764 3105 A.
798 3063 863 3104 De
891 3064 1001 3117 Rep.
1032 3063 1122 3107 Vll.
1159 3078 1201 3117 p.

400 3121 498 3166 520.
513 3122 563 3162 D.
587 3121 757 3163 Lucia
773 3133 814 3163 n.
834 3120 1045 3173 Necyom.
1069 3121 1202 3166 014:

400 3179 471 3220 καὶ
515 3183 658 3222 ταῦτα
698 3182 790 3226 πῶς
831 3179 910 3218 οἴει
951 3181 1099 3233 βαρεῖς
1130 3181 1202 3219 ὄν-

401 3234 1055 3287 anubiflemsterhusius
1074 3249 1203 3289 prae

1283 1979 1371 2020 πῶς
1401 1976 1482 2015 οἴει
1512 1973 1813 2028 ἠγανάκτησας·
1838 1975 1965 2017 Pium
1984 1978 2076 2016 coi-

1281 2033 1384 2086 legit
1423 2032 1719 2074 Heindorf.
1758 2033 1812 2074 ad
1850 2031 2078 2075 Theaetet.

1281 2089 1440 2143 p.147.
1474 2092 1525 2131 A.
1562 2089 1600 2142 ἕ.
1634 2089 1698 2133 12.
1730 2090 1990 2132 Valcken.
2022 2089 2077 2132 ad

1279 2147 1414 2201 Hipp.
1446 2162 1487 2202 p.
1506 2146 1607 2191 215.

1337 2205 1388 2248 E.
1452 2203 1581 2246 ὅσον
1612 2202 1726 2246 ουδ’
1773 2219 1834 2245 αν
1864 2219 1911 2246 ει
1896 2197 1942 2251 ἴς
1971 2204 2078 2256 οἰη-

1280 2263 1442 2318 θείη]
1512 2269 1858 2316 quantopere
1924 2273 2078 2303 nemo

1279 2320 1567 2433 quis4quam
1599 2318 1932 2371 crediderit,
1963 2330 2004 2361 v,
2025 2318 2080 2360 ad

1340 2436 1384 2476 εἰ
1441 2434 1612 2489 ἄλλην
1669 2431 1792 2487 qv&
1850 2432 1918 2488 ·c.]
1978 2438 2082 2476 tut

1282 2497 1578 2548 praeterea
1631 2491 1833 2536 honore
1888 2491 2080 2545 aliquo

1283 2555 1531 2592 ornatus.
1598 2550 1665 2592 De
1702 2549 1784 2591 hoc
1821 2547 1952 2602 ἄλλην
1993 2545 2082 2591 vid.

1283 2607 1335 2649 ad
1374 2609 1559 2661 Apolog.
1578 2607 1748 2648 Socrat.
1768 2619 1809 2659 p.
1838 2603 1903 2648 36.
1928 2605 1980 2646 Β.
2013 2609 2081 2646 at-

1283 2676 1367 2717 que
1396 2663 1525 2706 ludic.
1559 2687 1607 2694 --
1669 2664 1734 2704 De
1768 2664 1871 2714 ἔχων
1901 2673 2081 2715 praece-

1287 2720 1404 2761 denti
1434 2721 1523 2760 ἐστὶ
1553 2721 1612 2761 ita
1641 2719 1859 2770 subiecto,
1903 2724 1951 2760 ut
1977 2721 2083 2771 ἔχων

1282 2776 1395 2817 ἐστιν
1432 2776 1546 2818 idem
1600 2777 1657 2818 sit
1700 2774 1815 2829 quod
1864 2777 1970 2828 ἔχει,
2022 2775 2079 2818 cf.

1282 2832 1502 2877 Phaedon
1524 2848 1566 2888 p.
1588 2833 1681 2877 100-
1705 2834 1765 2878 D:
1804 2831 1920 2875 διότι
1949 2832 2085 2874 καλον

1283 2892 1398 2931 ἔστιν
1426 2889 1550 2931 cinon
1529 2896 1595 2944 ὗν,
1629 2890 1656 2943 ἢ
1688 2889 1760 2931 ὅτι
1777 2893 1934 2946 χρῶμα
1956 2889 2084 2932 εὐαν-

1282 2949 1364 2996 θὲς
1391 2949 1489 3000 ἕχον
1526 2947 1551 3000 ἢ
1585 2953 1731 3003 σχῆμα
1773 2963 1811 2988 κ.
1844 2964 1881 2991 τ.
1913 2948 1973 3001 L,
2012 2947 2083 2989 ubi

1285 3019 1325 3049 v.
1347 3014 1492 3047 annot.
1516 3006 1741 3060 Politic.p-
1757 3003 1931 3050 297.E.
1961 3003 2081 3046 τοῦτ’

1284 3065 1398 3105 ἔστιν
1462 3061 1700 3118 ὀρθότατα
1758 3062 1830 3103 καὶ
1884 3060 2081 3103 κάλλιστ’

1287 3121 1396 3173 ἕχον.
1438 3121 1574 3175 Legg.
1597 3121 1670 3163 lV.
1696 3120 1793 3164 ι13.
1817 3120 1870 3164 Β.
1884 3121 1975 3163 Vll.
1987 3119 2085 3164 798·

1286 3178 1340 3223 X.
1361 3177 1461 3223 896.
1484 3181 1533 3220 A.

1346 3235 1435 3276 καὶ
1470 3235 1615 3290 ἡμᾶς
1645 3233 1805 3276 ουδὲν
1833 3249 1877 3274 ει
1865 3233 2006 3284 ’ναιῙ
2042 3233 2081 3275 ΙΙ.

403 3301 471 3337 ter
521 3294 628 3336 hunc
674 3296 813 3336 locum
871 3293 1049 3335 contulit
1102 3294 1206 3335 Oe-
1291 3306 1330 3334 e.
1388 3297 1558 3346 atque
1619 3304 1742 3344 nos,
1801 3292 1889 3345 qui
1951 3291 2085 3333 talia

405 3365 430 3393 n
446 3365 471 3393 ο
487 3365 542 3392 m.
575 3365 642 3405 ap.
667 3351 827 3392 tin-eb.
850 3350 1006 3403 praep.
1038 3350 1204 3404 Evang.

1291 3351 1472 3406 magni
1513 3349 1828 3401 faciamus,
1854 3349 2001 3391 nulio
2030 3349 2087 3389 in
