2158 3718
124 0 129 5 -
152 0 208 22 ’.ψ
277 0 329 24 2³³5:
345 0 903 30 ³5·¹·-·‘'-.‘³'¹*352⁹*th·?.2f«'t‘«·¹:²³f-.'.7‘
919 0 1261 29 ;'5;·'¹5·-<¹5‚M'f··.1,1?·³5‹⁰:3¹t15
1286 0 1334 24 τε.-
1432 0 1451 22 ,ῑ
1468 0 1499 26 71*
1570 3 1657 24 ψ’...
1717 3 1774 26 ’,μιν
2002 4 2004 6 ·
2075 16 2077 18 -

360 30 394 37 -
467 25 471 30 ’
587 32 598 43 .—
620 23 662 50 η’
691 23 725 33 ·⁷
788 19 860 31 ⁴
883 38 904 43 ,.
1203 24 1271 33 ·
1328 20 1335 27 ‘
1366 19 1487 51 §Urs-7
1531 27 1539 30 >
1568 30 1612 50 μ’·
1631 21 1694 47 ’Μ’
1730 18 1967 49 ·μ.,.’.·“·“”””-”·’
2014 29 2032 34 „

252 125 323 179 78
965 97 1288 170 P'LATONJS

1881 268 2005 322 ἐπει
2031 301 2037 304 -

254 348 363 404 δαν
411 343 519 403 οὖν
565 349 842 419 ἄρξωνται
888 354 984 419 τῆς
1019 353 1291 420 θεωρίας,
1339 350 1510 419 νόμος
1549 350 1703 403 ἐστὶν
1741 350 1931 415 αὐτοῐς
1970 353 2037 406 ἐν

251 439 330 507 τῷ
369 434 554 506 χρόνῳ
591 435 772 505 τούτῳ
811 435 1155 503 καθαρεύειν
1190 433 1294 504 τὴν
1331 435 1498 488 πόλιν
1524 436 1617 488 καὶ
1655 438 1892 506 δημοσία
1928 458 2035 507 μη-

255 521 392 573 δένα
440 517 875 587 ἀποκτιννύναι,
923 520 1059 588 πρὶν
1106 518 1177 572 ἂν
1226 521 1304 582 εἰς
1339 520 1536 588 Δῆλόν
1572 539 1630 573 τε
1669 518 1934 590 ἀφίκηται
1972 520 2036 574 τὰ

255 607 457 657 πλοῖον
483 603 575 656 καὶ
602 603 774 656 πάλιν
811 605 1008 673 δεῦρο·
1051 607 1218 656 τοῦτο
1256 603 1307 656 δ’
1338 604 1518 657 ἐνίοτε
1545 605 1608 658 ἐν
1635 609 1825 675 πολλῷ
1851 606 2038 676 χρόνῳ

253 691 525 757 γίγνεται,
554 686 690 740 ὅταν
715 686 962 756 τύχωσιν
989 687 1184 757 ἄνεμοι
1210 686 1588 756 ἀπολαβόντες
1615 688 1836 752 αὐτούς.
1896 687 2037 760 ἀρχὴ

252 267 335 320 ἔτι
375 266 432 330 ἐξ
472 266 696 320 ἐκείνου
734 263 858 318 κατ’
900 263 1165 320 ἐνιαυτὸν
1201 270 1278 337 τῷ
1314 269 1431 336 θεῷ
1468 266 1802 335 πέμπουσιν.

370 859 418 899 Β.
469 852 865 914 καθαρεύειν]

921 860 990 901 Sic
1020 861 1139 904 Bodl
1171 862 1268 902 Vat.
1300 859 1427 901 Coisl.

1457 861 1836 910 vindobonenses,
1851 864 2039 926 Veneti,

255 917 350 956 Par.
378 914 541 956 CGHL
571 917 724 969 Angel.
755 917 904 961 Ambr
933 917 1043 957 F101.
1066 931 1091 957 a
1113 918 1240 957 edm
1267 919 1360 958 Zitt.
1383 929 1458 971 pro
1482 918 1594 970 vulg
1618 913 1951 971 καθαριεύειν.

373 985 456 1039 Λῆ
469 980 566 1028 λόν
588 985 662 1040 τε]
688 999 738 1027 τε
759 1000 853 1027 eum
875 988 1065 1027 Bekkem
1087 989 1331 1029 addidimus
1354 1001 1376 1027 e
1396 989 1493 1028 Vat.
1516 988 1695 1042 Tubing.
1714 989 1822 1030 Ven.
1846 989 2042 1033 HVind.

257 1044 297 1085 Φ
318 1043 411 1083 Par.
439 1044 473 1083 G
494 1043 1044 1087 Ambr.Om.He1mannus
1067 1059 1160 1084 cum
1183 1046 1302 1088 Bodl
1328 1054 1366 1085 et
1393 1045 1559 1085 ceteris.

372 1105 607 1167 ἄνεμοι]
637 1114 871 1154 Articulum
894 1110 943 1155 οἱ
971 1115 1094 1168 vulgo
1118 1123 1216 1155 ante
1238 1106 1407 1168 ἄνεμοι
1428 1116 1721 1179 inte1p0situm
1745 1127 1893 1156 omnes
1916 1117 2041 1156 omit-

255 1177 351 1211 tunt
397 1179 562 1222 praeter
599 1171 694 1211 Par.
724 1171 778 1223 Ε,
827 1184 953 1221 quem
1003 1171 1242 1224 Stephanus
1285 1181 1348 1212 est
1390 1181 1576 1216 secutus
1621 1163 1790 1226 ἄνεμοι
1831 1166 2044 1226 τύχωσιν

255 1229 452 1268 Ambros.

257 1368 331 1419 qui
366 1381 483 1422 ωρος
512 1380 588 1421 pro
618 1368 876 1421 paragogica
905 1369 1106 1407 termina-

255 1426 373 1465 tione
413 1426 552 1465 habet.
586 1424 646 1464 De
687 1424 856 1464 Deliis
897 1437 941 1466 V.
978 1425 1105 1464 Her-

256 1493 426 1524 mann.
457 1480 776 1522 Gottesdienstl.
799 1481 977 1524 Alterth.
997 1482 1036 1532 §.
1055 1483 1108 1522 60

245 1545 299 1579 'et
329 1540 369 1590 S.
395 1538 462 1579 65.
493 1546 533 1577 et
555 1537 831 1578 Commentat.
864 1538 917 1577 de
946 1537 1109 1578 theoria

255 1595 438 1636 Deliaca.
463 1595 650 1647 Gotting.
673 1607 712 1636 a.
739 1595 865 1635 1847.
885 1596 925 1636 4.
946 1594 1106 1634 Distin-

256 1652 430 1706 guenda
458 1658 598 1691 autem
635 1659 734 1690 sunt
768 1650 887 1690 Delia
923 1652 1108 1717 duplicis

257 1709 450 1762 generis,
499 1708 628 1748 altera
678 1707 1009 1759 quinquennalia
1060 1701 1106 1760 (ἡ

257 1764 580 1819 πεντετηρίς),
631 1764 763 1804 altera
803 1765 1106 1804 anniversaria.

258 1823 335 1862 Hic
356 1822 627 1861 manitestum
652 1827 715 1861 est
740 1821 929 1873 intellegi
950 1814 1107 1874 Δήλιοι

258 1891 412 1920 annua.
455 1878 517 1917 Ea
546 1878 657 1917 enim
693 1877 746 1916 ab
776 1877 1108 1917 Atheniensibus

259 1935 580 1975 celebrabantur
608 1935 651 1974 in
686 1935 932 1973 memoriam
965 1946 1109 1974 eorum

258 2001 520 2045 temporum,
572 1991 726 2042 quibus
776 2003 853 2043 per
896 1990 1109 2030 Theseum

258 2049 429 2089 liberati
466 2057 610 2088 essent
637 2059 662 2087 a
691 2047 942 2087 saevissimo
979 2047 1111 2087 servi-

258 2106 361 2146 tutis
382 2106 482 2157 iugo
505 2105 614 2159 ipsis
636 2117 662 2144 a
682 2103 872 2144 Cretibus
893 2104 1108 2157 imposito,

260 2173 345 2214 quo
361 2162 556 2202 victimas
573 2161 780 2201 humanas
802 2160 1024 2213 vectigalis
1046 2161 1113 2199 in-

260 2228 349 2259 star
391 2219 620 2269 quotannis
661 2219 705 2257 in
742 2216 906 2258 Cretam
947 2218 1112 2259 mittere

260 2276 397 2316 coacti
446 2282 577 2315 erant.
647 2273 951 2315 Pertinuerunt
1007 2273 1113 2313 haec

260 2344 382 2372 saera
412 2332 467 2372 ad
495 2332 652 2371 cultum
672 2331 882 2384 Apollinis
912 2330 1020 2371 Delii
1047 2339 1112 2370 at-

261 2401 346 2440 que
384 2387 451 2428 die
491 2388 703 2442 Apollinis
743 2387 895 2437 natali,
933 2388 1006 2439 qui
1035 2387 1114 2427 fuit

261 2446 356 2486 dies
395 2451 542 2485 sextus
581 2446 649 2486 vel
695 2444 903 2496 septimus
953 2445 1113 2484 mensis

261 2501 569 2553 Thargelionis‚
591 2502 788 2541 videntur
809 2507 979 2552 peracta
1001 2513 1110 2541 esse.

262 2571 303 2601 v.
346 2557 466 2610 Diog.
510 2558 557 2598 L.
598 2559 651 2601 II.
680 2558 750 2599 44.
787 2557 898 2598 Plut.
940 2557 1112 2605 Quaest.

263 2614 411 2667 Symp.
442 2615 554 2655 VIII.
579 2616 617 2658 1.
640 2616 680 2654 2.
712 2614 807 2654 coll.
831 2613 1109 2666 Spanhem.

262 2669 374 2713 adh.
394 2670 437 2709 in
460 2670 551 2712 Del.
576 2683 615 2710 v.
636 2671 732 2711 251.
763 2670 870 2709 Plut.
895 2669 984 2712 Nic.
1014 2684 1050 2712 e.
1069 2672 1111 2720 3,

261 2728 336 2767 ubi
357 2738 513 2779 pompa
542 2727 746 2767 solemnis
777 2727 931 2766 usitata
953 2726 1113 2766 descri-

262 2783 391 2824 bitur.
429 2783 561 2822 Boeo
574 2782 651 2824 kh.
684 2781 1039 2822 Staatshaushalt.
1063 2782 1110 2826 T,

263 2840 318 2883 ΙΙ.
341 2852 384 2892 p.
406 2840 502 2882 218.
536 2839 736 2879 Miiller.
767 2839 925 2880 Dorier.
946 2838 991 2881 T.
1012 2839 1042 2881 1.
1066 2851 1110 2892 p.

322 2948 419 2993 καὶ
446 2949 550 2993 νῦν
580 2945 682 3005 ἔτι]
708 2950 909 2991 Servatus
930 2950 999 2990 hic
1021 2963 1114 2991 mos

265 3018 332 3050 est
351 3021 488 3060 usque
508 3009 562 3048 ad
582 3015 773 3061 tempora
788 3008 987 3047 Demetrii
1004 3007 1112 3047 Pha-

265 3066 368 3106 lerei
414 3070 520 3105 teste
557 3064 667 3105 Plut.
707 3064 831 3104 Thes.
862 3076 898 3104 e.
932 3066 986 3106 23
1016 3064 1111 3104 coll.

265 3121 490 3162 Boeckh.
521 3120 751 3162 Urkunden
789 3122 863 3161 des
892 3121 1112 3161 Attisehen

267 3179 515 3219 Seeweseus
536 3191 579 3231 p.
601 3179 671 3219 77.

326 3227 571 3276 ἐπειδὰν
597 3222 699 3276 οὖν
729 3225 1110 3299 αρξωνται--]

264 3290 309 3332 h.
331 3304 367 3336 e
390 3299 614 3343 postquam
637 3291 794 3344 puppis
818 3291 938 3330 navis
960 3303 1115 3331 corona

266 3349 413 3388 laurea
444 3355 592 3388 ornata
621 3357 706 3398 est,
749 3357 795 3387 ut
823 3346 992 3387 Phaedo
1022 3347 1116 3398 ipse

266 3405 406 3445 docet.
458 3404 618 3444 Deinde
647 3404 759 3456 quod
788 3404 915 3455 vulgo
947 3403 1115 3456 legeba-

266 3470 336 3501 tur
376 3454 719 3515 καθαριεύειν,
767 3461 811 3501 id
860 3461 957 3500 l‘·e1ri
999 3460 1114 3500 nullo

1195 1369 1322 1410 modo
1352 1375 1508 1422 potest.
1552 1368 1654 1409 Cum
1688 1370 1798 1408 enim
1825 1368 1905 1409 hoe
1943 1382 2044 1410 ver·

1198 1427 1318 1478 bum,
1363 1427 1398 1465 si
1428 1426 1596 1476 quidem
1626 1427 1824 1466 usitatum
1855 1426 1955 1478 fuit,
1987 1426 2046 1466 de

1197 1494 1278 1532 quo
1298 1482 1569 1522 vehementer
1586 1483 1843 1529 dubitamus,
1867 1482 2042 1523 ductum

1195 1540 1250 1579 sit
1278 1552 1302 1578 a
1331 1531 1583 1591 καθαριος,
1615 1539 1896 1579 munditiei
1926 1549 2039 1579 stu-

1197 1596 1381 1636 diosus
1415 1595 1680 1646 (Valcken.
1700 1595 1753 1635 ad
1777 1594 1887 1635 Xen.
1913 1595 2042 1640 Mem

1196 1654 1244 1694 ll.
1278 1655 1323 1702 1,
1357 1651 1448 1703 23),
1481 1651 1538 1691 nil
1567 1652 1683 1691 aliud
1712 1661 1851 1704 potest
1879 1652 2042 1704 siguifi-

1195 1721 1289 1748 care
1318 1709 1401 1749 nisi
1427 1708 1711 1763 munditiei
1740 1708 2057 1757 studiosum¹

1196 1778 1334 1816 esse,
1367 1765 1480 1816 quod
1511 1777 1633 1804 nemo
1665 1773 1730 1805 est
1757 1765 1856 1816 quin
1900 1765 2044 1806 videat

1195 1823 1246 1862 ab
1276 1821 1356 1862 hoc
1390 1822 1481 1861 loeo
1521 1822 1705 1861 alienum
1743 1834 1852 1862 esse.
1894 1823 2045 1873 Itaque

1197 1879 1415 1941 verissime
1463 1878 1587 1918 codd.
1636 1877 1834 1918 meliores
1883 1878 2043 1919 καθα-

1197 1947 1372 1988 ρεύειν,
1395 1934 1437 1975 h.
1461 1947 1497 1974 e.
1522 1947 1705 1988 purum
1729 1947 1850 1974 esse
1872 1947 2048 1986 neque

1197 1991 1486 2044 suppliciis
1552 1991 1746 2044 pollui,
1827 1990 2041 2038 exhibent,

1197 2049 1310 2099 quod
1350 2049 1498 2087 merito
1540 2059 1676 2113 nuper
1712 2048 1933 2112 probatum
1964 2057 2049 2087 est-

1195 2105 1378 2147 Additur
1406 2113 1548 2144 autem
1578 2099 1666 2156 τὴν
1685 2098 1843 2167 πόλιν,
1872 2115 1954 2156 quo
1975 2105 2042 2144 in-

1198 2162 1359 2202 dicetur
1396 2161 1506 2201 hane
1546 2160 1683 2213 legem
1732 2161 1942 2213 pertinere
1987 2161 2043 2200 ad

1199 2219 1440 2259 universam
1489 2214 1792 2271 rempublicam
1856 2229 1932 2256 nee
1987 2218 2047 2258 ad

1198 2274 1389 2327 singulos
1418 2281 1580 2313 tantum
1617 2274 1754 2323 cives,
1786 2281 1833 2313 ut
1861 2285 1944 2314 non
1967 2285 2042 2314 ex-

1198 2338 1411 2385 putemus‚
1435 2344 1508 2370 cur
1528 2330 1715 2370 Astius
1737 2330 1870 2370 illud'
1862 2343 1902 2369 ιιι
1927 2329 2042 2370 frau-

1200 2389 1266 2428 dis
1308 2387 1590 2441 suspitionem
1629 2387 1855 2428 vocaverit.
1920 2386 2045 2428 Cete-

1199 2458 1291 2485 rum
1314 2458 1354 2484 v·
1378 2444 1533 2484 Criton.
1557 2455 1598 2496 p.
1617 2444 1672 2484 43
1696 2442 1741 2484 C.

1257 2493 1482 2554 ἄνεμοι]
1516 2499 1637 2548 Quod
1658 2499 1785 2552 vulgo
1807 2494 1857 2540 οἷ
1874 2490 2051 2552 ἄνεμοι.

1199 2559 1403 2611 scriptum
1425 2558 1655 2609 legebatur,
1674 2556 1716 2595 id
1733 2557 1931 2607 quoniam
1948 2567 2045 2595 sen-

1199 2615 1355 2654 tentiae
1376 2613 1608 2653 rationibus
1637 2612 1901 2662 adversatur,
1932 2621 2045 2652 recte

1198 2671 1366 2709 videtur
1405 2681 1428 2708 a
1479 2667 1728 2708 Fischero
1776 2668 2046 2720 repudiatum

1200 2739 1310 2767 esse.
1358 2725 1449 2764 Nisi
1479 2724 1586 2764 sorte
1618 2732 1767 2764 ventos
1796 2724 1879 2764 illis
1908 2725 1951 2763 in
1980 2737 2045 2764 re-

1198 2782 1396 2834 gionibus
1435 2789 1661 2832 regnantes
1690 2780 1932 2833 intellegere
1966 2793 2043 2821 vo·

1198 2838 1339 2881 lueris
1382 2836 1465 2877 Sed
1494 2837 1813 2887 obsequendum
1836 2846 1949 2877 certe
1969 2849 2042 2877 co·

1200 2895 1366 2934 ‹licibus
1389 2894 1479 2936 fuit
1521 2894 1614 2936 Her.
1638 2893 1688 2934 11.
1714 2894 1794 2934 115
1821 2904 1924 2934 οσοι
1954 2886 2045 2934 υπς’

1199 2943 1387 3004 ανέμων
1427 2942 1522 3003 ἤδη
1554 2942 1923 3003 ἀποληφθέντες
1961 2939 2044 3004 ἦλ-

1198 3007 1295 3049 θον
1316 3020 1359 3050 κ.
1382 3021 1421 3047 τ.
1447 3008 1501 3060 t,
1524 3007 1579 3046 ad
1601 3019 1725 3057 quem
1746 3006 2045 3047 loeumWes-

1201 3064 1467 3128 selingius
1497 3063 1610 3103 hune
1638 3075 1760 3103 usum
1783 3063 1901 3102 verbi
1925 3075 2045 3103 απο-

1202 3115 1478 3174 λαυβάνειν,
1520 3131 1603 3171 quo
1633 3120 1787 3160 dicitur
1821 3119 1875 3159 de
1904 3119 2044 3160 ventis

1201 3177 1394 3217 adversis
1444 3177 1700 3228 navigantes
1750 3175 2050 3228 rretinentibus

1200 3234 1392 3287 pluribus
1421 3233 1625 3286 exemplis
1661 3232 1902 3272 illustravit.
1943 3230 2041 3270 Phi-

1202 3290 1322 3331 lostr.
1345 3291 1440 3330 Her.
1463 3303 1506 3354 p.
1532 3290 1609 3330 741
1643 3301 1734 3330 nav
1763 3299 1931 3340 ανεμοι
1953 3280 2045 3352 τὴνι

1202 3346 1326 3389 ναῦν
1348 3338 1667 3408 απολάβωσιν,
1690 3344 1802 3396 quod
1825 3344 1923 3383 item
1946 3345 2042 3383 uni-

1203 3415 1323 3443 verse
1364 3403 1523 3442 dictum
1560 3402 1720 3442 omisso
1758 3400 1947 3442 articulo.
1986 3421 2044 3428 --

1204 3452 1439 3512 αὐτούς,
1480 3451 1590 3506 τούς
1625 3453 1856 3505 πλέοντας
1883 3457 1956 3498 int.
1989 3468 2046 3496 ex
