<?xml version="1.0" encoding="UTF-8"?>
<!DOCTYPE html PUBLIC "-//W3C//DTD XHTML 1.0 Transitional//EN"
    "http://www.w3.org/TR/xhtml1/DTD/xhtml1-transitional.dtd">
<html xmlns="http://www.w3.org/1999/xhtml" xml:lang="en" lang="en">
 <head>
  <title>
</title>
<meta http-equiv="Content-Type" content="text/html;charset=utf-8" />
  <meta name='ocr-system' content='tesseract 3.04.00' />
  <meta name='ocr-capabilities' content='ocr_page ocr_carea ocr_par ocr_line ocrx_word'/>
</head>
<body>
  <div class='ocr_page' id='page_1' title='image "./operaomniarecens01platuoft/operaomniarecens01platuoft_0790.png"; bbox 0 0 2158 3718; ppageno 0'>
   <div class='ocr_carea' id='block_1_1' title="bbox 383 144 1442 201">
    <p class='ocr_par' dir='ltr' id='par_1_1' title="bbox 383 144 1442 201">
     <span class='ocr_line' id='line_1_1' title="bbox 383 144 1442 201; baseline 0.008 -8"><span class='ocrx_word' id='word_1_1' title='bbox 383 144 457 194; x_wconf 76' lang='lat'><strong>68</strong></span> <span class='ocrx_word' id='word_1_2' title='bbox 1020 146 1442 201; x_wconf 79' lang='lat' dir='ltr'><strong>PLATONIS</strong></span> 
     </span>
    </p>
   </div>
   <div class='ocr_carea' id='block_1_2' title="bbox 251 286 2077 1205">
    <p class='ocr_par' dir='ltr' id='par_1_2' title="bbox 251 286 2077 1205">
     <span class='ocr_line' id='line_1_2' title="bbox 394 286 2065 365; baseline 0.005 -22"><span class='ocrx_word' id='word_1_3' title='bbox 394 289 543 345; x_wconf 78' lang='grc' dir='ltr'><em>σθαι</em></span> <span class='ocrx_word' id='word_1_4' title='bbox 584 286 620 358; x_wconf 80' lang='grc' dir='ltr'><strong><em>ἡ</em></strong></span> <span class='ocrx_word' id='word_1_5' title='bbox 663 286 824 362; x_wconf 76' lang='grc' dir='ltr'><em>λύγξ·</em></span> <span class='ocrx_word' id='word_1_6' title='bbox 874 295 920 347; x_wconf 79' lang='grc' dir='ltr'><strong>εὶ</strong></span> <span class='ocrx_word' id='word_1_7' title='bbox 964 294 1021 346; x_wconf 82' lang='grc' dir='ltr'><strong>δὲ</strong></span> <span class='ocrx_word' id='word_1_8' title='bbox 1059 288 1154 362; x_wconf 88' lang='grc' dir='ltr'><strong>μή,</strong></span> <span class='ocrx_word' id='word_1_9' title='bbox 1197 289 1364 350; x_wconf 82' lang='grc' dir='ltr'><em>ὕδατι</em></span> <span class='ocrx_word' id='word_1_10' title='bbox 1390 290 1882 365; x_wconf 78' lang='grc' dir='ltr'><em>ἀνακογχυλίασον.</em></span> <span class='ocrx_word' id='word_1_11' title='bbox 1927 299 1972 351; x_wconf 82' lang='grc' dir='ltr'><strong>εἰ</strong></span> <span class='ocrx_word' id='word_1_12' title='bbox 2015 294 2065 351; x_wconf 90' lang='grc' dir='ltr'><strong>δ’</strong></span> 
     </span>
     <span class='ocr_line' id='line_1_3' title="bbox 299 368 2074 450; baseline 0.005 -24"><span class='ocrx_word' id='word_1_13' title='bbox 299 368 344 419; x_wconf 84' lang='grc' dir='ltr'>Ε</span> <span class='ocrx_word' id='word_1_14' title='bbox 396 369 510 444; x_wconf 79' lang='grc' dir='ltr'><strong>ἄρα</strong></span> <span class='ocrx_word' id='word_1_15' title='bbox 553 372 704 430; x_wconf 80' lang='grc' dir='ltr'><em>πάνυ</em></span> <span class='ocrx_word' id='word_1_16' title='bbox 748 371 944 448; x_wconf 77' lang='grc' dir='ltr'><em>ἴσχυροέ</em></span> <span class='ocrx_word' id='word_1_17' title='bbox 983 381 1168 441; x_wconf 77' lang='grc' dir='ltr'><em>ἐστιν,</em></span> <span class='ocrx_word' id='word_1_18' title='bbox 1209 374 1509 449; x_wconf 78' lang='grc' dir='ltr'><em>ἀναλαβών</em></span> <span class='ocrx_word' id='word_1_19' title='bbox 1552 399 1606 433; x_wconf 83' lang='grc' dir='ltr'><strong>τι</strong></span> <span class='ocrx_word' id='word_1_20' title='bbox 1642 381 1932 445; x_wconf 79' lang='grc' dir='ltr'><em>τοιοῦτον,</em></span> <span class='ocrx_word' id='word_1_21' title='bbox 1975 385 2074 450; x_wconf 71' lang='grc' dir='ltr'><strong>οἴῳ</strong></span> 
     </span>
     <span class='ocr_line' id='line_1_4' title="bbox 392 455 2077 540; baseline 0.004 -29"><span class='ocrx_word' id='word_1_22' title='bbox 392 455 621 524; x_wconf 85' lang='grc' dir='ltr'><em>κνήσαιο</em></span> <span class='ocrx_word' id='word_1_23' title='bbox 667 455 741 513; x_wconf 81' lang='grc' dir='ltr'><strong>ἂν</strong></span> <span class='ocrx_word' id='word_1_24' title='bbox 783 457 886 525; x_wconf 86' lang='grc' dir='ltr'><strong>τὴν</strong></span> <span class='ocrx_word' id='word_1_25' title='bbox 930 455 1076 533; x_wconf 77' lang='grc' dir='ltr'><em>ῥῖνα,</em></span> <span class='ocrx_word' id='word_1_26' title='bbox 1122 457 1327 534; x_wconf 77' lang='grc' dir='ltr'><em>πτάρε·</em></span> <span class='ocrx_word' id='word_1_27' title='bbox 1372 464 1463 516; x_wconf 81' lang='grc' dir='ltr'><strong>καὶ</strong></span> <span class='ocrx_word' id='word_1_28' title='bbox 1508 459 1607 518; x_wconf 79' lang='grc' dir='ltr'><strong>ἐὰν</strong></span> <span class='ocrx_word' id='word_1_29' title='bbox 1647 465 1818 518; x_wconf 84' lang='grc' dir='ltr'><em>τοῦτο</em></span> <span class='ocrx_word' id='word_1_30' title='bbox 1841 460 2077 540; x_wconf 72' lang='grc' dir='ltr'><em>ποιήσῃς</em></span> 
     </span>
     <span class='ocr_line' id='line_1_5' title="bbox 389 537 2074 644; baseline 0.004 -50"><span class='ocrx_word' id='word_1_31' title='bbox 389 537 544 609; x_wconf 80' lang='grc' dir='ltr'><em>ἅπαξ</em></span> <span class='ocrx_word' id='word_1_32' title='bbox 585 539 618 609; x_wconf 81' lang='grc' dir='ltr'>ἢ</span> <span class='ocrx_word' id='word_1_33' title='bbox 663 545 758 607; x_wconf 90' lang='grc' dir='ltr'><strong>δίς,</strong></span> <span class='ocrx_word' id='word_1_34' title='bbox 800 545 894 598; x_wconf 86' lang='grc' dir='ltr'><strong>καὶ</strong></span> <span class='ocrx_word' id='word_1_35' title='bbox 930 549 976 598; x_wconf 80' lang='grc' dir='ltr'><strong>εὶ</strong></span> <span class='ocrx_word' id='word_1_36' title='bbox 1020 543 1167 600; x_wconf 79' lang='grc' dir='ltr'><em>πάνυ</em></span> <span class='ocrx_word' id='word_1_37' title='bbox 1211 543 1403 644; x_wconf 76' lang='grc' dir='ltr'><em>ισχυρά</em></span> <span class='ocrx_word' id='word_1_38' title='bbox 1426 553 1555 611; x_wconf 77' lang='grc' dir='ltr'><em>ἐστι,</em></span> <span class='ocrx_word' id='word_1_39' title='bbox 1594 545 1882 602; x_wconf 83' lang='grc' dir='ltr'><em>παύσεται.</em></span> <span class='ocrx_word' id='word_1_40' title='bbox 1961 546 2074 603; x_wconf 71' lang='grc' dir='ltr'><strong>Οὐκ</strong></span> 
     </span>
     <span class='ocr_line' id='line_1_6' title="bbox 389 621 2075 708; baseline 0.005 -30"><span class='ocrx_word' id='word_1_41' title='bbox 389 621 464 679; x_wconf 76' lang='grc' dir='ltr'><strong>ἂν</strong></span> <span class='ocrx_word' id='word_1_42' title='bbox 505 623 763 700; x_wconf 74' lang='grc' dir='ltr'><em>φθάνοις</em></span> <span class='ocrx_word' id='word_1_43' title='bbox 800 629 993 696; x_wconf 80' lang='grc' dir='ltr'><em>λέγων,</em></span> <span class='ocrx_word' id='word_1_44' title='bbox 1051 627 1231 705; x_wconf 71' lang='grc' dir='ltr'><em>φάναι</em></span> <span class='ocrx_word' id='word_1_45' title='bbox 1288 626 1389 684; x_wconf 84' lang='grc' dir='ltr'><strong>τὸν</strong></span> <span class='ocrx_word' id='word_1_46' title='bbox 1423 627 1827 708; x_wconf 73' lang='grc' dir='ltr'><em>Ἀριστοφανη·</em></span> <span class='ocrx_word' id='word_1_47' title='bbox 1873 628 1978 700; x_wconf 79' lang='grc' dir='ltr'><strong>ἐγὼ</strong></span> <span class='ocrx_word' id='word_1_48' title='bbox 2018 633 2075 686; x_wconf 82' lang='grc' dir='ltr'><strong>δὲ</strong></span> 
     </span>
     <span class='ocr_line' id='line_1_7' title="bbox 377 707 848 777; baseline 0.004 -15"><span class='ocrx_word' id='word_1_49' title='bbox 377 712 569 764; x_wconf 76' lang='grc' dir='ltr'><em>ταῦτα</em></span> <span class='ocrx_word' id='word_1_50' title='bbox 613 707 848 777; x_wconf 83' lang='grc' dir='ltr'><em>ποιήσω.</em></span> 
     </span>
     <span class='ocr_line' id='line_1_8' title="bbox 517 790 2076 868; baseline 0.004 -20"><span class='ocrx_word' id='word_1_51' title='bbox 517 790 660 867; x_wconf 86' lang='lat' dir='ltr'>Cap.</span> <span class='ocrx_word' id='word_1_52' title='bbox 720 791 859 850; x_wconf 89' lang='lat' dir='ltr'>XII.</span> <span class='ocrx_word' id='word_1_53' title='bbox 955 796 1152 850; x_wconf 83' lang='grc' dir='ltr'><em>Εὶπεῖν</em></span> <span class='ocrx_word' id='word_1_54' title='bbox 1203 791 1270 862; x_wconf 89' lang='grc' dir='ltr'><strong>δὴ</strong></span> <span class='ocrx_word' id='word_1_55' title='bbox 1327 792 1426 851; x_wconf 87' lang='grc' dir='ltr'><strong>τὸν</strong></span> <span class='ocrx_word' id='word_1_56' title='bbox 1475 794 1858 868; x_wconf 78' lang='grc' dir='ltr'><em>Ἐρυξίμαχον·</em></span> <span class='ocrx_word' id='word_1_57' title='bbox 1914 801 2076 854; x_wconf 81' lang='grc' dir='ltr'><em>Δοκεῖ</em></span> 
     </span>
     <span class='ocr_line' id='line_1_9' title="bbox 390 876 2077 954; baseline 0.005 -24"><span class='ocrx_word' id='word_1_58' title='bbox 390 879 581 932; x_wconf 79' lang='grc' dir='ltr'><em>τοίνυν</em></span> <span class='ocrx_word' id='word_1_59' title='bbox 622 900 723 949; x_wconf 86' lang='grc' dir='ltr'><em>μοι</em></span> <span class='ocrx_word' id='word_1_60' title='bbox 767 876 1078 949; x_wconf 72' lang='grc' dir='ltr'><em>ἀναγκαῖον</em></span> <span class='ocrx_word' id='word_1_61' title='bbox 1122 878 1277 945; x_wconf 83' lang='grc' dir='ltr'><em>εἶναι,</em></span> <span class='ocrx_word' id='word_1_62' title='bbox 1321 877 1503 947; x_wconf 79' lang='grc' dir='ltr'><em>ἐπειδὴ</em></span> <span class='ocrx_word' id='word_1_63' title='bbox 1531 885 1864 946; x_wconf 76' lang='grc' dir='ltr'><em>Παυσανίας</em></span> <span class='ocrx_word' id='word_1_64' title='bbox 1906 879 2077 954; x_wconf 83' lang='grc' dir='ltr'><em>ὁρμή-</em></span> 
     </span>
     <span class='ocr_line' id='line_1_10' title="bbox 251 959 2076 1036; baseline 0.003 -21"><span class='ocrx_word' id='word_1_65' title='bbox 251 982 355 1030; x_wconf 75' lang='grc'><strong>]86</strong></span> <span class='ocrx_word' id='word_1_66' title='bbox 395 979 498 1025; x_wconf 87' lang='grc' dir='ltr'><strong>σας</strong></span> <span class='ocrx_word' id='word_1_67' title='bbox 541 965 629 1017; x_wconf 79' lang='grc' dir='ltr'><strong>ἐπὶ</strong></span> <span class='ocrx_word' id='word_1_68' title='bbox 671 959 770 1017; x_wconf 87' lang='grc' dir='ltr'><strong>τὸν</strong></span> <span class='ocrx_word' id='word_1_69' title='bbox 812 961 982 1032; x_wconf 78' lang='grc' dir='ltr'><em>λόγον</em></span> <span class='ocrx_word' id='word_1_70' title='bbox 1025 966 1204 1028; x_wconf 81' lang='grc' dir='ltr'><em>καλῶς</em></span> <span class='ocrx_word' id='word_1_71' title='bbox 1248 963 1349 1036; x_wconf 82' lang='grc' dir='ltr'><strong>οὐχ</strong></span> <span class='ocrx_word' id='word_1_72' title='bbox 1390 967 1591 1029; x_wconf 84' lang='grc' dir='ltr'><em>ἱκανῶς</em></span> <span class='ocrx_word' id='word_1_73' title='bbox 1621 963 1920 1029; x_wconf 80' lang='grc' dir='ltr'><strong><em>ἀπετέλεσε,</em></strong></span> <span class='ocrx_word' id='word_1_74' title='bbox 1965 969 2076 1022; x_wconf 85' lang='grc' dir='ltr'><em>δεῖν</em></span> 
     </span>
     <span class='ocr_line' id='line_1_11' title="bbox 387 1045 2074 1122; baseline 0.003 -22"><span class='ocrx_word' id='word_1_75' title='bbox 387 1048 478 1115; x_wconf 75' lang='grc' dir='ltr'><strong>ἐμὲ</strong></span> <span class='ocrx_word' id='word_1_76' title='bbox 523 1049 838 1118; x_wconf 75' lang='grc' dir='ltr'><em>πειρᾶσθαι</em></span> <span class='ocrx_word' id='word_1_77' title='bbox 880 1050 1034 1112; x_wconf 80' lang='grc' dir='ltr'><em>τέλος</em></span> <span class='ocrx_word' id='word_1_78' title='bbox 1078 1052 1362 1104; x_wconf 76' lang='grc' dir='ltr'><em>ἐπιθεῖναι</em></span> <span class='ocrx_word' id='word_1_79' title='bbox 1403 1051 1481 1119; x_wconf 79' lang='grc' dir='ltr'><strong>τῷ</strong></span> <span class='ocrx_word' id='word_1_80' title='bbox 1527 1048 1692 1118; x_wconf 80' lang='grc' dir='ltr'><strong>λόγῳ.</strong></span> <span class='ocrx_word' id='word_1_81' title='bbox 1733 1045 1798 1104; x_wconf 83' lang='grc' dir='ltr'><strong>τὸ</strong></span> <span class='ocrx_word' id='word_1_82' title='bbox 1839 1053 1941 1120; x_wconf 80' lang='grc' dir='ltr'><strong>μὲν</strong></span> <span class='ocrx_word' id='word_1_83' title='bbox 1966 1047 2074 1122; x_wconf 76' lang='grc' dir='ltr'><strong>γὰρ</strong></span> 
     </span>
     <span class='ocr_line' id='line_1_12' title="bbox 387 1127 2070 1205; baseline 0.003 -20"><span class='ocrx_word' id='word_1_84' title='bbox 387 1132 623 1187; x_wconf 84' lang='grc' dir='ltr'><em>διπλοῦν</em></span> <span class='ocrx_word' id='word_1_85' title='bbox 668 1128 806 1187; x_wconf 83' lang='grc' dir='ltr'><em>εἶναι</em></span> <span class='ocrx_word' id='word_1_86' title='bbox 851 1127 953 1187; x_wconf 84' lang='grc' dir='ltr'><strong>τὸν</strong></span> <span class='ocrx_word' id='word_1_87' title='bbox 981 1128 1199 1204; x_wconf 80' lang='grc' dir='ltr'><em>’Έρωτα</em></span> <span class='ocrx_word' id='word_1_88' title='bbox 1246 1135 1397 1190; x_wconf 81' lang='grc' dir='ltr'><em>δοκεῖ</em></span> <span class='ocrx_word' id='word_1_89' title='bbox 1419 1155 1517 1205; x_wconf 82' lang='grc' dir='ltr'><em>μοι</em></span> <span class='ocrx_word' id='word_1_90' title='bbox 1547 1135 1726 1197; x_wconf 82' lang='grc' dir='ltr'><em>καλῶς</em></span> <span class='ocrx_word' id='word_1_91' title='bbox 1751 1135 2037 1190; x_wconf 76' lang='grc' dir='ltr'><em>διελέσθαι</em></span> <span class='ocrx_word' id='word_1_92' title='bbox 2057 1154 2070 1166; x_wconf 84' lang='grc'><em>·</em></span> 
     </span>
    </p>
   </div>
   <div class='ocr_carea' id='block_1_3' title="bbox 385 1291 2072 1521">
    <p class='ocr_par' dir='ltr' id='par_1_3' title="bbox 385 1291 2072 1521">
     <span class='ocr_line' id='line_1_13' title="bbox 500 1291 2072 1349; baseline 0.004 -15"><span class='ocrx_word' id='word_1_93' title='bbox 500 1294 553 1336; x_wconf 86' lang='lat' dir='ltr'><strong>E.</strong></span> <span class='ocrx_word' id='word_1_94' title='bbox 616 1293 706 1347; x_wconf 68' lang='grc' dir='ltr'><strong>οἵῳ</strong></span> <span class='ocrx_word' id='word_1_95' title='bbox 747 1291 1006 1349; x_wconf 74' lang='grc' dir='ltr'><em>κνήσαιο]</em></span> <span class='ocrx_word' id='word_1_96' title='bbox 1049 1294 1168 1337; x_wconf 86' lang='lat' dir='ltr'><strong>Libri</strong></span> <span class='ocrx_word' id='word_1_97' title='bbox 1207 1294 1414 1349; x_wconf 57' lang='lat' dir='ltr'><strong>unisonae.</strong></span> <span class='ocrx_word' id='word_1_98' title='bbox 1475 1295 1735 1338; x_wconf 81' lang='lat' dir='ltr'><strong>Emendavit</strong></span> <span class='ocrx_word' id='word_1_99' title='bbox 1775 1296 1986 1341; x_wconf 77' lang='lat' dir='ltr'><strong>Luzacius</strong></span> <span class='ocrx_word' id='word_1_100' title='bbox 2017 1298 2072 1340; x_wconf 85' lang='lat' dir='ltr'><strong>de</strong></span> 
     </span>
     <span class='ocr_line' id='line_1_14' title="bbox 387 1350 2072 1409; baseline 0.002 -16"><span class='ocrx_word' id='word_1_101' title='bbox 387 1351 573 1406; x_wconf 83' lang='lat' dir='ltr'><strong>digamia</strong></span> <span class='ocrx_word' id='word_1_102' title='bbox 606 1352 862 1405; x_wconf 81' lang='lat' dir='ltr'><strong>Socratisp.</strong></span> <span class='ocrx_word' id='word_1_103' title='bbox 884 1350 977 1397; x_wconf 88' lang='grc'>125.</span> <span class='ocrx_word' id='word_1_104' title='bbox 1029 1352 1155 1406; x_wconf 86' lang='lat' dir='ltr'>Apud</span> <span class='ocrx_word' id='word_1_105' title='bbox 1177 1353 1300 1394; x_wconf 91' lang='lat' dir='ltr'><strong>Stob.</strong></span> <span class='ocrx_word' id='word_1_106' title='bbox 1323 1353 1440 1396; x_wconf 84' lang='lat' dir='ltr'><strong>F.lor</strong></span> <span class='ocrx_word' id='word_1_107' title='bbox 1466 1354 1532 1396; x_wconf 88' lang='lat' dir='ltr'><strong>tit.</strong></span> <span class='ocrx_word' id='word_1_108' title='bbox 1553 1354 1810 1408; x_wconf 85' lang='lat' dir='ltr'>xcv111.p.</span> <span class='ocrx_word' id='word_1_109' title='bbox 1835 1354 1932 1398; x_wconf 78' lang='lat'>542.</span> <span class='ocrx_word' id='word_1_110' title='bbox 1963 1356 2072 1409; x_wconf 87' lang='lat' dir='ltr'><strong>legi-</strong></span> 
     </span>
     <span class='ocr_line' id='line_1_15' title="bbox 386 1409 2069 1467; baseline 0.004 -17"><span class='ocrx_word' id='word_1_111' title='bbox 386 1416 455 1450; x_wconf 82' lang='lat' dir='ltr'><strong>tur</strong></span> <span class='ocrx_word' id='word_1_112' title='bbox 489 1409 636 1462; x_wconf 75' lang='grc' dir='ltr'><em>κνήσαι</em></span> <span class='ocrx_word' id='word_1_113' title='bbox 640 1427 683 1461; x_wconf 79' lang='grc' dir='ltr'><strong>ς,</strong></span> <span class='ocrx_word' id='word_1_114' title='bbox 727 1409 842 1463; x_wconf 87' lang='lat' dir='ltr'><strong>quod</strong></span> <span class='ocrx_word' id='word_1_115' title='bbox 875 1409 1044 1451; x_wconf 79' lang='lat' dir='ltr'><strong>restitui</strong></span> <span class='ocrx_word' id='word_1_116' title='bbox 1084 1411 1302 1452; x_wconf 81' lang='lat' dir='ltr'><strong>iusserunt</strong></span> <span class='ocrx_word' id='word_1_117' title='bbox 1332 1411 1553 1464; x_wconf 88' lang='lat' dir='ltr'><strong>thtenb.</strong></span> <span class='ocrx_word' id='word_1_118' title='bbox 1584 1411 2069 1467; x_wconf 70' lang='lat' dir='ltr'><strong>ssib1.cr÷t.1.2.p.50.</strong></span> 
     </span>
     <span class='ocr_line' id='line_1_16' title="bbox 385 1466 2068 1521; baseline 0.002 -14"><span class='ocrx_word' id='word_1_119' title='bbox 385 1467 617 1509; x_wconf 85' lang='lat' dir='ltr'><strong>Villebrun</strong></span> <span class='ocrx_word' id='word_1_120' title='bbox 653 1468 707 1509; x_wconf 82' lang='lat' dir='ltr'><strong>ad</strong></span> <span class='ocrx_word' id='word_1_121' title='bbox 738 1466 893 1509; x_wconf 80' lang='lat' dir='ltr'><strong>Athen.</strong></span> <span class='ocrx_word' id='word_1_122' title='bbox 913 1467 966 1508; x_wconf 90' lang='lat' dir='ltr'><strong>T.</strong></span> <span class='ocrx_word' id='word_1_123' title='bbox 986 1468 1036 1509; x_wconf 91' lang='lat'><strong>11.</strong></span> <span class='ocrx_word' id='word_1_124' title='bbox 1056 1481 1098 1521; x_wconf 88' lang='lat' dir='ltr'><strong>p.</strong></span> <span class='ocrx_word' id='word_1_125' title='bbox 1114 1467 1183 1510; x_wconf 82' lang='lat'><strong>45.</strong></span> <span class='ocrx_word' id='word_1_126' title='bbox 1233 1468 1423 1510; x_wconf 80' lang='lat' dir='ltr'><strong>Animad.</strong></span> <span class='ocrx_word' id='word_1_127' title='bbox 1472 1468 1538 1510; x_wconf 92' lang='lat' dir='ltr'><strong>ed.</strong></span> <span class='ocrx_word' id='word_1_128' title='bbox 1583 1467 1816 1521; x_wconf 78' lang='lat' dir='ltr'><strong>Schweigh.</strong></span> <span class='ocrx_word' id='word_1_129' title='bbox 1864 1471 2068 1514; x_wconf 85' lang='lat' dir='ltr'>Creuzer.</span> 
     </span>
    </p>
   </div>
   <div class='ocr_carea' id='block_1_4' title="bbox 381 1524 2070 1636">
    <p class='ocr_par' dir='ltr' id='par_1_4' title="bbox 381 1524 2070 1636">
     <span class='ocr_line' id='line_1_17' title="bbox 381 1524 1884 1579; baseline 0.001 -12"><span class='ocrx_word' id='word_1_130' title='bbox 381 1524 436 1567; x_wconf 87' lang='lat' dir='ltr'><strong>ad</strong></span> <span class='ocrx_word' id='word_1_131' title='bbox 471 1526 630 1566; x_wconf 90' lang='lat' dir='ltr'><strong>Plotin.</strong></span> <span class='ocrx_word' id='word_1_132' title='bbox 664 1525 729 1568; x_wconf 86' lang='lat' dir='ltr'><strong>de¹</strong></span> <span class='ocrx_word' id='word_1_133' title='bbox 748 1525 926 1566; x_wconf 85' lang='lat' dir='ltr'><strong>Pulerit</strong></span> <span class='ocrx_word' id='word_1_134' title='bbox 952 1538 993 1578; x_wconf 91' lang='lat' dir='ltr'><strong>p.</strong></span> <span class='ocrx_word' id='word_1_135' title='bbox 1019 1524 1117 1569; x_wconf 87' lang='lat'><strong>525.</strong></span> <span class='ocrx_word' id='word_1_136' title='bbox 1140 1525 1251 1567; x_wconf 87' lang='lat' dir='ltr'><strong>conf</strong></span> <span class='ocrx_word' id='word_1_137' title='bbox 1270 1525 1483 1579; x_wconf 88' lang='lat' dir='ltr'><strong>Phileb.p</strong></span> <span class='ocrx_word' id='word_1_138' title='bbox 1489 1524 1573 1568; x_wconf 83' lang='grc'><strong>.46</strong></span> <span class='ocrx_word' id='word_1_139' title='bbox 1609 1525 1660 1566; x_wconf 93' lang='lat' dir='ltr'><strong>D.</strong></span> <span class='ocrx_word' id='word_1_140' title='bbox 1682 1526 1884 1569; x_wconf 79' lang='lat' dir='ltr'><strong>et51.D.</strong></span> 
     </span>
     <span class='ocr_line' id='line_1_18' title="bbox 494 1540 2070 1636; baseline 0.004 -14"><span class='ocrx_word' id='word_1_141' title='bbox 494 1581 666 1635; x_wconf 71' lang='grc' dir='ltr'><em>φάναι</em></span> <span class='ocrx_word' id='word_1_142' title='bbox 695 1580 790 1622; x_wconf 77' lang='grc' dir='ltr'><strong>τὸν</strong></span> <span class='ocrx_word' id='word_1_143' title='bbox 814 1580 1218 1636; x_wconf 73' lang='grc' dir='ltr'><em>Ἀριστοφάνη]</em></span> <span class='ocrx_word' id='word_1_144' title='bbox 1251 1583 1324 1623; x_wconf 84' lang='lat' dir='ltr'><strong>Sic</strong></span> <span class='ocrx_word' id='word_1_145' title='bbox 1355 1540 1483 1624; x_wconf 76' lang='lat' dir='ltr'><strong>Bodlp-</strong></span> <span class='ocrx_word' id='word_1_146' title='bbox 1517 1583 1615 1624; x_wconf 81' lang='lat' dir='ltr'><strong>Vat.</strong></span> <span class='ocrx_word' id='word_1_147' title='bbox 1633 1581 1684 1624; x_wconf 86' lang='lat' dir='ltr'><strong>A.</strong></span> <span class='ocrx_word' id='word_1_148' title='bbox 1706 1583 1797 1624; x_wconf 88' lang='lat' dir='ltr'><strong>Ven</strong></span> <span class='ocrx_word' id='word_1_149' title='bbox 1821 1586 1867 1626; x_wconf 93' lang='grc' dir='ltr'><strong>Ξ.</strong></span> <span class='ocrx_word' id='word_1_150' title='bbox 1896 1583 2070 1629; x_wconf 83' lang='lat' dir='ltr'><strong>Vind.2.</strong></span> 
     </span>
    </p>
   </div>
   <div class='ocr_carea' id='block_1_5' title="bbox 363 1616 2068 1703">
    <p class='ocr_par' dir='ltr' id='par_1_5' title="bbox 363 1616 2068 1703">
     <span class='ocr_line' id='line_1_19' title="bbox 363 1616 2068 1703; baseline 0.001 -20"><span class='ocrx_word' id='word_1_151' title='bbox 363 1616 600 1683; x_wconf 51' lang='lat' dir='ltr'><strong>aPar-DK.</strong></span> <span class='ocrx_word' id='word_1_152' title='bbox 627 1645 735 1694; x_wconf 83' lang='lat' dir='ltr'><strong>Ang.</strong></span> <span class='ocrx_word' id='word_1_153' title='bbox 757 1653 808 1681; x_wconf 91' lang='lat' dir='ltr'><strong>w.</strong></span> <span class='ocrx_word' id='word_1_154' title='bbox 870 1639 1120 1694; x_wconf 85' lang='lat' dir='ltr'><strong>Legebatur</strong></span> <span class='ocrx_word' id='word_1_155' title='bbox 1158 1639 1259 1682; x_wconf 76' lang='lat' dir='ltr'><strong>olim¹</strong></span> <span class='ocrx_word' id='word_1_156' title='bbox 1299 1641 1429 1682; x_wconf 73' lang='grc' dir='ltr'><em>εἰπεῖν</em></span> <span class='ocrx_word' id='word_1_157' title='bbox 1468 1646 1512 1683; x_wconf 88' lang='lat' dir='ltr'><strong>et</strong></span> <span class='ocrx_word' id='word_1_158' title='bbox 1544 1638 1865 1703; x_wconf 68' lang='grc' dir='ltr'><em>Ἀριστοφάνην.</em></span> <span class='ocrx_word' id='word_1_159' title='bbox 1925 1642 2068 1685; x_wconf 82' lang='lat' dir='ltr'><strong>Etiam</strong></span> 
     </span>
    </p>
   </div>
   <div class='ocr_carea' id='block_1_6' title="bbox 363 1778 1185 2240">
    <p class='ocr_par' dir='ltr' id='par_1_6' title="bbox 363 1778 1185 2240">
     <span class='ocr_line' id='line_1_20' title="bbox 437 1778 1182 1836; baseline -0.003 -12"><span class='ocrx_word' id='word_1_160' title='bbox 437 1782 490 1824; x_wconf 82' lang='lat' dir='ltr'><strong>E.</strong></span> <span class='ocrx_word' id='word_1_161' title='bbox 553 1780 649 1834; x_wconf 71' lang='grc' dir='ltr'><strong>οἵῳ</strong></span> <span class='ocrx_word' id='word_1_162' title='bbox 682 1778 917 1834; x_wconf 74' lang='grc' dir='ltr'><em>κνήσαιο</em></span> <span class='ocrx_word' id='word_1_163' title='bbox 948 1779 1010 1821; x_wconf 76' lang='grc' dir='ltr'><strong>ἂν</strong></span> <span class='ocrx_word' id='word_1_164' title='bbox 1043 1798 1080 1822; x_wconf 90' lang='grc' dir='ltr'><strong>τ.</strong></span> <span class='ocrx_word' id='word_1_165' title='bbox 1115 1779 1182 1836; x_wconf 82' lang='grc' dir='ltr'><strong>ῥ]</strong></span> 
     </span>
     <span class='ocr_line' id='line_1_21' title="bbox 385 1840 1182 1893; baseline -0.003 -11"><span class='ocrx_word' id='word_1_166' title='bbox 385 1840 460 1882; x_wconf 86' lang='lat' dir='ltr'><strong>Sic</strong></span> <span class='ocrx_word' id='word_1_167' title='bbox 498 1840 720 1884; x_wconf 85' lang='lat' dir='ltr'><strong>verissime</strong></span> <span class='ocrx_word' id='word_1_168' title='bbox 756 1843 1036 1881; x_wconf 81' lang='lat' dir='ltr'><strong>correxerunt</strong></span> <span class='ocrx_word' id='word_1_169' title='bbox 1068 1840 1182 1893; x_wconf 88' lang='lat' dir='ltr'><strong>vulg.</strong></span> 
     </span>
     <span class='ocr_line' id='line_1_22' title="bbox 383 1895 1185 1951; baseline -0.001 -13"><span class='ocrx_word' id='word_1_170' title='bbox 383 1895 588 1951; x_wconf 65' lang='grc' dir='ltr'><em>κινήσιας.</em></span> <span class='ocrx_word' id='word_1_171' title='bbox 674 1897 887 1939; x_wconf 77' lang='lat' dir='ltr'><strong>Nimirum</strong></span> <span class='ocrx_word' id='word_1_172' title='bbox 943 1896 1185 1938; x_wconf 71' lang='lat' dir='ltr'><strong>titillatione</strong></span> 
     </span>
     <span class='ocr_line' id='line_1_23' title="bbox 381 1954 1184 2008; baseline -0.002 -11"><span class='ocrx_word' id='word_1_173' title='bbox 381 1969 468 1997; x_wconf 89' lang='lat' dir='ltr'><strong>non</strong></span> <span class='ocrx_word' id='word_1_174' title='bbox 497 1961 619 1998; x_wconf 88' lang='lat' dir='ltr'><strong>motu</strong></span> <span class='ocrx_word' id='word_1_175' title='bbox 649 1958 811 1996; x_wconf 81' lang='lat' dir='ltr'><strong>tantum</strong></span> <span class='ocrx_word' id='word_1_176' title='bbox 831 1967 939 2008; x_wconf 86' lang='lat' dir='ltr'><strong>opus</strong></span> <span class='ocrx_word' id='word_1_177' title='bbox 955 1959 1055 1995; x_wconf 79' lang='lat' dir='ltr'><strong>erat.</strong></span> <span class='ocrx_word' id='word_1_178' title='bbox 1095 1954 1184 1995; x_wconf 84' lang='lat' dir='ltr'><strong>De·-</strong></span> 
     </span>
     <span class='ocr_line' id='line_1_24' title="bbox 381 2012 1182 2064; baseline -0.004 -9"><span class='ocrx_word' id='word_1_179' title='bbox 381 2013 516 2055; x_wconf 82' lang='lat' dir='ltr'><strong>fendit</strong></span> <span class='ocrx_word' id='word_1_180' title='bbox 555 2018 698 2054; x_wconf 85' lang='lat' dir='ltr'><strong>tamen</strong></span> <span class='ocrx_word' id='word_1_181' title='bbox 750 2012 955 2053; x_wconf 86' lang='lat' dir='ltr'><strong>librorum</strong></span> <span class='ocrx_word' id='word_1_182' title='bbox 996 2012 1182 2064; x_wconf 78' lang='lat' dir='ltr'><strong>scriptu-</strong></span> 
     </span>
     <span class='ocr_line' id='line_1_25' title="bbox 379 2068 1181 2113; baseline -0.005 0"><span class='ocrx_word' id='word_1_183' title='bbox 379 2084 471 2113; x_wconf 77' lang='lat' dir='ltr'><strong>ram</strong></span> <span class='ocrx_word' id='word_1_184' title='bbox 505 2070 933 2113; x_wconf 81' lang='lat' dir='ltr'><strong>Winckelmann.</strong></span> <span class='ocrx_word' id='word_1_185' title='bbox 980 2068 1033 2110; x_wconf 82' lang='lat' dir='ltr'><strong>ad</strong></span> <span class='ocrx_word' id='word_1_186' title='bbox 1067 2069 1181 2110; x_wconf 88' lang='lat' dir='ltr'><strong>Plut.</strong></span> 
     </span>
     <span class='ocr_line' id='line_1_26' title="bbox 363 2125 1181 2182; baseline -0.005 -11"><span class='ocrx_word' id='word_1_187' title='bbox 363 2131 523 2171; x_wconf 76' lang='lat' dir='ltr'><strong>Amat.</strong></span> <span class='ocrx_word' id='word_1_188' title='bbox 553 2142 592 2182; x_wconf 81' lang='lat' dir='ltr'><strong>p.</strong></span> <span class='ocrx_word' id='word_1_189' title='bbox 626 2125 745 2177; x_wconf 71' lang='lat'>224,</span> <span class='ocrx_word' id='word_1_190' title='bbox 778 2131 937 2168; x_wconf 67' lang='lat' dir='ltr'><strong>contra</strong></span> <span class='ocrx_word' id='word_1_191' title='bbox 959 2139 1084 2180; x_wconf 79' lang='lat' dir='ltr'><strong>quem</strong></span> <span class='ocrx_word' id='word_1_192' title='bbox 1117 2126 1181 2167; x_wconf 91' lang='lat' dir='ltr'><strong>vi-</strong></span> 
     </span>
     <span class='ocr_line' id='line_1_27' title="bbox 377 2182 1176 2240; baseline -0.006 -13"><span class='ocrx_word' id='word_1_193' title='bbox 377 2185 433 2228; x_wconf 85' lang='lat' dir='ltr'><strong>de</strong></span> <span class='ocrx_word' id='word_1_194' title='bbox 471 2199 580 2240; x_wconf 80' lang='lat' dir='ltr'><strong>quae</strong></span> <span class='ocrx_word' id='word_1_195' title='bbox 620 2183 867 2226; x_wconf 84' lang='lat' dir='ltr'><strong>monuimus</strong></span> <span class='ocrx_word' id='word_1_196' title='bbox 912 2184 966 2225; x_wconf 82' lang='lat' dir='ltr'><strong>ad</strong></span> <span class='ocrx_word' id='word_1_197' title='bbox 1009 2182 1176 2226; x_wconf 77' lang='lat' dir='ltr'><strong>Phileb.</strong></span> 
     </span>
    </p>
   </div>
   <div class='ocr_carea' id='block_1_7' title="bbox 296 2243 605 2298">
    <p class='ocr_par' dir='ltr' id='par_1_7' title="bbox 296 2243 605 2298">
     <span class='ocr_line' id='line_1_28' title="bbox 296 2243 605 2298; baseline -0.006 -15"><span class='ocrx_word' id='word_1_198' title='bbox 296 2260 301 2263; x_wconf 52' lang='grc'><em>”</em></span> <span class='ocrx_word' id='word_1_199' title='bbox 376 2258 415 2298; x_wconf 88' lang='lat' dir='ltr'><strong>p.</strong></span> <span class='ocrx_word' id='word_1_200' title='bbox 448 2243 518 2287; x_wconf 84' lang='grc'><strong>46.</strong></span> <span class='ocrx_word' id='word_1_201' title='bbox 551 2243 605 2285; x_wconf 89' lang='grc' dir='ltr'><strong>Ε.</strong></span> 
     </span>
    </p>
   </div>
   <div class='ocr_carea' id='block_1_8' title="bbox 358 2325 1176 2892">
    <p class='ocr_par' dir='ltr' id='par_1_8' title="bbox 358 2325 1176 2892">
     <span class='ocr_line' id='line_1_29' title="bbox 433 2325 1176 2381; baseline -0.003 -12"><span class='ocrx_word' id='word_1_202' title='bbox 433 2327 530 2370; x_wconf 78' lang='grc' dir='ltr'><strong>οὐκ</strong></span> <span class='ocrx_word' id='word_1_203' title='bbox 577 2326 636 2368; x_wconf 71' lang='grc' dir='ltr'><strong>ὃν</strong></span> <span class='ocrx_word' id='word_1_204' title='bbox 677 2325 932 2381; x_wconf 75' lang='grc' dir='ltr'><em>φθάνοις</em></span> <span class='ocrx_word' id='word_1_205' title='bbox 981 2325 1176 2381; x_wconf 68' lang='grc' dir='ltr'><em>λέγων]</em></span> 
     </span>
     <span class='ocr_line' id='line_1_30' title="bbox 375 2385 1175 2440; baseline -0.003 -13"><span class='ocrx_word' id='word_1_206' title='bbox 375 2386 716 2440; x_wconf 80' lang='lat' dir='ltr'><strong>quantocius</strong></span> <span class='ocrx_word' id='word_1_207' title='bbox 748 2385 927 2429; x_wconf 75' lang='lat' dir='ltr'><strong>dicasx</strong></span> <span class='ocrx_word' id='word_1_208' title='bbox 959 2385 1088 2438; x_wconf 88' lang='lat' dir='ltr'><strong>quin</strong></span> <span class='ocrx_word' id='word_1_209' title='bbox 1120 2389 1175 2426; x_wconf 89' lang='lat' dir='ltr'><strong>tu</strong></span> 
     </span>
     <span class='ocr_line' id='line_1_31' title="bbox 376 2442 1176 2486; baseline -0.003 -2"><span class='ocrx_word' id='word_1_210' title='bbox 376 2445 566 2486; x_wconf 80' lang='lat' dir='ltr'><strong>statim</strong></span> <span class='ocrx_word' id='word_1_211' title='bbox 614 2444 675 2484; x_wconf 91' lang='lat' dir='ltr'><strong>in</strong></span> <span class='ocrx_word' id='word_1_212' title='bbox 699 2443 710 2484; x_wconf 88' lang='lat' dir='ltr'><strong>i</strong></span> <span class='ocrx_word' id='word_1_213' title='bbox 735 2448 753 2484; x_wconf 89' lang='lat' dir='ltr'><strong>t</strong></span> <span class='ocrx_word' id='word_1_214' title='bbox 779 2443 839 2484; x_wconf 92' lang='lat' dir='ltr'><strong>iu</strong></span> <span class='ocrx_word' id='word_1_215' title='bbox 862 2455 903 2484; x_wconf 90' lang='lat' dir='ltr'><strong>m</strong></span> <span class='ocrx_word' id='word_1_216' title='bbox 953 2442 1176 2483; x_wconf 82' lang='lat' dir='ltr'><strong>dicendi</strong></span> 
     </span>
     <span class='ocr_line' id='line_1_32' title="bbox 375 2499 1174 2553; baseline -0.003 -11"><span class='ocrx_word' id='word_1_217' title='bbox 375 2501 425 2542; x_wconf 80' lang='lat' dir='ltr'><strong>fa</strong></span> <span class='ocrx_word' id='word_1_218' title='bbox 441 2515 478 2542; x_wconf 86' lang='lat' dir='ltr'><strong>c.</strong></span> <span class='ocrx_word' id='word_1_219' title='bbox 510 2514 552 2544; x_wconf 89' lang='lat' dir='ltr'><strong>v.</strong></span> <span class='ocrx_word' id='word_1_220' title='bbox 581 2500 803 2543; x_wconf 84' lang='lat' dir='ltr'><strong>Phaedon.</strong></span> <span class='ocrx_word' id='word_1_221' title='bbox 828 2513 870 2553; x_wconf 89' lang='lat' dir='ltr'><strong>p.</strong></span> <span class='ocrx_word' id='word_1_222' title='bbox 893 2499 987 2545; x_wconf 89' lang='lat'><strong>100.</strong></span> <span class='ocrx_word' id='word_1_223' title='bbox 1011 2500 1058 2540; x_wconf 87' lang='lat' dir='ltr'><strong>C.</strong></span> <span class='ocrx_word' id='word_1_224' title='bbox 1094 2500 1174 2540; x_wconf 86' lang='lat' dir='ltr'><strong>ibi-</strong></span> 
     </span>
     <span class='ocr_line' id='line_1_33' title="bbox 374 2556 1176 2612; baseline -0.001 -12"><span class='ocrx_word' id='word_1_225' title='bbox 374 2571 458 2612; x_wconf 87' lang='lat' dir='ltr'><strong>que</strong></span> <span class='ocrx_word' id='word_1_226' title='bbox 481 2563 624 2600; x_wconf 77' lang='lat' dir='ltr'><strong>annot.</strong></span> <span class='ocrx_word' id='word_1_227' title='bbox 674 2558 878 2600; x_wconf 84' lang='lat' dir='ltr'><strong>Ceterum</strong></span> <span class='ocrx_word' id='word_1_228' title='bbox 900 2556 1014 2610; x_wconf 86' lang='lat' dir='ltr'>qnod</span> <span class='ocrx_word' id='word_1_229' title='bbox 1050 2557 1176 2599; x_wconf 86' lang='lat' dir='ltr'><strong>Val-</strong></span> 
     </span>
     <span class='ocr_line' id='line_1_34' title="bbox 374 2613 1172 2669; baseline -0.008 -11"><span class='ocrx_word' id='word_1_230' title='bbox 374 2617 594 2658; x_wconf 78' lang='lat' dir='ltr'><strong>ckenar.</strong></span> <span class='ocrx_word' id='word_1_231' title='bbox 628 2614 682 2656; x_wconf 81' lang='lat' dir='ltr'><strong>ad</strong></span> <span class='ocrx_word' id='word_1_232' title='bbox 712 2613 912 2669; x_wconf 83' lang='lat' dir='ltr'><strong>Xenoph.</strong></span> <span class='ocrx_word' id='word_1_233' title='bbox 938 2614 1071 2655; x_wconf 87' lang='lat' dir='ltr'><strong>Mem.</strong></span> <span class='ocrx_word' id='word_1_234' title='bbox 1101 2613 1172 2657; x_wconf 90' lang='lat' dir='ltr'><strong>lv.</strong></span> 
     </span>
     <span class='ocr_line' id='line_1_35' title="bbox 376 2670 1176 2724; baseline -0.008 -9"><span class='ocrx_word' id='word_1_235' title='bbox 376 2672 501 2724; x_wconf 78' lang='lat'><strong>1,1.</strong></span> <span class='ocrx_word' id='word_1_236' title='bbox 539 2677 584 2713; x_wconf 88' lang='lat' dir='ltr'><strong>et</strong></span> <span class='ocrx_word' id='word_1_237' title='bbox 613 2671 851 2713; x_wconf 77' lang='lat' dir='ltr'><strong>wolfius</strong></span> <span class='ocrx_word' id='word_1_238' title='bbox 882 2671 935 2713; x_wconf 75' lang='lat' dir='ltr'><strong>ad</strong></span> <span class='ocrx_word' id='word_1_239' title='bbox 967 2670 1005 2712; x_wconf 74' lang='lat' dir='ltr'><strong>ln.</strong></span> <span class='ocrx_word' id='word_1_240' title='bbox 1037 2673 1062 2711; x_wconf 91' lang='lat' dir='ltr'><strong>l.</strong></span> <span class='ocrx_word' id='word_1_241' title='bbox 1105 2670 1176 2710; x_wconf 79' lang='grc' dir='ltr'><strong>καὶ</strong></span> 
     </span>
     <span class='ocr_line' id='line_1_36' title="bbox 358 2726 1173 2782; baseline -0.001 -14"><span class='ocrx_word' id='word_1_242' title='bbox 358 2728 412 2768; x_wconf 28' lang='grc' dir='ltr'><strong>ἐἰ</strong></span> <span class='ocrx_word' id='word_1_243' title='bbox 449 2741 527 2782; x_wconf 87' lang='lat' dir='ltr'><strong>pro</strong></span> <span class='ocrx_word' id='word_1_244' title='bbox 566 2728 603 2768; x_wconf 74' lang='grc' dir='ltr'><strong>εἰ</strong></span> <span class='ocrx_word' id='word_1_245' title='bbox 642 2726 711 2769; x_wconf 77' lang='grc' dir='ltr'><strong>καὶ</strong></span> <span class='ocrx_word' id='word_1_246' title='bbox 751 2727 912 2769; x_wconf 81' lang='lat' dir='ltr'><strong>dictum</strong></span> <span class='ocrx_word' id='word_1_247' title='bbox 953 2731 1173 2781; x_wconf 79' lang='lat' dir='ltr'><strong>putarunt,</strong></span> 
     </span>
     <span class='ocr_line' id='line_1_37' title="bbox 371 2781 1171 2838; baseline -0.003 -11"><span class='ocrx_word' id='word_1_248' title='bbox 371 2784 428 2827; x_wconf 82' lang='lat' dir='ltr'><strong>de</strong></span> <span class='ocrx_word' id='word_1_249' title='bbox 449 2798 502 2826; x_wconf 86' lang='lat' dir='ltr'><strong>eo</strong></span> <span class='ocrx_word' id='word_1_250' title='bbox 520 2798 559 2826; x_wconf 86' lang='lat' dir='ltr'><strong>v.</strong></span> <span class='ocrx_word' id='word_1_251' title='bbox 581 2783 635 2824; x_wconf 78' lang='lat' dir='ltr'><strong>ad</strong></span> <span class='ocrx_word' id='word_1_252' title='bbox 659 2785 840 2838; x_wconf 80' lang='lat' dir='ltr'><strong>Apolog.</strong></span> <span class='ocrx_word' id='word_1_253' title='bbox 863 2783 1030 2825; x_wconf 77' lang='lat' dir='ltr'><strong>Socrat.</strong></span> <span class='ocrx_word' id='word_1_254' title='bbox 1045 2796 1085 2836; x_wconf 85' lang='lat' dir='ltr'><strong>p.</strong></span> <span class='ocrx_word' id='word_1_255' title='bbox 1101 2781 1171 2826; x_wconf 85' lang='lat'><strong>32.</strong></span> 
     </span>
     <span class='ocr_line' id='line_1_38' title="bbox 371 2838 1170 2892; baseline -0.005 -8"><span class='ocrx_word' id='word_1_256' title='bbox 371 2843 423 2884; x_wconf 75' lang='lat' dir='ltr'><strong>A.</strong></span> <span class='ocrx_word' id='word_1_257' title='bbox 455 2843 552 2883; x_wconf 79' lang='lat' dir='ltr'><strong>coll.</strong></span> <span class='ocrx_word' id='word_1_258' title='bbox 586 2840 880 2883; x_wconf 81' lang='lat' dir='ltr'><strong>Hermann.</strong></span> <span class='ocrx_word' id='word_1_259' title='bbox 928 2839 983 2880; x_wconf 82' lang='lat' dir='ltr'><strong>ad</strong></span> <span class='ocrx_word' id='word_1_260' title='bbox 1029 2838 1170 2892; x_wconf 80' lang='lat' dir='ltr'><strong>Viget.</strong></span> 
     </span>
    </p>
   </div>
   <div class='ocr_carea' id='block_1_9' title="bbox 370 2898 540 2954">
    <p class='ocr_par' dir='ltr' id='par_1_9' title="bbox 370 2898 540 2954">
     <span class='ocr_line' id='line_1_39' title="bbox 370 2898 540 2954; baseline 0 -11"><span class='ocrx_word' id='word_1_261' title='bbox 370 2898 540 2954; x_wconf 81' lang='lat' dir='ltr'>p..832</span> 
     </span>
    </p>
   </div>
   <div class='ocr_carea' id='block_1_10' title="bbox 364 2981 1171 3439">
    <p class='ocr_par' dir='ltr' id='par_1_10' title="bbox 364 2981 1171 3439">
     <span class='ocr_line' id='line_1_40' title="bbox 428 2981 1171 3037; baseline -0.004 -10"><span class='ocrx_word' id='word_1_262' title='bbox 428 2984 619 3027; x_wconf 69' lang='grc' dir='ltr'><em>Εἴπεῖν</em></span> <span class='ocrx_word' id='word_1_263' title='bbox 666 2981 721 3035; x_wconf 78' lang='grc' dir='ltr'><strong>δὴ</strong></span> <span class='ocrx_word' id='word_1_264' title='bbox 764 2981 859 3023; x_wconf 82' lang='grc' dir='ltr'><strong>τὸν</strong></span> <span class='ocrx_word' id='word_1_265' title='bbox 885 2982 1171 3037; x_wconf 69' lang='grc' dir='ltr'><em>Ἐρυξίμα-</em></span> 
     </span>
     <span class='ocr_line' id='line_1_41' title="bbox 366 3040 1167 3100; baseline 0.001 -18"><span class='ocrx_word' id='word_1_266' title='bbox 366 3042 487 3100; x_wconf 83' lang='grc' dir='ltr'><em>χον]</em></span> <span class='ocrx_word' id='word_1_267' title='bbox 533 3040 735 3094; x_wconf 84' lang='lat' dir='ltr'>Sequitur</span> <span class='ocrx_word' id='word_1_268' title='bbox 766 3041 906 3082; x_wconf 81' lang='lat' dir='ltr'><strong>oratio</strong></span> <span class='ocrx_word' id='word_1_269' title='bbox 941 3041 1167 3094; x_wconf 78' lang='lat' dir='ltr'><strong>Eryxinm-</strong></span> 
     </span>
     <span class='ocr_line' id='line_1_42' title="bbox 370 3098 1167 3153; baseline -0.001 -12"><span class='ocrx_word' id='word_1_270' title='bbox 370 3099 436 3141; x_wconf 74' lang='lat' dir='ltr'><strong>chi</strong></span> <span class='ocrx_word' id='word_1_271' title='bbox 467 3098 646 3151; x_wconf 82' lang='lat' dir='ltr'><strong>medici,</strong></span> <span class='ocrx_word' id='word_1_272' title='bbox 682 3110 765 3153; x_wconf 75' lang='lat' dir='ltr'><strong>qua</strong></span> <span class='ocrx_word' id='word_1_273' title='bbox 806 3098 877 3140; x_wconf 83' lang='lat' dir='ltr'><strong>ille</strong></span> <span class='ocrx_word' id='word_1_274' title='bbox 913 3099 996 3140; x_wconf 83' lang='lat' dir='ltr'><strong>vim</strong></span> <span class='ocrx_word' id='word_1_275' title='bbox 1030 3105 1073 3140; x_wconf 86' lang='lat' dir='ltr'><strong>et</strong></span> <span class='ocrx_word' id='word_1_276' title='bbox 1104 3099 1167 3141; x_wconf 88' lang='lat' dir='ltr'><strong>ef-</strong></span> 
     </span>
     <span class='ocr_line' id='line_1_43' title="bbox 368 3155 1167 3208; baseline 0 -9"><span class='ocrx_word' id='word_1_277' title='bbox 368 3157 556 3199; x_wconf 83' lang='lat' dir='ltr'><strong>ficaciam</strong></span> <span class='ocrx_word' id='word_1_278' title='bbox 600 3155 768 3198; x_wconf 81' lang='lat' dir='ltr'><strong>Amoris</strong></span> <span class='ocrx_word' id='word_1_279' title='bbox 810 3168 889 3208; x_wconf 86' lang='lat' dir='ltr'><strong>per</strong></span> <span class='ocrx_word' id='word_1_280' title='bbox 929 3160 1064 3198; x_wconf 77' lang='lat' dir='ltr'><strong>totam</strong></span> <span class='ocrx_word' id='word_1_281' title='bbox 1096 3169 1167 3199; x_wconf 83' lang='lat' dir='ltr'><strong>re-</strong></span> 
     </span>
     <span class='ocr_line' id='line_1_44' title="bbox 368 3208 1165 3266; baseline -0.001 -10"><span class='ocrx_word' id='word_1_282' title='bbox 368 3227 464 3257; x_wconf 84' lang='lat' dir='ltr'><strong>rum</strong></span> <span class='ocrx_word' id='word_1_283' title='bbox 503 3208 700 3256; x_wconf 81' lang='lat' dir='ltr'><strong>naturam</strong></span> <span class='ocrx_word' id='word_1_284' title='bbox 741 3218 961 3266; x_wconf 76' lang='lat' dir='ltr'><strong>patentem</strong></span> <span class='ocrx_word' id='word_1_285' title='bbox 1008 3220 1051 3255; x_wconf 84' lang='lat' dir='ltr'><strong>et</strong></span> <span class='ocrx_word' id='word_1_286' title='bbox 1080 3226 1165 3255; x_wconf 87' lang='lat' dir='ltr'><strong>non</strong></span> 
     </span>
     <span class='ocr_line' id='line_1_45' title="bbox 367 3269 1165 3323; baseline 0.003 -12"><span class='ocrx_word' id='word_1_287' title='bbox 367 3273 508 3314; x_wconf 81' lang='lat' dir='ltr'><strong>solum</strong></span> <span class='ocrx_word' id='word_1_288' title='bbox 555 3272 599 3314; x_wconf 81' lang='lat' dir='ltr'><strong>in</strong></span> <span class='ocrx_word' id='word_1_289' title='bbox 636 3269 877 3313; x_wconf 81' lang='lat' dir='ltr'><strong>hominibus</strong></span> <span class='ocrx_word' id='word_1_290' title='bbox 922 3271 1165 3323; x_wconf 78' lang='lat' dir='ltr'><strong>ceterisque</strong></span> 
     </span>
     <span class='ocr_line' id='line_1_46' title="bbox 366 3327 1163 3381; baseline -0.001 -10"><span class='ocrx_word' id='word_1_291' title='bbox 366 3329 666 3381; x_wconf 75' lang='lat' dir='ltr'><strong>animantibus,</strong></span> <span class='ocrx_word' id='word_1_292' title='bbox 700 3327 779 3370; x_wconf 72' lang='lat' dir='ltr'><strong>aed</strong></span> <span class='ocrx_word' id='word_1_293' title='bbox 810 3327 940 3369; x_wconf 83' lang='lat' dir='ltr'><strong>etiam</strong></span> <span class='ocrx_word' id='word_1_294' title='bbox 977 3328 1015 3369; x_wconf 92' lang='lat' dir='ltr'><strong>in</strong></span> <span class='ocrx_word' id='word_1_295' title='bbox 1049 3329 1163 3370; x_wconf 89' lang='lat' dir='ltr'><strong>omni</strong></span> 
     </span>
     <span class='ocr_line' id='line_1_47' title="bbox 364 3386 1162 3439; baseline -0.003 -11"><span class='ocrx_word' id='word_1_296' title='bbox 364 3387 554 3430; x_wconf 88' lang='lat' dir='ltr'><strong>omnium</strong></span> <span class='ocrx_word' id='word_1_297' title='bbox 605 3397 749 3430; x_wconf 84' lang='lat' dir='ltr'><strong>rerum</strong></span> <span class='ocrx_word' id='word_1_298' title='bbox 800 3389 946 3428; x_wconf 77' lang='lat' dir='ltr'><strong>natura</strong></span> <span class='ocrx_word' id='word_1_299' title='bbox 993 3386 1162 3439; x_wconf 67' lang='lat' dir='ltr'><strong>corispi-</strong></span> 
     </span>
    </p>
   </div>
   <div class='ocr_carea' id='block_1_11' title="bbox 1247 1781 2068 3442">
    <p class='ocr_par' dir='ltr' id='par_1_11' title="bbox 1247 1781 2068 3442">
     <span class='ocr_line' id='line_1_48' title="bbox 1269 1781 2068 1838; baseline 0.003 -15"><span class='ocrx_word' id='word_1_300' title='bbox 1269 1795 1392 1823; x_wconf 87' lang='lat' dir='ltr'><strong>cuam</strong></span> <span class='ocrx_word' id='word_1_301' title='bbox 1425 1782 1642 1823; x_wconf 75' lang='lat' dir='ltr'><strong>celebrare</strong></span> <span class='ocrx_word' id='word_1_302' title='bbox 1674 1781 1867 1824; x_wconf 77' lang='lat' dir='ltr'><strong>instituit.</strong></span> <span class='ocrx_word' id='word_1_303' title='bbox 1907 1782 2068 1838; x_wconf 81' lang='lat' dir='ltr'><strong>Respi-</strong></span> 
     </span>
     <span class='ocr_line' id='line_1_49' title="bbox 1270 1838 2066 1892; baseline 0.004 -12"><span class='ocrx_word' id='word_1_304' title='bbox 1270 1839 1329 1880; x_wconf 86' lang='lat' dir='ltr'><strong>cit</strong></span> <span class='ocrx_word' id='word_1_305' title='bbox 1357 1844 1499 1881; x_wconf 82' lang='lat' dir='ltr'><strong>autem</strong></span> <span class='ocrx_word' id='word_1_306' title='bbox 1522 1838 1830 1892; x_wconf 76' lang='lat' dir='ltr'><strong>Eryximachus</strong></span> <span class='ocrx_word' id='word_1_307' title='bbox 1855 1838 1966 1882; x_wconf 80' lang='lat' dir='ltr'><strong>haud</strong></span> <span class='ocrx_word' id='word_1_308' title='bbox 1987 1841 2066 1883; x_wconf 83' lang='lat' dir='ltr'><strong>du-</strong></span> 
     </span>
     <span class='ocr_line' id='line_1_50' title="bbox 1269 1896 2065 1941; baseline 0.003 -3"><span class='ocrx_word' id='word_1_309' title='bbox 1269 1897 1340 1938; x_wconf 89' lang='lat' dir='ltr'><strong>bie</strong></span> <span class='ocrx_word' id='word_1_310' title='bbox 1363 1896 1415 1937; x_wconf 81' lang='lat' dir='ltr'><strong>ad</strong></span> <span class='ocrx_word' id='word_1_311' title='bbox 1432 1896 1737 1938; x_wconf 78' lang='lat' dir='ltr'><strong>nobilissimam</strong></span> <span class='ocrx_word' id='word_1_312' title='bbox 1765 1897 1877 1939; x_wconf 79' lang='lat' dir='ltr'><strong>illam</strong></span> <span class='ocrx_word' id='word_1_313' title='bbox 1895 1903 1939 1939; x_wconf 85' lang='lat' dir='ltr'><strong>et</strong></span> <span class='ocrx_word' id='word_1_314' title='bbox 1956 1899 2065 1941; x_wconf 84' lang='lat' dir='ltr'><strong>mul-</strong></span> 
     </span>
     <span class='ocr_line' id='line_1_51' title="bbox 1267 1953 2066 2009; baseline 0.003 -14"><span class='ocrx_word' id='word_1_315' title='bbox 1267 1954 1346 2005; x_wconf 83' lang='lat' dir='ltr'><strong>tis,</strong></span> <span class='ocrx_word' id='word_1_316' title='bbox 1377 1958 1424 1994; x_wconf 84' lang='lat' dir='ltr'><strong>ut</strong></span> <span class='ocrx_word' id='word_1_317' title='bbox 1454 1953 1638 2006; x_wconf 83' lang='lat' dir='ltr'><strong>videtur,</strong></span> <span class='ocrx_word' id='word_1_318' title='bbox 1674 1955 1861 2008; x_wconf 77' lang='lat' dir='ltr'>posteris</span> <span class='ocrx_word' id='word_1_319' title='bbox 1891 1959 2066 2009; x_wconf 87' lang='lat' dir='ltr'><strong>tempo-</strong></span> 
     </span>
     <span class='ocr_line' id='line_1_52' title="bbox 1268 2011 2064 2065; baseline 0.003 -12"><span class='ocrx_word' id='word_1_320' title='bbox 1268 2012 1386 2053; x_wconf 84' lang='lat' dir='ltr'>ribus</span> <span class='ocrx_word' id='word_1_321' title='bbox 1413 2011 1637 2065; x_wconf 81' lang='lat' dir='ltr'><strong>probatnm</strong></span> <span class='ocrx_word' id='word_1_322' title='bbox 1657 2012 1912 2054; x_wconf 75' lang='lat' dir='ltr'><strong>sententiam</strong></span> <span class='ocrx_word' id='word_1_323' title='bbox 1943 2018 2064 2056; x_wconf 83' lang='lat' dir='ltr'><strong>vete-</strong></span> 
     </span>
     <span class='ocr_line' id='line_1_53' title="bbox 1268 2068 2060 2123; baseline 0.003 -13"><span class='ocrx_word' id='word_1_324' title='bbox 1268 2081 1362 2110; x_wconf 85' lang='lat' dir='ltr'><strong>rum</strong></span> <span class='ocrx_word' id='word_1_325' title='bbox 1394 2068 1661 2121; x_wconf 80' lang='lat' dir='ltr'><strong>quorundam</strong></span> <span class='ocrx_word' id='word_1_326' title='bbox 1695 2068 2060 2123; x_wconf 80' lang='lat' dir='ltr'><strong>philosophorum,</strong></span> 
     </span>
     <span class='ocr_line' id='line_1_54' title="bbox 1266 2125 2061 2179; baseline 0.003 -13"><span class='ocrx_word' id='word_1_327' title='bbox 1266 2126 1337 2179; x_wconf 87' lang='lat' dir='ltr'><strong>qui</strong></span> <span class='ocrx_word' id='word_1_328' title='bbox 1384 2131 1628 2167; x_wconf 82' lang='lat' dir='ltr'><strong>statuerunt</strong></span> <span class='ocrx_word' id='word_1_329' title='bbox 1676 2125 1888 2168; x_wconf 58' lang='lat' dir='ltr'><strong>§lementa</strong></span> <span class='ocrx_word' id='word_1_330' title='bbox 1926 2127 2061 2169; x_wconf 82' lang='lat' dir='ltr'><strong>totius</strong></span> 
     </span>
     <span class='ocr_line' id='line_1_55' title="bbox 1264 2183 2062 2240; baseline 0.003 -15"><span class='ocrx_word' id='word_1_331' title='bbox 1264 2196 1407 2225; x_wconf 86' lang='lat' dir='ltr'><strong>rerum</strong></span> <span class='ocrx_word' id='word_1_332' title='bbox 1450 2183 1735 2226; x_wconf 81' lang='lat' dir='ltr'><strong>universitatis</strong></span> <span class='ocrx_word' id='word_1_333' title='bbox 1767 2183 1877 2226; x_wconf 82' lang='lat' dir='ltr'><strong>inter</strong></span> <span class='ocrx_word' id='word_1_334' title='bbox 1906 2197 1953 2227; x_wconf 81' lang='lat' dir='ltr'><strong>se</strong></span> <span class='ocrx_word' id='word_1_335' title='bbox 1983 2197 2062 2240; x_wconf 88' lang='lat' dir='ltr'><strong>pu-</strong></span> 
     </span>
     <span class='ocr_line' id='line_1_56' title="bbox 1264 2240 2061 2294; baseline 0.004 -13"><span class='ocrx_word' id='word_1_336' title='bbox 1264 2241 1434 2294; x_wconf 80' lang='lat' dir='ltr'><strong>gnantia</strong></span> <span class='ocrx_word' id='word_1_337' title='bbox 1467 2254 1543 2294; x_wconf 86' lang='lat' dir='ltr'><strong>per</strong></span> <span class='ocrx_word' id='word_1_338' title='bbox 1578 2240 1848 2283; x_wconf 75' lang='lat' dir='ltr'><strong>concordiam</strong></span> <span class='ocrx_word' id='word_1_339' title='bbox 1881 2246 1924 2283; x_wconf 79' lang='lat' dir='ltr'><strong>et</strong></span> <span class='ocrx_word' id='word_1_340' title='bbox 1953 2243 2061 2284; x_wconf 54' lang='lat' dir='ltr'><strong>amia</strong></span> 
     </span>
     <span class='ocr_line' id='line_1_57' title="bbox 1266 2298 2062 2353; baseline 0.004 -14"><span class='ocrx_word' id='word_1_341' title='bbox 1266 2300 1408 2340; x_wconf 82' lang='lat' dir='ltr'><strong>citiam</strong></span> <span class='ocrx_word' id='word_1_342' title='bbox 1449 2298 1664 2353; x_wconf 79' lang='grc' dir='ltr'><em>(φιλίαν)</em></span> <span class='ocrx_word' id='word_1_343' title='bbox 1717 2311 1815 2340; x_wconf 81' lang='lat' dir='ltr'>esse</span> <span class='ocrx_word' id='word_1_344' title='bbox 1866 2298 1978 2341; x_wconf 86' lang='lat' dir='ltr'><strong>inter</strong></span> <span class='ocrx_word' id='word_1_345' title='bbox 2013 2308 2062 2342; x_wconf 70' lang='lat' dir='ltr'><strong>se</strong></span> 
     </span>
     <span class='ocr_line' id='line_1_58' title="bbox 1263 2355 2061 2399; baseline 0.001 -2"><span class='ocrx_word' id='word_1_346' title='bbox 1263 2357 1490 2397; x_wconf 81' lang='lat' dir='ltr'><strong>conciliata</strong></span> <span class='ocrx_word' id='word_1_347' title='bbox 1521 2361 1565 2397; x_wconf 86' lang='lat' dir='ltr'><strong>et</strong></span> <span class='ocrx_word' id='word_1_348' title='bbox 1585 2358 1626 2397; x_wconf 84' lang='lat' dir='ltr'><strong>in</strong></span> <span class='ocrx_word' id='word_1_349' title='bbox 1647 2355 1837 2397; x_wconf 84' lang='lat' dir='ltr'>ordinem</span> <span class='ocrx_word' id='word_1_350' title='bbox 1868 2356 2061 2399; x_wconf 82' lang='lat' dir='ltr'><strong>redacta.</strong></span> 
     </span>
     <span class='ocr_line' id='line_1_59' title="bbox 1262 2413 2058 2467; baseline 0.003 -13"><span class='ocrx_word' id='word_1_351' title='bbox 1262 2426 1301 2454; x_wconf 88' lang='lat' dir='ltr'><strong>v.</strong></span> <span class='ocrx_word' id='word_1_352' title='bbox 1335 2414 1635 2455; x_wconf 78' lang='lat' dir='ltr'><strong>Aristotel.</strong></span> <span class='ocrx_word' id='word_1_353' title='bbox 1670 2413 1911 2467; x_wconf 75' lang='lat' dir='ltr'><strong>Metaphys.</strong></span> <span class='ocrx_word' id='word_1_354' title='bbox 1949 2413 2058 2456; x_wconf 82' lang='lat'><strong>1-4.</strong></span> 
     </span>
     <span class='ocr_line' id='line_1_60' title="bbox 1262 2470 2060 2525; baseline -0.001 -11"><span class='ocrx_word' id='word_1_355' title='bbox 1262 2484 1303 2525; x_wconf 89' lang='lat' dir='ltr'><strong>p.</strong></span> <span class='ocrx_word' id='word_1_356' title='bbox 1331 2470 1427 2514; x_wconf 76' lang='lat'>644.</span> <span class='ocrx_word' id='word_1_357' title='bbox 1450 2470 1503 2512; x_wconf 90' lang='lat' dir='ltr'><strong>T.</strong></span> <span class='ocrx_word' id='word_1_358' title='bbox 1524 2470 1577 2512; x_wconf 86' lang='lat'><strong>11.</strong></span> <span class='ocrx_word' id='word_1_359' title='bbox 1611 2470 1679 2512; x_wconf 87' lang='lat' dir='ltr'><strong>ed.</strong></span> <span class='ocrx_word' id='word_1_360' title='bbox 1700 2471 1848 2513; x_wconf 83' lang='lat' dir='ltr'><strong>Duval.</strong></span> <span class='ocrx_word' id='word_1_361' title='bbox 1876 2475 1920 2511; x_wconf 89' lang='lat' dir='ltr'><strong>et</strong></span> <span class='ocrx_word' id='word_1_362' title='bbox 1948 2484 2060 2525; x_wconf 73' lang='lat' dir='ltr'><strong>quos</strong></span> 
     </span>
     <span class='ocr_line' id='line_1_61' title="bbox 1262 2527 2058 2597; baseline -0.001 -27"><span class='ocrx_word' id='word_1_363' title='bbox 1262 2528 1436 2570; x_wconf 78' lang='lat' dir='ltr'><strong>laudant</strong></span> <span class='ocrx_word' id='word_1_364' title='bbox 1488 2527 1620 2582; x_wconf 87' lang='lat' dir='ltr'>intpp.</span> <span class='ocrx_word' id='word_1_365' title='bbox 1672 2527 1727 2569; x_wconf 79' lang='lat' dir='ltr'><strong>ad</strong></span> <span class='ocrx_word' id='word_1_366' title='bbox 1753 2528 2058 2597; x_wconf 78' lang='lat' dir='ltr'><strong>Aristoph.</strong></span> 
     </span>
     <span class='ocr_line' id='line_1_62' title="bbox 1261 2581 2058 2640; baseline -0.003 -13"><span class='ocrx_word' id='word_1_367' title='bbox 1261 2587 1369 2627; x_wconf 85' lang='lat' dir='ltr'><strong>Av.v</strong></span> <span class='ocrx_word' id='word_1_368' title='bbox 1374 2599 1419 2626; x_wconf 88' lang='lat' dir='ltr'><strong>·.v</strong></span> <span class='ocrx_word' id='word_1_369' title='bbox 1435 2585 1517 2630; x_wconf 87' lang='grc'><strong>695</strong></span> <span class='ocrx_word' id='word_1_370' title='bbox 1531 2598 1650 2638; x_wconf 72' lang='lat' dir='ltr'><strong>sqq·</strong></span> <span class='ocrx_word' id='word_1_371' title='bbox 1679 2581 1891 2640; x_wconf 72' lang='grc' dir='ltr'><em>πρότερον</em></span> <span class='ocrx_word' id='word_1_372' title='bbox 1909 2583 1954 2625; x_wconf 86' lang='grc' dir='ltr'><em>δ</em></span> <span class='ocrx_word' id='word_1_373' title='bbox 1977 2583 2058 2626; x_wconf 71' lang='grc' dir='ltr'><strong>οὐκ</strong></span> 
     </span>
     <span class='ocr_line' id='line_1_63' title="bbox 1262 2637 2059 2696; baseline 0.003 -15"><span class='ocrx_word' id='word_1_374' title='bbox 1262 2637 1313 2694; x_wconf 76' lang='grc' dir='ltr'><strong>ἧν</strong></span> <span class='ocrx_word' id='word_1_375' title='bbox 1342 2641 1463 2695; x_wconf 71' lang='grc' dir='ltr'><em>γένος</em></span> <span class='ocrx_word' id='word_1_376' title='bbox 1493 2639 1751 2692; x_wconf 72' lang='grc' dir='ltr'><em>ἀθανάτων,</em></span> <span class='ocrx_word' id='word_1_377' title='bbox 1785 2640 1889 2695; x_wconf 71' lang='grc' dir='ltr'><em>πρὶν</em></span> <span class='ocrx_word' id='word_1_378' title='bbox 1926 2641 2059 2696; x_wconf 78' lang='grc' dir='ltr'><em>Ἔρως</em></span> 
     </span>
     <span class='ocr_line' id='line_1_64' title="bbox 1260 2696 2059 2752; baseline 0.001 -13"><span class='ocrx_word' id='word_1_379' title='bbox 1260 2713 1328 2739; x_wconf 89' lang='grc' dir='ltr'><strong>συ</strong></span> <span class='ocrx_word' id='word_1_380' title='bbox 1329 2697 1511 2752; x_wconf 46' lang='lat' dir='ltr'><strong>(ful-&#39;er‘</strong></span> <span class='ocrx_word' id='word_1_381' title='bbox 1490 2696 1684 2738; x_wconf 63' lang='grc' dir='ltr'><em>ἅπαντα·</em></span> <span class='ocrx_word' id='word_1_382' title='bbox 1713 2703 2059 2752; x_wconf 75' lang='grc' dir='ltr'><em>συμμιγνυμένων</em></span> 
     </span>
     <span class='ocr_line' id='line_1_65' title="bbox 1258 2753 2056 2824; baseline 0.001 -28"><span class='ocrx_word' id='word_1_383' title='bbox 1258 2753 1302 2796; x_wconf 78' lang='grc' dir='ltr'><strong>δ’</strong></span> <span class='ocrx_word' id='word_1_384' title='bbox 1345 2756 1494 2807; x_wconf 65' lang='grc' dir='ltr'><em>ἑτέρων</em></span> <span class='ocrx_word' id='word_1_385' title='bbox 1521 2755 1699 2824; x_wconf 72' lang='grc' dir='ltr'><em>ἑτέροις,</em></span> <span class='ocrx_word' id='word_1_386' title='bbox 1735 2753 1876 2808; x_wconf 73' lang='grc' dir='ltr'><em>γένετ’</em></span> <span class='ocrx_word' id='word_1_387' title='bbox 1918 2755 2056 2824; x_wconf 62' lang='lat' dir='ltr'><strong>ovec-</strong></span> 
     </span>
     <span class='ocr_line' id='line_1_66' title="bbox 1256 2810 2057 2867; baseline 0.006 -17"><span class='ocrx_word' id='word_1_388' title='bbox 1256 2827 1331 2859; x_wconf 72' lang='grc' dir='ltr'><em>*νος</em></span> <span class='ocrx_word' id='word_1_389' title='bbox 1374 2810 1560 2858; x_wconf 63' lang='grc' dir='ltr'><strong>ωκὲανος</strong></span> <span class='ocrx_word' id='word_1_390' title='bbox 1601 2826 1646 2852; x_wconf 71' lang='lat' dir='ltr'><strong>t!</strong></span> <span class='ocrx_word' id='word_1_391' title='bbox 1693 2811 1763 2852; x_wconf 63' lang='grc' dir='ltr'><strong>και</strong></span> <span class='ocrx_word' id='word_1_392' title='bbox 1801 2816 1857 2867; x_wconf 69' lang='grc' dir='ltr'><em>νῆ</em></span> <span class='ocrx_word' id='word_1_393' title='bbox 1888 2828 2057 2855; x_wconf 59' lang='grc' dir='ltr'><strong>71131·τωῖ</strong></span> 
     </span>
     <span class='ocr_line' id='line_1_67' title="bbox 1256 2866 2057 2923; baseline 0.004 -14"><span class='ocrx_word' id='word_1_394' title='bbox 1256 2883 1302 2909; x_wconf 81' lang='grc' dir='ltr'><strong>τε</strong></span> <span class='ocrx_word' id='word_1_395' title='bbox 1334 2872 1447 2910; x_wconf 81' lang='grc' dir='ltr'><em>θεῶν</em></span> <span class='ocrx_word' id='word_1_396' title='bbox 1479 2866 1684 2923; x_wconf 72' lang='grc' dir='ltr'><em>μακάρων</em></span> <span class='ocrx_word' id='word_1_397' title='bbox 1714 2870 1831 2923; x_wconf 71' lang='grc' dir='ltr'><em>γένος</em></span> <span class='ocrx_word' id='word_1_398' title='bbox 1861 2868 2057 2923; x_wconf 74' lang='grc' dir='ltr'><em>ἄφθιτον</em></span> 
     </span>
     <span class='ocr_line' id='line_1_68' title="bbox 1255 2927 2055 2971; baseline 0.008 -6"><span class='ocrx_word' id='word_1_399' title='bbox 1255 2942 1292 2967; x_wconf 80' lang='grc' dir='ltr'><strong>κ.</strong></span> <span class='ocrx_word' id='word_1_400' title='bbox 1325 2943 1364 2967; x_wconf 84' lang='grc' dir='ltr'><em>τ</em></span> <span class='ocrx_word' id='word_1_401' title='bbox 1399 2927 1435 2968; x_wconf 82' lang='grc' dir='ltr'><strong><em>λ</em></strong></span> <span class='ocrx_word' id='word_1_402' title='bbox 1487 2927 1629 2969; x_wconf 84' lang='lat' dir='ltr'><strong>Conf.</strong></span> <span class='ocrx_word' id='word_1_403' title='bbox 1647 2927 1771 2969; x_wconf 79' lang='lat' dir='ltr'><strong>etiam</strong></span> <span class='ocrx_word' id='word_1_404' title='bbox 1811 2927 2055 2971; x_wconf 77' lang='lat' dir='ltr'>Karsten</span> 
     </span>
     <span class='ocr_line' id='line_1_69' title="bbox 1254 2982 2053 3039; baseline 0.001 -14"><span class='ocrx_word' id='word_1_405' title='bbox 1254 2983 1308 3025; x_wconf 78' lang='lat' dir='ltr'><strong>ad</strong></span> <span class='ocrx_word' id='word_1_406' title='bbox 1342 2983 1611 3026; x_wconf 76' lang='lat' dir='ltr'><strong>parmenidis</strong></span> <span class='ocrx_word' id='word_1_407' title='bbox 1641 2983 1864 3038; x_wconf 76' lang='lat' dir='ltr'><strong>Reliquias</strong></span> <span class='ocrx_word' id='word_1_408' title='bbox 1894 2998 1935 3039; x_wconf 84' lang='lat' dir='ltr'><strong>p.</strong></span> <span class='ocrx_word' id='word_1_409' title='bbox 1967 2982 2053 3030; x_wconf 82' lang='lat'><strong>233</strong></span> 
     </span>
     <span class='ocr_line' id='line_1_70' title="bbox 1254 3039 2053 3095; baseline 0.005 -14"><span class='ocrx_word' id='word_1_410' title='bbox 1254 3054 1351 3094; x_wconf 84' lang='lat' dir='ltr'><strong>sqq.</strong></span> <span class='ocrx_word' id='word_1_411' title='bbox 1412 3041 1564 3095; x_wconf 83' lang='lat' dir='ltr'><strong>ltaque</strong></span> <span class='ocrx_word' id='word_1_412' title='bbox 1602 3046 1750 3083; x_wconf 80' lang='lat' dir='ltr'><strong>orator</strong></span> <span class='ocrx_word' id='word_1_413' title='bbox 1781 3039 1948 3095; x_wconf 79' lang='grc' dir='ltr'><em>Ἔρωτα</em></span> <span class='ocrx_word' id='word_1_414' title='bbox 1987 3045 2053 3085; x_wconf 71' lang='grc' dir='ltr'><strong>Ια-</strong></span> 
     </span>
     <span class='ocr_line' id='line_1_71' title="bbox 1252 3099 2051 3157; baseline 0.005 -18"><span class='ocrx_word' id='word_1_415' title='bbox 1252 3099 1366 3157; x_wconf 61' lang='lat' dir='ltr'><strong>tim-o</strong></span> <span class='ocrx_word' id='word_1_416' title='bbox 1403 3112 1530 3142; x_wconf 77' lang='lat' dir='ltr'><strong>sensu</strong></span> <span class='ocrx_word' id='word_1_417' title='bbox 1569 3103 1698 3141; x_wconf 77' lang='lat' dir='ltr'><strong>vocat</strong></span> <span class='ocrx_word' id='word_1_418' title='bbox 1739 3099 1821 3141; x_wconf 75' lang='lat' dir='ltr'><strong>vim</strong></span> <span class='ocrx_word' id='word_1_419' title='bbox 1863 3100 2051 3143; x_wconf 73' lang='lat' dir='ltr'><strong>illumin</strong></span> 
     </span>
     <span class='ocr_line' id='line_1_72' title="bbox 1252 3155 2050 3211; baseline 0.004 -14"><span class='ocrx_word' id='word_1_420' title='bbox 1252 3169 1393 3199; x_wconf 80' lang='lat' dir='ltr'><strong>rerum</strong></span> <span class='ocrx_word' id='word_1_421' title='bbox 1426 3161 1580 3198; x_wconf 77' lang='lat' dir='ltr'><strong>natura</strong></span> <span class='ocrx_word' id='word_1_422' title='bbox 1601 3155 1909 3207; x_wconf 81' lang='lat' dir='ltr'><strong>dominantem,</strong></span> <span class='ocrx_word' id='word_1_423' title='bbox 1940 3170 2050 3211; x_wconf 77' lang='lat' dir='ltr'>quae</span> 
     </span>
     <span class='ocr_line' id='line_1_73' title="bbox 1252 3215 2049 3268; baseline 0.004 -14"><span class='ocrx_word' id='word_1_424' title='bbox 1252 3215 1464 3255; x_wconf 75' lang='lat' dir='ltr'><strong>contraria</strong></span> <span class='ocrx_word' id='word_1_425' title='bbox 1517 3220 1560 3256; x_wconf 85' lang='lat' dir='ltr'><strong>et</strong></span> <span class='ocrx_word' id='word_1_426' title='bbox 1616 3226 1763 3255; x_wconf 84' lang='lat' dir='ltr'><strong>secum</strong></span> <span class='ocrx_word' id='word_1_427' title='bbox 1815 3216 2049 3268; x_wconf 72' lang='lat' dir='ltr'><strong>pugnantia</strong></span> 
     </span>
     <span class='ocr_line' id='line_1_74' title="bbox 1251 3271 2046 3314; baseline 0 -2"><span class='ocrx_word' id='word_1_428' title='bbox 1251 3271 1448 3314; x_wconf 79' lang='lat' dir='ltr'><strong>conciliat</strong></span> <span class='ocrx_word' id='word_1_429' title='bbox 1483 3277 1526 3314; x_wconf 85' lang='lat' dir='ltr'><strong>et</strong></span> <span class='ocrx_word' id='word_1_430' title='bbox 1552 3272 1591 3313; x_wconf 85' lang='lat' dir='ltr'><strong>in</strong></span> <span class='ocrx_word' id='word_1_431' title='bbox 1628 3271 1901 3313; x_wconf 81' lang='lat' dir='ltr'><strong>concordiam</strong></span> <span class='ocrx_word' id='word_1_432' title='bbox 1932 3271 2046 3314; x_wconf 82' lang='lat' dir='ltr'><strong>redi—</strong></span> 
     </span>
     <span class='ocr_line' id='line_1_75' title="bbox 1248 3326 2046 3382; baseline 0 -12"><span class='ocrx_word' id='word_1_433' title='bbox 1248 3330 1325 3382; x_wconf 80' lang='lat' dir='ltr'><strong>git.</strong></span> <span class='ocrx_word' id='word_1_434' title='bbox 1405 3329 1611 3372; x_wconf 83' lang='lat' dir='ltr'><strong>Ceterum</strong></span> <span class='ocrx_word' id='word_1_435' title='bbox 1671 3326 2046 3370; x_wconf 69' lang='lat' dir='ltr'><strong>Thierschius</strong></span> 
     </span>
     <span class='ocr_line' id='line_1_76' title="bbox 1247 3384 2045 3442; baseline 0.004 -16"><span class='ocrx_word' id='word_1_436' title='bbox 1247 3386 1434 3441; x_wconf 82' lang='lat' dir='ltr'><strong>Specim.</strong></span> <span class='ocrx_word' id='word_1_437' title='bbox 1453 3399 1492 3442; x_wconf 82' lang='lat' dir='ltr'><strong>p.</strong></span> <span class='ocrx_word' id='word_1_438' title='bbox 1517 3386 1580 3431; x_wconf 85' lang='lat'><strong>13.</strong></span> <span class='ocrx_word' id='word_1_439' title='bbox 1611 3385 1777 3428; x_wconf 79' lang='lat' dir='ltr'><strong>censuit</strong></span> <span class='ocrx_word' id='word_1_440' title='bbox 1808 3384 1916 3428; x_wconf 80' lang='lat' dir='ltr'><strong>hanc</strong></span> <span class='ocrx_word' id='word_1_441' title='bbox 1946 3398 2045 3429; x_wconf 80' lang='lat' dir='ltr'><strong>ora-</strong></span> 
     </span>
    </p>
   </div>
  </div>
 </body>
</html>
