2158 3718
992 120 1312 204 PLATONIS

251 155 353 210 160

247 300 363 351 τῶν
398 300 655 368 πολλῶν,
695 296 846 362 ὅπως
882 297 955 368 μὴ
996 297 1108 369 ἅμα
1143 298 1604 371 ἀποθνήσκοντος
1648 306 1750 356 τοῦ
1794 296 2024 374 ἀνθρώ-

247 399 360 436 που
407 382 878 437 διασκεδάννυται
923 380 957 453 ἡ
1005 381 1154 454 ψυχὴ
1202 385 1296 438 καὶ
1340 383 1483 458 αὐτῇ
1534 389 1637 440 τοῦ
1675 382 1819 441 εἶναι
1855 391 2022 442 τοῦτο

246 467 402 530 τέλος
437 460 493 538 ᾗ.
569 471 627 521 τί
658 466 765 538 γὰρ
804 466 1011 521 κωλύει
1047 470 1345 535 γίγνεσθαι
1381 470 1485 540 μὲν
1522 468 1700 541 αὐτὴν
1736 472 1830 524 καὶ
1867 471 2024 536 ξυνί-

248 557 490 606 στασθαι
527 551 774 606 ἄλλοθέν
810 558 992 606 ποθεν
1030 553 1126 606 καὶ
1163 550 1335 624 εἶναι,
1374 557 1510 626 πρὶν
1548 557 1641 609 καὶ
1680 557 1758 619 εἰς
1795 554 2024 626 ἀνθρώ-

246 653 409 690 πειον
455 640 614 708 σῶμα
660 633 993 707 ἀφικέσθαι,
1044 635 1274 692 ἐπειδὰν
1311 638 1373 694 δὲ
1411 640 1677 711 ἀφίκηται
1715 641 1809 694 καὶ
1845 638 2025 694 ἀπαλ-

247 720 510 792 λάττηται
545 721 771 790 τούτου,
809 722 935 777 τότε
972 724 1067 776 καὶ
1104 721 1284 794 αὐτὴν
1321 728 1589 779 τελευτᾶν
1627 727 1721 779 καὶ
1759 726 2020 796 διαφθεί-

193 817 223 859 C
247 811 475 876 ρεσθαι;
525 799 614 860 Εὖ
651 808 856 877 λέγεις,
896 810 1024 877 ἔφη,
1065 802 1109 861 ὦ
1147 811 1379 879 Σιμμία,
1420 808 1448 863 ὁ
1487 811 1686 880 Κέβης.
1763 811 2024 880 φαίνεται

244 886 354 960 γὰρ
402 888 584 962 ὥςπερ
631 890 1244 962 ἤμισυάποδεδεῖχθαι
1281 886 1352 947 οὗ
1389 895 1500 964 δεῖ,
1541 893 1653 964 ὅτι,
1692 896 1828 964 πρὶν
1864 896 2024 964 γενέ-

246 981 383 1028 σθαι
419 972 580 1046 ἡμᾶς,
619 970 692 1046 ἦν
729 975 889 1047 ἡμῶν
925 975 959 1048 ἡ
997 979 1174 1048 ψυχή’
1217 980 1308 1032 δεῖ
1340 979 1402 1033 δὲ
1439 980 1898 1050 προςαποδεῖξαι,
1938 978 2023 1034 ὅτι

245 1062 339 1113 καὶ
378 1059 610 1115 ἐπειδὰν
647 1058 1026 1133 ἀποθάνωμεν
1072 1061 1244 1118 οὐδὲν
1288 1056 1457 1135 ἦττον
1494 1067 1649 1119 ἔσται
1684 1064 1719 1134 ἢ
1757 1065 1892 1134 πρὶν
1927 1084 2024 1134 γε-

359 1249 407 1292 Β.
432 1239 550 1303 ἅμα
571 1241 897 1304 ἀποθνήσκ.
904 1250 917 1303 ]
941 1242 1041 1306 ἅμα
1063 1264 1143 1292 om
1166 1266 1230 1305 pr.
1242 1252 1362 1293 Bodl.
1385 1265 1481 1292 oum
1503 1253 1609 1294 Tub.
1633 1254 1740 1297 ven.
1752 1251 1959 1299 ΞΠΡετ.
1971 1252 2019 1293 G.

244 1304 297 1346 Et
325 1306 479 1346 abiecit
501 1319 590 1347 voc.
620 1307 759 1347 Herm.
752 1339 778 1360 .‚
810 1309 884 1358 qui
913 1320 1003 1348 eam
1026 1310 1248 1349 correctori
1277 1310 1419 1349 deberi
1440 1309 1678 1353 arbitiatur.
1719 1309 1851 1350 Nobis
1874 1321 1924 1349 ea
1944 1322 2023 1350 nee

240 1362 382 1403 otiosa
399 1375 494 1403 esse
510 1369 550 1402 et
566 1369 803 1404 eete101um
820 1364 1023 1405 libiorum
1045 1366 1292 1406 auctoritate
1312 1366 1417 1406 satis
1439 1366 1595 1406 muniri
1613 1366 1793 1407 videtur.
1816 1365 2022 1407 Nimirum

243 1419 428 1471 gravite1
457 1420 664 1460 indicatur
686 1434 712 1461 u
725 1433 784 1460 na
805 1434 900 1461 oum
921 1428 1057 1462 morte
1079 1423 1203 1463 etiam
1225 1423 1356 1463 animi
1376 1423 1590 1463 interitum
1610 1434 1741 1475 posse
1761 1424 1944 1464 evenire.

358 1501 456 1545 δια
469 1499 867 1547 σκεδανννται
896 1499 925 1571 ἡ
955 1499 1134 1572 zpvxyq']
1165 1507 1211 1546 In
1233 1507 1354 1548 Bodl
1376 1507 1713 1560 superscriptum
1734 1505 2022 1549 διασκεδαν-

241 1553 431 1614 νύηται.
471 1561 533 1601 De
561 1560 640 1601 hae
666 1562 803 1603 forma
829 1564 1088 1603 coniunctivi
1115 1563 1225 1603 infra
1254 1564 1412 1604 dictum
1440 1576 1464 1603 a
1494 1565 1616 1604 nobis
1648 1571 1726 1607 est.
1767 1563 1866 1605 Mox
1886 1565 2017 1605 Bekk.

242 1617 335 1656 sine
356 1617 474 1658 lituis
496 1610 686 1671 ἁμόθεν
706 1615 864 1661 ποθέν
884 1632 960 1674 pro
984 1612 1196 1662 ἄλλοθεν
1216 1617 1373 1663 ποθέν
1393 1622 1600 1674 probante
1621 1620 1875 1664 Hermanno.

357 1701 402 1744 G.
434 1700 531 1744 δεῖ
555 1698 618 1745 δε
647 1703 1131 1772 προςαποδεῖξαι]
1162 1707 1274 1746 Vett.
1300 1705 1416 1746 editt.
1440 1703 1545 1747 δεῖν
1567 1700 1620 1748 δε
1641 1703 2020 1760 προςαποδεῖξαι
2084 1765 2093 1769 J

242 1753 328 1811 ἔτι,
353 1754 397 1800 εἰ
416 1756 500 1800 καὶ
522 1752 723 1802 ἐπειδὰν
745 1755 1071 1816 ἀποθάνωμεν
1093 1776 1135 1803 κ.
1160 1776 1198 1805 τ.
1225 1763 1263 1805 λ.
1309 1761 1393 1803 Sed
1417 1760 1497 1803 δεῖ
1515 1763 1636 1804 Bodl.
1658 1764 1753 1805 Vat.
1776 1764 1883 1806 Tub.
1908 1764 2017 1805 Ven.

242 1815 294 1856 H
316 1816 444 1860 Vind.
468 1816 507 1857 Φ
538 1816 646 1857 Flor.
671 1818 697 1857 d
725 1818 820 1861 Par.
847 1819 881 1860 G
909 1819 1053 1860 Ambr.

1095 1819 1174 1859 Pro
1207 1814 1277 1860 ἔτι
1306 1819 1424 1860 Bodl.
1457 1828 1496 1858 et
1518 1820 1623 1862 Tub.
1646 1826 1757 1860 recte
1777 1810 1865 1863 ὅτι.
1911 1819 2019 1861 Illud

243 1868 288 1913 εἰ
305 1878 404 1912 ante
424 1869 508 1914 καὶ
529 1865 731 1916 ἐπειδάν
753 1875 878 1928 vulgo
900 1876 1112 1917 int1usum
1135 1888 1215 1917 om.
1238 1876 1358 1918 Bodl.
1380 1877 1489 1917 Ven.
1514 1875 1573 1917 H.

240 2020 586 2083 σκεδάννυται,
624 2037 922 2084 praeterquam
971 2032 1085 2084 quod

238 2087 279 2126 in
312 2086 432 2129 Bodi.
463 2087 667 2141 scriptum
711 2088 864 2140 legitur
894 2087 1085 2131 διασκε-

239 2196 475 2242 δανννται
518 2200 597 2241 hae
633 2209 778 2243 annot.
810 2203 851 2242 in
890 2204 1084 2256 margine

607 2272 634 2299 τ
714 2273 740 2300 τ

237 2314 455 2379 apposita:
494 2305 552 2380 ὁρ
581 2307 656 2360 ἀν.
679 2308 758 2357 ὑπ.
781 2314 823 2358 h.
846 2328 882 2356 e.
907 2309 1082 2370 ὁριστι-

237 2366 325 2412 κόν
347 2363 457 2412 ἀντὶ
478 2364 821 2426 ὑποτακτικοῦ,
855 2385 938 2423 quo
961 2386 1084 2414 nemo

238 2432 303 2466 est
323 2428 428 2479 quin
451 2428 592 2471 videat
613 2430 833 2483 vulgatam
861 2429 1084 2470 lectionem

238 2495 320 2523 non
344 2485 469 2525 modo
493 2497 578 2525 non
607 2493 849 2540 suspectam
873 2486 978 2538 fie1i,
1010 2487 1086 2527 sed

237 2541 362 2580 etiam
411 2541 665 2587 confirmari.
735 2543 893 2584 Similis
950 2543 1085 2584 forma

237 2597 494 2639 coniunctivi
516 2611 617 2640 mox
638 2599 672 2639 D
695 2600 850 2653 legitur
875 2601 917 2640 in
942 2601 1083 2640 verbis

236 2646 301 2706 μὴ
325 2675 378 2682 -—
409 2653 630 2711 διαφυσᾷ
670 2654 754 2698 καὶ
795 2649 1083 2698 διασκεδάν-

236 2721 415 2775 ννσιν,
436 2712 509 2750 ubi
550 2720 691 2752 tamen
721 2714 992 2753 He1mann.
1027 2713 1085 2751 De

236 2772 349 2818 part.
382 2780 445 2808 αν
473 2779 516 2819 Ρ.
541 2770 622 2809 120
649 2769 924 2811 indicativum
948 2781 1076 2821 agno-
1088 2810 1102 2817 ,

237 2822 330 2862 soit.
355 2835 393 2861 v.
416 2823 714 2865 Buttmann.
740 2825 925 2866 Grnmm.
950 2825 1080 2879 ampl.

236 2879 267 2920 Ι.
291 2890 333 2930 p.
355 2874 458 2928 520,
491 2881 562 2929 qui
593 2881 739 2921 laudat
761 2883 884 2921 etiam
907 2882 1079 2921 Lucian.

235 2933 297 2974 De
318 2935 454 2979 saltat.
469 2937 537 2987 70,
556 2938 627 2978 ubi
647 2944 710 2978 est
732 2931 1077 2979 §ntdst'mevth

236 2989 450 3034 Addimus
490 2993 599 3033 infra
629 3007 672 3062 p.
696 2995 801 3035 ’ΠΕ
844 2991 1079 3059 δεδιέναι,

234 3040 299 3102 μὴ
331 3041 356 3090 ὃ
387 3040 563 3104 ἄνεμος
595 3044 750 3104 αὐτὴν
791 3045 1080 3094 διασκεδάν-

232 3116 540 3160 vvmv‚311pra
562 3119 604 3161 p.
627 3110 681 3150 70
694 3110 753 3174 Α,
779 3109 849 3148 ubi
872 3108 1079 3149 Stobaeus

233 3174 328 3201 eum
391 3175 474 3204 uno
534 3165 626 3208 eod.
677 3139 942 3206 ἀπόλλυται
1000 3178 1077 3218 pio

233 3212 532 3285 ἀπολλύηται
554 3221 693 3265 habet.
727 3222 853 3275 (ioig.
877 3235 919 3275 p.
941 3223 1023 3262 468
1046 3223 1077 3262 Β

232 3266 351 3318 ὅταν
368 3268 738 3343 ἀποκτίννυμεν.
751 3279 952 3319 Themist.
966 3279 1075 3319 Orat.

233 3334 265 3373 l.
288 3345 330 3386 p.
356 3334 381 3374 5
405 3334 471 3375 ed.
491 3334 616 3377 Dind.
641 3327 759 3377 ὅταν
780 3331 862 3389 ἔχῃ
884 3328 975 3401 τὴν
993 3335 1076 3390 βα-

234 3387 395 3455 σιλέως
427 3386 591 3455 ψυχὴν
619 3389 704 3434 καὶ
733 3384 925 3433 α’παντα
955 3386 978 3432 ὁ
1019 3392 1075 3434 οὗ

231 3439 291 3488 τὰ
313 3440 481 3503 ἀγαθοὶ
505 3450 826 3503 συνειληφυῖα
849 3443 953 3490 τότε
1000 3463 1076 3491 πι-

233 3502 449 3549 δείκνυσι
474 3505 863 3562 φιλανθρωπιᾞαν
898 3506 1075 3549 Videtur

1130 2041 1143 2055 ·-
1172 2036 1333 2097 autem,
1363 2032 1400 2072 si
1423 2044 1524 2072 vera
1545 2039 1608 2073 est
1635 2032 1742 2073 haee
1762 2032 1898 2074 forma
1920 2045 2016 2074 eon-

1171 2089 1363 2140 iunetivi‚
1406 2097 1582 2129 accentu
1621 2098 1781 2131 mutato
1823 2090 2016 2131 seriben-

1172 2146 1272 2185 dum
1296 2158 1391 2186 esse
1414 2143 1847 2199 διασκεδαννῦται,
1870 2139 2014 2189 ἀπολ-

1171 2200 1311 2243 λῦται
1332 2216 1374 2243 κ.
1399 2216 1436 2243 τ.
1461 2203 1498 2244 λ.

1229 2251 1474 2300 ἐπειδὰν
1502 2255 1564 2300 δε
1603 2251 1910 2314 ἀφίκηται]
1952 2262 2017 2301 In-

1170 2315 1255 2355 tell.
1281 2312 1348 2364 εἰς
1371 2308 1681 2381 ἀνθρώπειον
1702 2315 1849 2371 σῶμα.
1893 2317 2016 2366 Quod

1173 2385 1339 2424 moneo,
1383 2373 1482 2424 quia
1524 2386 1659 2427 nupei
1699 2374 1778 2414 luit
1809 2374 1882 2426 qui
1910 2373 2014 2413 haec

1172 2437 1458 2471 converteret:
1482 2442 1595 2469 oum
1617 2436 1789 2471 autem
1812 2431 2015 2471 disces-

1173 2499 1192 2526 s
1207 2499 1228 2525 e
1240 2486 1319 2528 rit.

1229 2541 1274 2583 C.
1288 2541 1781 2596 προςαποδεῖξαι,
1803 2535 1894 2584 ὅτι
1914 2541 2014 2585 καὶ

1173 2592 1273 2653 επ.]
1307 2601 1493 2639 Alteram
1523 2600 1822 2653 disputationis
1851 2606 2014 2654 partem

1172 2654 1307 2696 Cebes
1329 2656 1387 2695 ait
1403 2656 1541 2696 adhue
1558 2657 1815 2708 desideiaii,
1839 2657 2013 2697 demon-

1172 2713 1393 2752 strandum
1443 2713 1556 2752 enim
1607 2711 1745 2753 adhuc
1786 2725 1913 2766 supe1
1917 2726 2014 2754 esse

1169 2769 1358 2808 animum
1379 2781 1552 2809 manere
1574 2781 1652 2809 nee
1674 2770 1863 2819 interire,
1894 2771 1966 2811 ubi
1987 2783 2013 2811 a

1169 2837 1345 2878 corpore
1386 2826 1644 2866 discesserit.
1698 2824 1775 2867 Cui
1817 2825 2012 2868 Socrates

1170 2881 1252 2921 sibi
1280 2881 1360 2922 hoe
1388 2883 1471 2922 iam
1503 2884 1605 2923 satis
1635 2884 1858 2936 probatum
1879 2884 2012 2924 videri

1167 2939 1417 2992 respondet,
1442 2940 1786 2992 coniungendam
1809 2940 1918 2980 enim
1941 2953 2009 2981 es-

1167 3007 1213 3034 se
1234 2995 1314 3036 hoo
1335 3004 1630 3049 argumentum
1660 3010 1755 3037 oum
1778 2997 2008 3049 superiori-

1168 3052 1259 3094 bus.
1300 3052 1405 3092 Nam
1447 3054 1482 3093 si
1513 3066 1657 3094 verum
1694 3054 1750 3095 sit
1776 3053 1886 3093 hano
1915 3066 2011 3095 esse

1167 3116 1431 3150 constantem
1462 3118 1637 3150 naturae
1658 3111 1806 3164 legem,
1837 3116 1883 3150 ut
1907 3109 2009 3150 nihil

1165 3165 1357 3220 intereat,
1388 3167 1463 3207 sed
1493 3174 1676 3208 mutetur
1701 3175 1879 3218 tantum,
1912 3175 1952 3207 et
1972 3167 2010 3208 εἰ

1166 3222 1341 3263 dubium
1373 3236 1455 3264 non
1485 3225 1539 3264 sit
1558 3225 1746 3264 animum
1768 3236 1907 3264 rerum
1932 3235 2008 3264 no-

1165 3279 1279 3319 titias
1309 3280 1402 3319 siue
1431 3282 1620 3334 corporis
1651 3293 1733 3335 ope
1771 3280 2005 3332 accepisse,

1165 3348 1342 3377 neeesse
1373 3337 1498 3378 etiam
1521 3350 1631 3389 esse,
1664 3347 1711 3377 ut
1730 3337 1896 3376 animus
1918 3349 2005 3377 ma-

1164 3399 1275 3436 neat.
1317 3393 1402 3434 Sed
1423 3400 1467 3434 ut
1490 3395 1627 3434 omnis
1650 3395 1859 3434 eximatur
1881 3393 2006 3435 dubi-

1162 3451 1277 3499 tatio,
1308 3451 1406 3490 inde
1433 3463 1458 3490 a
1479 3463 1571 3504 cap.
1595 3451 1737 3491 XXIV
1760 3463 1892 3492 novas
1915 3452 2005 3491 eius

1164 3508 1219 3546 rei
1242 3508 1424 3549 rationes
1446 3508 1597 3549 afferre
1618 3508 1812 3550 instituit.
