2158 3718
954 0 1084 14 Ἴτ’-ν’

716 191 796 228 An
837 162 1210 231 sYMPosmM.‘
1620 193 1789 232 van

114 319 171 371 in
208 336 270 372 eo
299 337 464 402 opere
498 319 671 372 locum
696 318 1022 383 concederet,
1059 317 1202 388 quod
1222 317 1469 372 laudibus
1493 325 1649 388 atque
1673 321 1787 391 glo-

115 390 224 443 riae
247 389 349 443 viri
375 389 747 460 sapientissimi
772 389 1090 443 destinatum
1114 398 1269 443 esset.
1304 387 1569 442 Nimirum
1592 390 1792 445 urbane

117 460 490 532 eleganterque
524 459 825 530 legentibus
861 460 1027 513 voluit
1062 459 1358 532 significare
1382 460 1468 513 vel
1489 460 1668 530 potius
1692 479 1790 531 pa-

119 531 365 594 tefacere,
403 539 599 599 quanto
633 529 720 586 ille
755 531 977 583 inferior
1016 528 1235 585 Socrate
1271 530 1473 595 fuisset,
1510 531 1635 584 licet
1670 534 1791 584 eum

115 600 242 653 olim
263 601 476 655 nefarie
513 610 654 655 esset
687 601 830 672 apud
853 601 1039 671 populi
1073 600 1465 654 multitudinem
1501 602 1790 656 calumnia-

117 680 221 729 tus.
279 670 461 740 Atque
509 672 611 725 hoc
654 671 730 725 ita
772 681 916 725 recte
961 671 1121 725 statui
1169 672 1326 725 etiam
1377 672 1479 724 alia
1526 673 1793 738 evincunt,

113 760 250 810 quae
282 741 340 795 in
376 740 660 813 Symposio
704 743 792 796 vel
838 742 904 796 de
942 741 1160 797 Socrate
1203 743 1288 796 vel
1331 743 1399 796 de
1433 743 1794 815 Aristophane

115 811 357 882 exposita
389 813 657 884 leguntur.
690 812 831 866 Nam
866 813 1096 884 primum
1117 813 1331 882 quidem
1366 813 1598 868 comicus
1634 834 1667 867 a
1692 813 1794 868 So-

115 891 258 938 crate
294 885 551 955 pungitur
576 884 688 937 sine
724 883 886 936 dubio
922 903 1002 947 eo,
1039 884 1182 953 quod
1214 884 1303 936 hic
1337 903 1492 938 omne
1529 885 1643 938 eius
1681 894 1794 938 stu-

115 953 264 1005 dium
281 954 420 1007 circa
436 953 708 1008 Bacchum
720 958 784 1007 -et
799 953 1068 1008 Venerem
1083 954 1287 1008 versari
1312 954 1441 1007 dicit
1453 955 1542 1025 (p.
1555 957 1673 1008 177.
1686 955 1796 1024 Ε.).

119 1022 281 1090 Quod
317 1025 417 1080 etsi
453 1024 701 1095 ambigue
737 1024 939 1078 dictum
962 1034 1060 1087 est,
1096 1024 1524 1092 quandoquidem
1548 1025 1797 1080 Bacchus

115 1094 350 1164 praefuit
395 1096 554 1148 etiam
598 1095 742 1148 ludis
790 1094 1013 1148 scenicis
1057 1100 1216 1162 atque
1251 1094 1436 1148 Venus
1483 1096 1797 1150 ereberrime

114 1183 239 1219 cum
260 1183 339 1219 ‚eo
374 1174 645 1234 tamquam
679 1183 855 1218 comes
889 1165 1238 1228 consociatur,
1288 1173 1464 1218 tamen
1505 1184 1612 1219 non
1658 1177 1800 1220 caret

115 1243 258 1290 certe
292 1235 575 1289 virulentia
609 1235 853 1305 quadam,
887 1253 1026 1304 quae
1062 1234 1167 1287 fuit
1202 1236 1361 1288 etiam
1396 1238 1656 1290 sententia
1676 1237 1798 1291 Fa-

115 1305 314 1360 bricii
348 1305 660 1360 Bibliothec.
696 1304 794 1360 Gr.
818 1305 940 1359 Vol.
966 1305 1012 1359 I.
1061 1305 1220 1359 Libr.·
1245 1305 1319 1359 ΙΙ.
1367 1325 1412 1359 c.
1449 1307 1536 1360 21.
1568 1327 1622 1378 p.
1659 1309 1799 1372 706„

117 1377 430 1447 praesertim
466 1396 630 1447 quum
650 1375 1038 1447 Aristophanes
1075 1386 1128 1430 et
1148 1376 1335 1447 ‘pridie
1368 1377 1476 1430 iam
1497 1377 1801 1450 Agathonis

115 1447 288 1517 epulis
321 1448 622 1503 interfuerit
666 1455 718 1500 et
740 1448 912 1501 'iuxta
958 1465 1080 1501 cum
1114 1448 1399 1520 Agathone
1442 1449 1601 1502 etiam
1636 1451 1801 1503 altero

117 1518 207 1577 die
241 1518 468 1572 convivii
502 1519 642 1572 inter
675 1518 889 1572 ultimos
915 1527 1183 1589 potatores
1220 1537 1337 1571 esse
1368 1529 1630 1588 narretur,
1669 1522 1802 1575 adeo

119 1597 180 1643 ut
201 1589 466 1659 potatione
489 1589 776 1660 languidus
809 1589 1037 1657 denique
1061 1589 1417 1643 obdormiscat
1438 1589 1517 1662 (p.
1538 1591 1656 1645 228.
1676 1591 1801 1662 D.)‚

121 1655 343 1713 Socrate
378 1659 537 1713 etiam
560 1670 674 1712 tum
707 1659 870 1712 alacri
907 1669 960 1713 et
993 1659 1062 1712 ad
1084 1659 1468 1730 disputandum
1489 1671 1695 1731 promto
1719 1671 1801 1716 at·-

115 1747 222 1799 que
253 1739 453 1800 parato.
490 1730 660 1785 Porro
685 1730 844 1784 etiam
869 1730 1134 1800 singultus
1157 1731 1244 1784 ille
1267 1730 1656 1803 Aristophanis,
1679 1733 1804 1787 licet

121 1809 175 1854 et
207 1800 325 1871 ipse
360 1800 561 1870 aliquid
595 1800 791 1854 habeat
813 1800 1193 1873 ambiguitatis,
1233 1801 1510 1871 siquidem,
1547 1812 1609 1855 ut
1641 1804 1803 1874 supra

117 1871 465 1936 ostendimUS,
509 1872 672 1926 ,etiam
716 1872 787 1924 ad
832 1872 1067 1925 taedium
1112 1891 1180 1925 ex
1220 1872 1522 1927 Pausaniae
1566 1875 1802 1928 oratione

119 1951 437 2014 conceptum
469 1943 653 1996 referri
688 1951 883 2012 potest,
919 1951 1111 2006 tamen,
1135 1940 1261 2011 quia
1297 1943 1518 1997 fortasse
1555 1946 1646 1996 ὑπὸ
1682 1948 1802 2014 πλη-

0 2006 1 2050 ἷ
69 2083 75 2089 ·
122 2018 327 2082 canvile,
356 2032 386 2068 e
421 2014 620 2068 ventris
654 2013 999 2084 plenitudine,
1039 2022 1186 2066 ortus
1223 2033 1342 2067 esse
1376 2015 1658 2080 iudicatur,
1694 2035 1803 2082 non

121 2083 279 2154 plane
312 2103 502 2138 vacare
537 2085 747 2138 videtur
781 2084 1038 2148 irrisione,
1075 2084 1275 2155 quippe
1310 2103 1416 2154 quo
1454 2085 1569 2139 eius
1593 2094 1804 2140 notetur

120 2155 540 2224 intemperantia,
576 2155 635 2206 id
657 2156 802 2223 quod
824 2155 1024 2224 placuit
1047 2156 1204 2208 etiam
1239 2153 1393 2208 Aris
1408 2156 1531 2208 tidi
1554 2156 1706 2210 Tom.
1728 2156 1802 2210 Π.

123 2243 178 2293 p.
213 2224 336 2277 371.
382 2224 466 2278 ed.
510 2224 677 2277 Dind.
747 2225 978 2278 Accedit
1014 2224 1149 2289 huc,
1202 2226 1347 2294 quod
1392 2224 1643 2280 Socrates
1685 2227 1803 2297 ipse

123 2297 196 2365 p.³
216 2295 336 2348 205.
371 2294 448 2347 Ι).
482 2293 547 2346 Ε.
595 2296 913 2348 sententiam
958 2295 1074 2348 eius
1118 2296 1184 2348 de
1227 2297 1420 2352 amoris
1467 2297 1671 2349 caussis
1708 2316 1801 2349 ex-

123 2365 369 2436 plicatam
405 2365 533 2419 satis
568 2373 751 2435 aperte
775 2364 841 2418 ab
864 2365 1104 2418 Diotima
1126 2366 1272 2447 carpi
1305 2374 1358 2419 et
1380 2367 1613 2420 vellicari
1636 2367 1803 2432 iubet,

122 2435 375 2505 quodque
392 2435 797 2506 .Aristophanes
832 2437 1076 2500 narratur
1111 2436 1180 2489 ad
1213 2444 1316 2489 1sta
1349 2437 1582 2492 voluisse
1606 2437 1804 2507 aliquid

124 2525 398 2577 reponere,
445 2506 591 2575 quod
636 2515 813 2560 tamen
857 2506 1049 2560 deinde
1091 2506 1372 2560 Alcibiade
1417 2507 1804 2562 interveniente

124 2577 410 2633 reticuerit.
482 2576 651 2631 Porro
694 2577 751 2630 in
796 2575 896 2631 hac
941 2595 1129 2630 caussa
1169 2578 1696 2647 praetermittendum
1731 2579 1803 2632 si·-

128 2648 294 2702 lentio
326 2666 433 2703 non
469 2656 567 2712 est,
603 2647 747 2717 quod
770 2647 982 2713 fabulae
1003 2646 1381 2718 Aristophanis
1404 2666 1437 2701 a
1463 2646 1682 2702 Socrate
1707 2650 1803 2704 de-

126 2719 257 2785 inde.
286 2718 571 2790 opponitur
604 2718 819 2788 mythus
860 2717 1018 2790 long‘e
1051 2717 1395 2791 ingeniosior,
1429 2738 1557 2773 vera
1589 2720 1680 2773 ille
1715 2739 1802 2773 sa-

128 2790 331 2860 pientia
365 2790 554 2860 plenus
589 2807 653 2842 ac
687 2790 923 2843 refertus·
975 2787 1085 2855 Qui
1121 2789 1264 2857 quod
1297 2790 1466 2843 facete
1501 2789 1804 2860 urbaneque

130 2860 384 2915 tribuitur
406 2859 690 2924 Diotimae,
714 2859 922 2914 mulieri
940 2859 1212 2913 divinioris
1231 2860 1522 2932 sapientiae
1536 2862 1806 2930 mysteriis

129 2929 384 2993 initiatae,
428 2930 485 2982 id
533 2939 715 3000 aperte
762 2931 902 2984 valet
943 2948 1108 2999 quum
1142 2931 1211 2983 ad
1246 2931 1542 2986 irridendos
1576 2932 1806 3001 reliquos

130 3008 380 3063 oratoreS,
418 3009 531 3052 tum
564 3001 805 3070 inprimis
841 3002 910 3053 ad
953 3000 1331 3055 ludificandum
1364 3002 1803 3073 Aristophanem3

133 3068 376 3123 omnibus
428 3070 567 3124 enim
614 3072 701 3123 vel
744 3071 1027 3143 peregrina
1071 3072 1256 3125 mulier
1300 3073 1461 3146 longe
1518 3072 1805 3143 sapientior

132 3140 296 3197 fuisse
339 3139 573 3209 fingitur.
632 3138 750 3195 Nec
793 3160 919 3195 vero
962 3141 1093 3194 illud
1136 3141 1544 3197 subsannatione
1576 3141 1805 3211 quadam

132 3229 312 3265 carere
336 3243 338 3245 >
369 3229 644 3263 censemus
665 3250 681 3275 ‚
745 3212 889 3279 quod
943 3220 1180 3265 extremo
1238 3213 1448 3287 dialogo
1469 3254 1483 3276 ‚
1538 3212 1802 3282 plerisque

135 3280 373 3341 convivis¹
414 3281 626 3335 domum
670 3282 897 3335 reversis
943 3282 1028 3336 vel
1071 3282 1195 3337 vino
1244 3293 1298 3338 et
1334 3302 1514 3338 somno
1549 3281 1804 3354 gravatis,

135 3351 538 3422 Aristophanes,
587 3351 800 3421 Agatho
843 3360 1000 3422 atque
1040 3351 1286 3408 Socrates
1320 3372 1499 3422 >usque
1539 3364 1804 3407 sermones
