2158 3718
248 133 319 186 60
885 119 1374 193 PROLEGOMENA

247 275 373 329 valet
413 296 558 346 quam
596 286 771 334 mentis
805 288 1205 342 ratiocinationes
1241 307 1413 345 omnes
1447 300 1668 362 quamvis
1710 300 2024 358 subtilissime

245 353 562 414 excogitatae.

385 423 544 487 Atque
594 427 765 477 eodem
818 429 943 479 valet
994 432 1140 482 etiam
1189 440 1588 499 praeconium
1639 442 2019 508 Phaedonis,

243 493 371 554 quod
408 494 457 542 in
493 495 644 547 altera
684 497 865 562 epilogi
899 507 1037 564 parte
1064 500 1416 571 δραματικῶς
1441 510 1753 563 subiunctum
1781 517 2015 571 videmus.

241 561 324 611 Vir
359 565 487 614 enim
525 569 910 632 sapientissimus
937 578 985 621 et
1021 576 1300 638 cognitione
1326 581 1541 632 veritatis
1569 592 1616 633 et
1642 586 1802 636 studio
1828 590 2020 641 virtutis

239 633 361 683 adeo
399 635 577 686 dicitur
619 639 929 699 excelluisse,
968 647 1155 695 utnon
1191 648 1361 704 modo,
1399 652 1440 700 si
1466 667 1577 702 cum
1606 657 1893 721 aequalibus
1919 663 2019 713 suis

239 714 579 770 comparetur,
618 709 763 774 longe
798 716 1244 776 praestantissimus
1270 720 1477 772 iudicari
1504 724 1702 784 debeat,
1741 730 1827 779 sed
1856 734 2016 792 etiam,

236 777 278 824 si
302 791 392 840 per
418 792 470 826 se
497 785 762 842 spectetur,
805 785 1070 847 sapientiae
1098 793 1146 837 et
1173 790 1387 841 iustitiae
1415 798 1661 859 tamquam
1689 814 1879 851 summa
1906 819 2016 867 per-

235 846 381 895 fectio
408 848 455 896 in
483 850 591 912 ipso
619 850 831 903 eluxisse
857 856 1093 907 videatur.
1147 859 1277 911 Talis
1313 863 1462 924 igitur
1500 867 1572 915 vir
1605 867 1690 917 tali
1726 871 1922 934 ingenio
1959 892 2016 926 ac

233 915 412 968 talibus
437 920 661 971 moribus
685 925 939 986 praeditus
966 943 1079 977 cum
1105 931 1197 980 isto
1225 933 1372 983 modo
1399 942 1609 987 mortem
1638 938 1837 999 obierit,
1879 952 2015 998 certe

231 994 614 1042 consentaneum
643 999 715 1044 est
740 996 855 1045 hinc
882 1013 1077 1064 quoque
1113 1007 1392 1064 patescere,
1432 1008 1561 1070 quod
1591 1024 1700 1060 cum
1729 1014 1876 1064 totius
1900 1015 2014 1069 libri

230 1066 522 1123 argumento
550 1069 697 1128 atque
724 1068 927 1117 consilio
955 1085 1072 1120 sane
1100 1073 1416 1126 coniunctum
1438 1085 1510 1128 est
1536 1082 1824 1142 arctissime,
1853 1088 2011 1139 virum

228 1145 344 1180 vere
380 1134 650 1196 sapientem
685 1143 831 1202 atque
868 1140 1049 1191 iustum
1087 1158 1185 1193 non
1214 1147 1360 1196 modo
1395 1149 1556 1211 ipsum
1584 1150 1716 1203 hono
1742 1155 2011 1224 fidentique

227 1201 390 1251 animo
429 1211 638 1255 mortem
666 1215 917 1273 oppetere,
956 1213 1042 1262 sed
1076 1215 1219 1264 etiam
1248 1232 1387 1281 spem
1413 1220 1790 1276 immortalitatis
1815 1228 1866 1278 in
1892 1229 2008 1280 alio-

225 1285 339 1322 rum
366 1276 543 1326 animis
570 1280 796 1345 exemplo
824 1297 914 1331 suo
942 1285 1212 1337 certissime
1242 1290 1573 1343 confirmasse.

941 1495 1170 1540 CAPUT
1211 1501 1288 1542 VI.

316 1586 396 1637 DE
437 1588 836 1644 TEMPORIBUS
874 1595 1045 1646 LIBRI
1082 1598 1447 1654 NATALIBUS.
1524 1606 1604 1656 DE
1644 1609 1898 1664 DIALOGI

858 1666 1070 1717 HABITI
1086 1667 1370 1736 {AETATE

359 1787 484 1837 Sunt
525 1789 775 1841 Phaedoni
818 1798 1078 1859 temporiS,
1127 1802 1223 1863 quo
1262 1807 1398 1851 ortus
1433 1805 1515 1862 sit,
1561 1813 1708 1858 notae
1753 1813 2001 1866 evidentes

215 1855 359 1918 plane
386 1858 550 1910 nullae
575 1862 860 1925 impressae.
889 1866 1056 1931 Itaque
1083 1884 1164 1919 res
1192 1871 1250 1920 ad
1278 1888 1464 1924 meram
1492 1877 1620 1927 redit
1646 1883 1996 1936 coniecturam.

211 1927 274 1977 Et
310 1927 511 1993 plurimi
551 1933 747 1996 quidem
783 1936 1031 1999 quondam
1069 1940 1119 1988 in
1162 1956 1216 1990 ea
1253 1943 1454 1995 fuerunt
1490 1953 1754 2009 sententia,
1796 1960 1849 2003 ut
1884 1973 1998 2007 eum

211 2004 443 2062 putarent
469 2016 569 2052 non
595 2004 659 2053 ita
688 2005 841 2056 multo
869 2014 980 2072 post
1007 2010 1222 2061 Socratis
1249 2013 1436 2067 obitum
1474 2026 1521 2067 et
1556 2023 1793 2086 scriptum
1824 2033 1869 2075 et
1896 2028 1996 2077 edi-

210 2074 315 2119 tum
355 2087 490 2130 esse,
531 2090 678 2138 quam
719 2080 1011 2129 sententiam
1049 2090 1214 2133 nostra
1253 2091 1409 2137 aetate
1448 2090 1658 2153 amplexi
1696 2102 1807 2144 sunt
1847 2099 1995 2150 etiam

207 2140 263 2190 D.
317 2142 911 2214 Wyttenbacliius¹)‚
964 2151 1054 2201 Fr.
1107 2155 1375 2223 Astiu's2)
1430 2166 1476 2209 et
1523 2162 1559 2212 l.
1613 2164 1992 2234 Socherus3).

208 2211 518 2265 Censuerunt
568 2218 695 2267 enim
748 2220 1011 2285 imaginem
1064 2224 1280 2276 Socratis
1329 2232 1584 2283 morientis
1629 2249 1727 2285 non
1777 2241 1994 2301 potuisse

204 2287 428 2348 tempore
465 2290 822 2351 opportuniore
860 2292 1082 2358 depingi,
1121 2311 1268 2359 quam
1298 2315 1392 2364 quo
1427 2301 1555 2353 haud
1585 2306 1647 2354 ita
1676 2308 1864 2370 pridem
1894 2312 1992 2362 fato

205 2354 466 2406 defunctus
510 2366 662 2417 esset,
711 2377 855 2425 quam
903 2366 1142 2416 rationem
1194 2371 1338 2420 etiam
1383 2372 1501 2422 illud
1542 2390 1639 2425 non
1675 2380 1991 2433 mediocriter

202 2425 404 2476 firmare
442 2428 656 2488 videtur,
696 2434 824 2496 quod
862 2438 1079 2485 narratio
1117 2438 1176 2488 de
1215 2441 1400 2492 ultimis
1429 2445 1642 2497 Socratis
1679 2449 1816 2500 factis
1843 2459 1988 2518 atque

201 2495 342 2546 dictis
367 2503 465 2549 tam
497 2507 569 2549 est
595 2511 845 2563 accurata,
885 2512 981 2555 tam
1010 2509 1188 2567 vivida,
1226 2518 1323 2561 tam
1352 2517 1571 2579 copiosa,
1611 2524 1663 2568 ut
1689 2525 1874 2572 recenti
1901 2524 1986 2574 ali-

201 2568 280 2616 cui
306 2570 478 2619 nuntio
517 2571 576 2621 de
613 2589 666 2622 re
692 2589 852 2638 nuper
880 2577 1077 2628 demum
1106 2587 1240 2643 gesta
1269 2586 1439 2649 utique
1465 2586 1610 2651 longe
1638 2591 1700 2639 sit
1726 2592 1982 2645 simillima.

199 2637 356 2695 Quam
403 2640 465 2689 ob
511 2658 615 2691 rem
664 2646 746 2707 qui
788 2648 853 2695 ita
896 2653 1188 2706 statuerunt,
1237 2653 1547 2706 Phaedonem
1592 2658 1712 2710 adeo
1750 2670 1986 2725 putarunt

198 2710 343 2758 etiam
381 2712 593 2762 arctiore
630 2715 839 2778 quodam
887 2721 1258 2773 necessitudinis
1306 2725 1496 2775 vinculo
1542 2745 1652 2779 cum
1693 2731 1890 2785 Critone
1935 2745 1983 2787 et

194 2778 431 2843 Apologia
459 2784 728 2842 contineri,
768 2789 949 2852 quippe
978 2792 1058 2853 qui
1094 2791 1208 2841 libri
1235 2797 1419 2859 pariter
1447 2799 1495 2847 in
1524 2800 1841 2856 nobilitandis
1867 2806 1979 2857 ulti-

195 2851 286 2899 mis
318 2850 533 2902 Socratis
560 2855 701 2905 dictis
728 2864 774 2906 et
801 2858 940 2908 sactis
971 2869 1240 2913 versentur.

336 2922 430 2972 Sed
457 2923 572 2975 huic
601 2926 797 2991 quidem
819 2933 1088 2982 sententiae
1110 2949 1207 2983 non
1236 2951 1389 3000 pauca
1418 2948 1532 2990 sunt
1558 2958 1681 3006 quae
1710 2946 1977 3010 plurimum
2030 2986 2034 2990 -

191 2991 419 3044 officiant.
472 2995 592 3046 Nam
631 2999 719 3047 etsi
759 3016 856 3049 non
893 3003 954 3051 ita
992 3003 1198 3055 multum
1237 3008 1558 3062 tribuendum
1598 3016 1658 3064 sit
1703 3019 1975 3070 rationibus

191 3077 378 3123 eorum,
408 3067 489 3131 qui
518 3083 626 3118 cum
657 3070 1296 3142 Schleiermachero4)
1321 3079 1501 3132 librum
1530 3084 1640 3136 idco
1670 3098 1972 3141 censuerunt

303 3261 344 3311 1)
376 3262 456 3303 Ed.
488 3265 724 3308 Phaedon.
755 3283 799 3322 p.
834 3272 932 3314 298.

298 3316 342 3372 2)
374 3319 564 3362 Platons
596 3324 756 3366 Leben
787 3339 830 3368 u.
865 3326 1099 3370 Schriften
1132 3344 1172 3382 p.
1206 3334 1259 3373 26
1291 3348 1358 3389 sq.

297 3373 341 3426 3)
374 3375 529 3417 Ueber
561 3379 751 3422 Platons
783 3382 1015 3425 Schriften
1047 3400 1089 3439 p.
1128 3389 1179 3429 79
1211 3402 1277 3442 sq.

294 3429 338 3482 4)
370 3432 562 3475 Platons
603 3437 788 3480 XVerke.
835 3440 1025 3482 11.Thl.
1073 3447 1112 3484 3.
1144 3445 1225 3488 Bd.
1277 3447 1566 3506 (Einleitung
1614 3466 1713 3494 zum
1760 3455 1959 3511 Phaid.)‚

181 3485 244 3528 ΙΙ.
267 3486 363 3529 Thl.
397 3491 435 3533 2.
456 3490 536 3532 Bd.
571 3489 859 3550 (Einleitung
890 3510 990 3538 zum
1023 3499 1301 3556 Gastmahl).
