2158 3718
393 136 495 184 llo
1022 132 1435 186 PLATONlS

390 277 440 334 δ’
503 278 786 352 ἑξορίζων·
831 275 1142 355 φιλόδωρος
1164 276 1456 350 εὐμενείας,
1488 275 1706 353 ἄδωρος
1731 282 2070 352 δνςμενείας·

390 366 546 427 ἵλεως
587 362 869 434 ἀγαθοῖς,
916 359 1130 427 θεατὰς
1175 373 1400 439 σοφοῖς,
1443 361 1692 435 ἀγαστὸς
1733 367 1924 430 θεοῖς·
1970 368 2073 434 ζη-

391 444 565 511 λωτὸς
607 447 892 520 ἀμοίροις,
936 443 1137 514 κτητὸς
1178 444 1487 520 εὐμοίροις·
1532 451 1778 525 τρυφῆς,
1825 447 2071 524 ἁβρότψ

389 554 513 598 τος,
560 534 776 603 χλιδῆς,
814 534 1086 601 χαρίτων,
1133 535 1349 604 ἱμέρου,
1393 531 1587 588 πόθου
1625 530 1846 606 πατήρ·
1891 539 2076 606 ἐπιμει-

392 614 491 683 λὴς
532 616 805 685 ἀγαθῶν,
849 611 1057 686 ἀμελὴς
1099 618 1312 671 κακῶν·
1357 621 1417 671 ἐν
1459 614 1645 688 πόνῳ,
1686 624 1746 672 ὲν
1788 613 1965 692 φόβῳ,
2014 624 2075 674 ἐν

293 702 338 752 Ε
389 699 590 770 πόθῳ,
650 705 724 754 ὲν·
750 695 894 768 λόχῳ
933 699 1298 771 κυβερνήτης,
1353 699 1648 772 ἐπιβάτης,
1705 695 2076 776 παραστάτης

388 806 446 839 τε
490 787 583 839 καὶ
627 779 806 855 σωτὴρ
850 779 1106 854 ἄριστος,
1161 783 1494 857 ξυμπάντων
1539 806 1592 841 τε
1628 775 1795 840 ’θεῶν
1837 788 1929 841 καὶ
1971 785 2075 842 άν-

383 866 638 939 θρώπων
679 864 909 939 κόσμος,
966 864 1181 939 ἡγεμὼν
1233 867 1526 933 κάλλιστος
1580 872 1671 924 καὶ
1713 860 1972 940 ἄριστος,
2027 861 2071 941 ᾧ

379 950 486 1025 χρὴ
526 954 769 1006 ἕπεσθαι
810 950 998 1007 πάντα
1041 948 1222 1027 ἄνδρα
1267 955 1628 1029 ὲφυμνοῦντα
1658 955 1856 1024 καλῶς,
1900 955 2074 1022 καλῆς

386 1035 530 1107 ᾠδῆς
574 1043 901 1109 μετέχοντα,
959 1032 1033 1103 ἢν
1092 1035 1211 1109 ᾄδει
1273 1041 1495 1108 θελγων
1540 1035 1770 1094 πάντων
1812 1039 1970 1093 θεῶν
2013 1059 2072 1094 τε

383 1124 476 1176 καὶ
517 1119 843 1194 ἀνθρώπων
887 1118 1088 1191 νόημα.
1203 1188 1206 1191 .

516 1197 723 1281 Οὗτος,
767 1208 904 1280 ἔφη,
948 1201 978 1259 ὁ
1025 1203 1163 1279 παρ’
1216 1208 1350 1278 ἐμοῦ
1398 1203 1578 1276 λόγος,
1624 1197 1664 1260 ὦ
1716 1206 1947 1278 Φαῖδρε,
1990 1207 2068 1276 τῷ

384 1290 509 1360 θεῷ
565 1287 920 1356 ἀνακείσθω,
977 1286 1047 1344 τὰ
1105 1291 1206 1362 μὲν
1264 1293 1519 1357 παιδιᾶς,
1577 1287 1647 1346 τὰ
1711 1291 1768 1344 δὲ
1822 1292 2072 1358 σπουδῆς

381 1377 632 1446 μετρίας,
673 1370 819 1428 καθ’
871 1369 1005 1429 ὅσον
1047 1370 1148 1445 ἐγώ
1194 1372 1463 1447 δύναμαι,
1503 1381 1758 1447 μετέχων.

494 1536 544 1578 ῗλ
553 1553 572 1579 ε
584 1554 615 1579 ω
627 1554 648 1586 ς
675 1536 701 1578 ἅ
713 1555 741 1593 y
751 1554 778 1578 α
791 1541 829 1579 θ
839 1552 862 1578 ο
874 1542 894 1578 ῖ
903 1538 950 1593 ς]
971 1534 1060 1580 ‘Sic
1082 1538 1317 1580 Stobaeus.
1350 1537 1469 1579 Libri
1488 1536 1683 1579 Platonis
1703 1550 1855 1580 omnes
1879 1535 2035 1593 ἀγαθά
2037 1555 2069 1587 ς.

495 1606 693 1662 κτητός
724 1607 1047 1665 εὖμοίροις]
1090 1610 1133 1650 ἓν
1162 1607 1323 1664 μύροις
1353 1608 1570 1652 Par.DK.
1593 1608 1743 1663 νειμ.
1805 1605 1912 1650 Mox
1943 1608 2071 1654 Bodi.

382 1666 478 1708 Vat.
490 1664 543 1710 A.
570 1664 748 1719 χλῆδης.
810 1667 899 1708 Pro
934 1669 1087 1723 ἱμέρου
1119 1666 1246 1708 Bodl.
1272 1666 1493 1709 Par.DK.
1515 1669 1623 1720 Ang.
1639 1679 1688 1709 w.
1713 1666 1810 1709 Vat.
1823 1679 1864 1720 p.
1896 1663 2071 1721 ἡμέρου,

382 1729 427 1766 et
457 1736 535 1777 pro
566 1723 729 1779 ἀμελὴς
757 1723 886 1768 Bodl.
909 1724 1008 1768 vat.
1021 1723 1073 1768 A.
1106 1723 1274 1777 ἆνελῆς,
1306 1724 1407 1766 Par.
1426 1723 1531 1767 DK.
1550 1724 1645 1766 Vat.
1663 1737 1704 1778 p.
1738 1722 2013 1778 α’νεπιμελῆς.

495 1795 548 1835 ἐν
576 1792 715 1850 λόγῳ
747 1796 888 1851 κυβ.]
922 1794 1155 1837 Schiitzius
1186 1796 1293 1838 coni.
1326 1796 1368 1836 ἐν
1396 1793 1534 1850 μόγῳ.
1566 1794 1819 1837 Winckeim.
1841 1794 1990 1839 Praef.
2015 1794 2072 1838 ad

381 1853 507 1907 Spur.
544 1852 654 1894 Plat.
689 1853 808 1895 Diall.
845 1866 887 1907 p.
921 1853 998 1895 XI.
1027 1856 1194 1895 mavult
1227 1855 1270 1894 ἐν
1299 1851 1424 1907 νόσῳ.

494 1923 545 1966 Ε.
607 1915 643 1980 ᾧ
680 1923 783 1979 χρὴ
828 1923 1090 1977 ἕπεσθαι]
1135 1925 1209 1967 Sic
1247 1923 1379 1967 codd.
1416 1927 1589 1979 praeter
1619 1922 1791 1966 Par.E.
1835 1928 1880 1966 et
1909 1936 2071 1978 paucos

381 1982 489 2025 alios
520 1982 706 2023 unanimi
727 1995 952 2025 consensu.
987 1982 1103 2026 Vett.
1126 1982 1248 2026 editt.
1279 1983 1347 2024 δεῖ
1374 1995 1453 2037 pro
1483 1979 1564 2037 χρὴ
1597 1980 1768 2026 habent.
1826 1981 2071 2037 Receptam

379 2041 610 2083 lectionem
642 2040 866 2101 confirmat
896 2041 1029 2083 etiam
1060 2040 1290 2083 stobaeus.

497 2112 663 2163 καλῆς
693 2109 847 2167 ᾠδῆς]
879 2112 1008 2164 καλῆς
1028 2124 1114 2156 om.
1134 2112 1262 2156 Bodl.
1285 2109 1427 2154 Vnt-A
1442 2144 1453 2154 .
1474 2109 1580 2155 Ven.
1593 2109 1639 2154 Ξ.
1662 2108 1840 2153 Vind.=1.
1855 2109 1948 2155 27.
1969 2109 2070 2156 Par.

378 2169 484 2211 DK.
511 2169 659 2211 Ambr.
682 2170 914 2223 Ang.u.w.
938 2169 1194 2214 Vat.d.n.r.
1219 2169 1336 2212 Flor.
1358 2182 1395 2211 a.
1411 2169 1451 2212 b.
1466 2182 1501 2210 c.
1516 2168 1569 2220 i.,
1601 2181 1682 2210 uec
1713 2168 1928 2221 expressit
1956 2167 2072 2211 Fici-

377 2239 469 2268 nus.
534 2227 681 2280 Itaque
709 2227 857 2268 Aetius
887 2228 1185 2273 coniectabatz
1217 2232 1297 2280 τῆς
1328 2224 1440 2282 ᾠδῆς
1460 2228 1711 2280 μετέχοντα.
1753 2225 1945 2267 Oreliius
1967 2237 2071 2268 vero

378 2284 436 2326 ad
465 2283 648 2328 Isocrat.
682 2283 737 2327 de
766 2283 898 2345 antid.
931 2299 972 2339 p.
1003 2283 1103 2328 331.
1132 2285 1427 2340 reponendum
1458 2284 1688 2326 censebat:
1731 2281 1802 2324 καὶ
1839 2286 1916 2334 τῆς
1956 2281 2072 2340 ᾠδῆς

374 2345 626 2396 μετέχοντα.
697 2341 804 2384 Mihi
845 2344 1019 2396 vulgata
1059 2343 1186 2385 lectio
1236 2343 1360 2384 unice
1402 2353 1504 2383 vera
1543 2340 1734 2391 videtur,
1778 2345 1823 2382 et
1853 2342 1986 2393 καλῆς
2014 2342 2071 2383 ob

376 2401 512 2448 καλῶς
542 2400 762 2442 omissum.
826 2400 1007 2443 Accedit
1037 2399 1156 2454 quod
1186 2401 1371 2443 alterum
1402 2399 1494 2440 sine
1523 2400 1660 2440 aitero
1700 2397 1842 2440 debile
1887 2403 1956 2440 est
2001 2402 2072 2442 at-

375 2470 459 2510 que
490 2469 702 2501 mancum.

377 2571 506 2613 tionis
548 2571 788 2614 remedium
830 2572 995 2614 vulneri
1026 2583 1181 2614 sanan-

378 2627 435 2668 do
487 2627 768 2671 adhibuisset.
832 2629 1063 2682 Vulgatam
1114 2635 1183 2671 ta-

377 2697 477 2725 men
508 2686 737 2727 lectionem
769 2685 994 2739 ingeniose
1030 2685 1182 2727 defeu-

377 2740 439 2782 dit
470 2741 671 2784 Astius.
728 2741 838 2784 Nam
862 2741 1086 2783 verissime
1115 2741 1181 2782 iu-

377 2797 495 2839 dicat
525 2795 655 2851 λόγον
684 2797 724 2839 in
759 2796 836 2839 hac
867 2797 1041 2851 depicta
1061 2802 1179 2851 Aga-

378 2853 520 2897 thonis
552 2855 769 2906 oratione,
815 2854 857 2895 in
898 2867 983 2907 qua
1014 2853 1179 2896 nii'nisi

377 2923 520 2955 merus
549 2911 778 2954 verborum
810 2912 931 2954 lusus
964 2917 1178 2963 cernatur,

376 2974 496 3012 recte
524 2967 711 3021 habere,
749 2968 946 3025 adeoque
978 2982 1108 3023 posse
1138 2969 1180 3010 in

376 3026 620 3069 universum
652 3025 707 3068 ad
735 3026 1020 3080 Agathonem‚
1054 3039 1180 3080 egre-

377 3085 495 3138 gium
530 3083 696 3126 scilicet
724 3085 842 3126 ilium
883 3089 927 3125 et
960 3089 1178 3126 oratorem

379 3147 423 3195 et
461 3147 660 3196 poetam,
703 3141 879 3192 referri,
930 3141 966 3182 si
1006 3141 1179 3194 quidem

378 3199 638 3253 respiciatur
683 3198 738 3241 ad
789 3203 939 3240 notum
1000 3199 1105 3240 illud
1154 3197 1178 3239 0‘

376 3260 532 3309 μῦθος
563 3254 726 3310 ἐσώθη,
757 3254 782 3296 0‘
815 3253 945 3310 λόγος
965 3253 1181 3306 ἀπώλετο,

377 3314 459 3364 aL,
499 3313 613 3367 quod
644 3313 891 3367 frequentet
929 3312 1042 3367 apud
1075 3313 1180 3355 Pla-

377 3377 523 3414 tonem
555 3375 800 3427 usurpatur,
830 3375 880 3415 ut
909 3370 965 3415 de
986 3370 1177 3424 Republ.

1266 2573 1376 2625 x.p.
1404 2568 1502 2614 621.
1521 2569 1571 2613 Β.
1601 2569 1742 2623 Legg.
1773 2569 1802 2610 1.
1825 2582 1867 2622 p.
1890 2566 1988 2613 645.
2018 2567 2069 2609 Β.

1266 2627 1454 2669 Theaet.
1477 2640 1517 2681 p.
1544 2627 1638 2670 164.
1666 2627 1716 2666 D.
1749 2625 1911 2667 Phileb.
1935 2638 1977 2678 p.
2002 2624 2069 2668 14.

1267 2685 1318 2726 A.
1349 2685 1403 2751 ⁸¹1·
1454 2683 1663 2724 Conferre
1681 2682 1825 2751 licebit
1846 2682 1976 2724 etiam
1997 2682 2073 2725 ina

1261 2753 1392 2842 ῗξΐα
1399 2738 1463 2838 {2⁰
1469 2739 1726 2838 ζῗάνειέἷιοαλιο
1733 2738 2072 2852 ζῗῆθιόὲολιόγοιῖν

1261 2853 1412 2896 Parm.
1443 2853 1538 2898 137.
1570 2854 1625 2897 Β.

1319 2937 1369 2980 Ε.
1450 2942 1518 2996 τῷ
1573 2943 1682 2997 θεῷ
1733 2937 2072 2997 ἀνακείσθω]

1262 2994 1490 3049 Tanquam
1525 2996 1765 3041 donarium.
1827 2997 1938 3041 Nam
1965 2996 2072 3040 ἄνοι’-

1262 3057 1443 3094 κεῖσθαι
1471 3054 1626 3096 dicitur
1645 3055 1699 3097 de
1728 3055 1914 3097 donariis
1945 3054 2072 3109 (ἅνα-

1263 3109 1463 3166 θιίμασι)
1496 3125 1520 3154 e
1552 3112 1787 3166 parietibus
1810 3116 2071 3169 templorum

1265 3170 1506 3222 suspensis.
1542 3193 1589 3200 -
1651 3172 1899 3227 μετρίας,
1943 3170 1981 3212 h.
2030 3185 2069 3214 e.

1264 3227 1459 3281 κοσμίοις.

1323 3311 1376 3353 Ρ.
1412 3311 1508 3356 198.
1569 3309 1723 3359 ἀδεὲς
1753 3310 1920 3353 πάλαι
1947 3311 2071 3362 δέος

1268 3367 1534 3423 δεδιέναι]
1573 3369 1722 3411 Suid.
1760 3368 1813 3411 Τ.
1856 3369 1888 3412 Ι.
1917 3382 1959 3424 p.
1988 3369 2067 3416 48:
