2158 3718
353 185 451 235 138
953 184 1438 241 PLATONIS

344 326 420 383 ἂν
475 321 578 384 οὖν
638 353 719 396 τις
778 335 956 387 ταῦτα
1009 332 1282 398 ἐννοήσας
1323 332 1743 406 αὐθαδέστερον
1784 331 1856 387 ἂν
1903 332 2042 403 πρός

345 435 412 484 με
456 419 629 485 σχοίη,
673 420 765 471 καὶ
809 415 1095 486 ὀργισθεὶς
1138 416 1330 482 αὐτοῖς
1369 418 1587 482 τούτοις
1613 422 1777 473 θεῖτο
1810 415 1884 472 ἂν
1925 417 2031 486 μετ’

253 497 308 550 D
346 497 517 568 ὀργῆς
573 498 677 567 τὴν
722 505 941 576 ψῆφον.
1002 508 1046 555 εἰ
1087 501 1152 567 δή
1196 523 1276 566 τις
1321 500 1478 572 ὑμῶν
1527 501 1702 566 οὕτως
1745 507 1880 573 ἔχει,
1937 501 2038 557 οὐκ

345 581 479 648 ἀξιῶ
526 587 627 654 μὲν
671 583 779 654 γὰρ
819 590 996 654 ἔγωγε,
1043 592 1088 640 εὶ
1131 583 1178 640 δ’
1235 579 1352 651 οὖν,
1397 590 1602 653 ἐπιεικῆ
1647 584 1721 642 ἄν
1763 609 1860 656 μοι
1897 588 2037 640 δοκῶ

347 665 488 739 πρὸς
527 671 731 723 τοῦτον
773 673 945 738 λέγειν
989 674 1184 738 λέγων,
1231 669 1318 724 ὅτι
1357 669 1540 736 Ἐμοί,
1586 663 1626 724 ὦ
1672 669 1892 741 &hotot-s,
1940 674 2038 726 εἰσὶ

343 758 443 820 μέν
486 750 598 807 πού
642 775 783 816 τινες
826 777 918 808 και
959 761 1167 809 οικεῖοι.
1213 759 1305 810 καὶ
1329 777 1440 826 γαρ
1466 759 1634 811 τοῦτο
1664 753 1805 811 αὐτὸ
1842 754 1905 808 τὸ
1940 757 2038 807 τοῦ

339 834 606 906 Ὁμήρου,
653 836 774 892 οὐδ’
826 836 926 907 ἐγώ
974 835 1089 893 ἀπὸ
1135 837 1302 910 30va
1347 839 1468 894 οὐδ’
1531 837 1645 894 ἀπὸ
1704 846 1904 911 πέτρης
1949 844 2039 891 ns-

345 940 527 996 φυκα,
573 919 700 976 ἀλλ’
750 922 805 987 ἐξ
849 920 1199 995 ἀνθρώπων,
1270 922 1403 987 dign
1441 927 1533 978 καὶ
1574 929 1764 979 οἰκεῖοί
1804 945 1900 993 μοι
1942 929 2041 976 εἰσι

346 1007 438 1059 καὶ
482 1010 614 1069 υἱεῖς
657 1029 730 1074 γε,
779 999 820 1059 ὦ
866 1003 1062 1079 ἄνδρες
1102 1007 1423 1078 Ἀθηναῖοι,
1471 1020 1634 1079 τρεῖς,
1676 1007 1749 1071 εἷς
1792 1010 1893 1078 μὲν
1927 1028 2041 1076 μει-

347 1088 547 1160 ράκιον
589 1087 708 1158 ἤδη,
755 1090 857 1146 δύο
906 1095 962 1147 δὲ
993 1096 1206 1147 παιδία.
1253 1091 1376 1147 ἀλλ’
1428 1091 1576 1164 ὅμως
1620 1090 1802 1148 οὐδέν’
1855 1089 2043 1146 αὐτῶν

464 1283 513 1325 Ι).
577 1281 708 1335 πρὸς
741 1290 940 1327 τοῦτον
974 1285 1142 1338 λέγειν
1173 1287 1358 1338 λέγων,
1392 1282 1479 1326 ὅτι
1510 1285 1594 1338 -]
1642 1282 1752 1338 πρὸς
1783 1287 1942 1324 τοῦτον
1975 1283 2040 1322 λε’-

344 1354 436 1393 γειν
466 1340 622 1394 λόγον,
655 1339 726 1382 ὅτι
757 1360 791 1386 κ
826 1361 863 1384 τ.
898 1343 934 1384 λ.
969 1344 1071 1384 Ven.
1105 1344 1143 1383 b.
1176 1357 1228 1384 ex
1262 1343 1603 1387 corr.Vi11‹i.4.
1649 1344 1769 1384 Flor.
1801 1355 1837 1382 a.
1869 1339 1907 1383 h.
1942 1340 2039 1382 Par.

349 1397 492 1439 DST.
552 1398 756 1442 Nimirum
787 1403 949 1453 ἐπιεικῆ
979 1413 1059 1454 pro
1091 1408 1246 1442 neutro
1278 1401 1455 1453 pluralis
1486 1401 1784 1455 accipiendum
1821 1399 1917 1440 fuit.
1977 1397 2044 1439 De

345 1455 471 1510 λέγων
501 1462 647 1497 antem
685 1459 797 1503 conf.
830 1460 947 1500 Crat.
982 1472 1023 1513 p.
1058 1458 1157 1502 390.
1189 1460 1239 1500 D
1268 1457 1368 1502 418.
1401 1461 1452 1499 A.

466 1513 551 1553 καὶ
582 1515 738 1607 υἱεῖςσ
747 1517 828 1572 γε]
863 1517 960 1558 Om.
992 1531 1039 1572 γε
1077 1517 1198 1560 nodi.
1229 1518 1341 1557 Ven.
1375 1516 1412 1556 h.
1449 1516 1548 1557 Par.
1583 1513 1729 1558 DS'L'
1760 1512 1891 1556 vind.
1925 1513 1968 1556 1.
1996 1512 2040 1556 4.

345 1571 387 1614 6.
418 1570 535 1615 F.lor
567 1571 609 1616 d.
638 1585 674 1615 e.
784 1573 822 1619 h
854 1575 880 1615 i.
911 1575 1015 1618 Zitt
1048 1575 1329 1628 probantibus
1361 1573 1488 1614 Turr.

467 1628 571 1671 Οὐκ
609 1629 1096 1686 αὐθαδιζόμενος]
1141 1633 1215 1673 Sic
1256 1633 1379 1674 Bodl.
1415 1632 1510 1674 vat.
1542 1631 1653 1672 Ven.
1686 1630 1727 1670 b.
1773 1627 1895 1669 Vind.
1926 1628 1966 1672 1.
1996 1628 2039 1671 4-

346 1688 389 1731 6.
430 1686 546 1731 Flor.
590 1701 628 1728 a.
661 1701 698 1733 c.
732 1690 774 1732 d.
806 1704 848 1744 g.
881 1690 920 1732 h.
963 1691 1059 1734 Par.
1105 1690 1308 1731 BCDT.
1373 1691 1518 1742 Vulgo
1558 1685 1961 1740 αὖθιδιαζόμενος.
2002 1699 2041 1727 v.

347 1829 529 1883 εἷμι-·
564 1828 690 1870 ἄλλοι
720 1830 767 1870 δὲ
795 1829 883 1884 ἄρα
913 1829 1054 1876 αυτᾶς
1085 1832 1147 1870 οἴ-

348 1902 473 1928 σουσι
506 1886 677 1942 ῥᾳδίως.
724 1887 886 1940 Phileb.
921 1902 961 1942 p.
992 1889 1064 1933 30.
1101 1889 1134 1929 Β

405 1944 817 1999 αὐθαδέστερον
883 1944 948 1986 ἂν
1016 1944 1150 2001 πρός

348 2018 407 2057 με
456 2004 644 2057 σχοίη]
701 2004 864 2045 Dicitur
909 2003 993 2046 hoc
1041 2017 1152 2045 nunc

348 2060 404 2103 de
434 2061 667 2112 iudicibus,
701 2062 772 2114 qui
807 2073 944 2114 reum,
978 2063 1149 2103 etiamsi

349 2123 529 2173 propter
560 2118 794 2161 bonitatem
821 2126 864 2160 et
886 2121 1150 2172 aequitatem

349 2189 533 2219 caussae
565 2177 808 2230 exspectari
839 2183 1037 2231 poterat,
1069 2190 1153 2218 non

348 2236 578 2276 absolvunt
624 2241 881 2289 propterea,
923 2237 1040 2288 qnod
1080 2248 1152 2276 eo·

347 2306 443 2334 rum
476 2293 748 2334 clementiam
782 2293 1016 2346 implorare
1048 2307 1152 2347 sup-

349 2352 546 2422 plexque
567 2352 1033 2404 rouarenolu1it.lvlox
1054 2356 1155 2405 post

348 2409 385 2448 el
416 2407 461 2448 δ’
490 2401 570 2448 ουν
599 2409 734 2450 intell.
765 2424 831 2455 τις
859 2407 982 2463 υμῶν
1015 2408 1154 2455 οὕτως

348 2468 456 2518 ἔχει,
508 2472 888 2507 verumtamen
937 2467 980 2507 si
1027 2466 1152 2519 quis

349 2527 932 2576 vestrum‚quanquam
966 2523 1014 2564 id
1049 2536 1153 2564 non

352 2580 668 2632 statuerim,
695 2580 772 2622 ita
805 2582 1027 2623 sentiat.
1057 2581 1152 2622 Ma-

353 2639 393 2680 le
423 2637 704 2679 Salvinius
738 2640 878 2680 locum
901 2639 1151 2680 coniectura

354 2696 550 2737 tentavit.

412 2777 535 2823 1).τό
565 2776 937 2836 τοῦ(ομη’ρου]
959 2779 1149 2834 Odyss.

351 2837 476 2881 XIX.
498 2850 537 2881 V.
556 2837 654 2882 163.
687 2838 758 2879 ubi
785 2840 1001 2893 Penelope
1027 2839 1150 2892 Ulys-

353 2910 462 2948 sem,
493 2907 621 2948 quem
656 2907 737 2935 non
767 2897 1042 2948 agnovisset,
1082 2909 1151 2937 ro-

354 2959 445 3008 gat,
477 2959 523 2994 ut
540 2958 699 3004 narret,
729 2965 813 3004 qua
844 2955 978 3007 stirpe
1009 2954 1153 2995 oriun

355 3011 438 3052 dus
468 3011 539 3063 sit,
570 3015 698 3064 atque
730 3010 834 3052 haec
853 3013 982 3054 verba
1013 3011 1153 3053 addit:

355 3068 407 3110 ου’
450 3067 535 3125 γὰρ
570 3067 657 3109 nino
699 3067 833 3118 δρυὸς
867 3070 955 3109 ἔσσι
994 3069 1150 3111 παλαι-

355 3125 498 3182 ‹postor›
530 3125 624 3168 οὐδ’
656 3125 740 3167 ἀπὸ
777 3129 943 3181 πέτρης.

413 3214 504 3254 καὶ
543 3214 679 3259 υἱεῖς
725 3211 805 3268 γε]
862 3213 987 3255 Solet
1023 3228 1072 3266 γε
1109 3213 1150 3254 in

352 3273 536 3328 plurium
578 3284 720 3313 rerum
759 3271 1083 3312 enumeratione
1114 3272 1151 3312 ei

353 3330 511 3373 nomini
554 3329 679 3380 addi,
727 3327 845 3382 quod
890 3341 985 3370 cum
1029 3329 1069 3370 vi
1109 3333 1154 3370 et

351 3389 565 3443 gravitate
577 3385 763 3441 quadam
774 3385 1040 3429 efferendum
1064 3390 1152 3430 est:

354 3447 475 3489 cuius
505 3443 707 3500 loquendi
745 3443 922 3487 rationis
953 3446 1151 3499 exempla

1236 1832 1504 1885 collegerunt
1525 1830 1565 1871 H
1582 1828 1812 1871 eindorf.
1831 1828 1884 1870 ad
1904 1829 2039 1883 Hipp.

1238 1889 1343 1930 Mai.
1389 1902 1431 1941 p.
1471 1887 1570 1932 301.
1609 1890 1667 1928 A.
1729 1887 2039 1930 Buttmann.

1237 1947 1290 1988 ad
1326 1947 1490 1987 Criton.
1525 1946 1563 1998 ξ.
1602 1946 1638 1990 7.
1661 1958 1701 1988 n.
1724 1946 1765 1988 2.
1810 1945 1927 1986 Male
1958 1945 2040 1997 igi-

1238 2010 1310 2046 tur
1341 2003 1379 2046 h.
1412 2005 1437 2047 l.
1479 2005 1519 2044 in
1561 2004 1706 2045 multis
1741 2003 1866 2044 libris
1905 2003 2040 2044 omis-

1238 2075 1333 2104 sum
1367 2066 1456 2112 est3
1486 2067 1632 2114 potest
1663 2061 1775 2102 enim
1808 2060 2041 2102 commode

1238 2119 1384 2162 reddi:
1416 2119 1517 2160 und
1557 2131 1718 2171 sogar
1754 2118 1873 2159 drei
1905 2116 2040 2158 So'h-

1241 2191 1328 2229 ne3
1358 2190 1397 2221 v.
1429 2175 1483 2217 ad
1502 2176 1667 2219 Criton.
1693 2190 1733 2230 p.
1753 2175 1826 2220 47.
1851 2175 1903 2215 B.
1938 2173 2040 2215 Phi-

1239 2236 1322 2277 leb.
1356 2250 1397 2289 p.
1428 2233 1500 2278 48.
1523 2235 1572 2277 D.
1600 2257 1651 2264 ——
1715 2234 1808 2275 Filii
1841 2233 2041 2274 Socratis

1240 2299 1331 2334 tres
1362 2293 1483 2334 fuere
1517 2292 1899 2345 [ampl-oclea,
1946 2290 2040 2331 So-

1241 2347 2041 2404 phroniscus‚Menexenus.Et

1241 2407 1724 2460 Lamproclesquidem‚
1752 2407 1822 2459 qui
1843 2405 2039 2446 hocloco

1237 2465 1486 2521 μειράκιον,
1557 2463 2038 2514 adolescentulus,

1238 2522 1455 2564 Phaedon.
1488 2534 1524 2563 c.
1558 2521 1627 2565 65.
1667 2524 1802 2576 μέγας
1842 2525 2039 2571 vocatur,

1238 2580 1320 2622 suit
1363 2586 1465 2621 natu
1505 2579 1740 2621 maximus:
1779 2590 1819 2621 v,
1862 2580 2038 2619 Xeno-

1238 2637 1298 2692 ph
1315 2651 1391 2681 on.
1422 2636 1557 2678 Mem.
1591 2636 1642 2679 ll.
1673 2636 1715 2688 2,
1746 2635 1797 2679 1:
1830 2635 1907 2677 sed
1939 2636 2039 2676 reli-

1237 2696 1308 2749 qui
1344 2695 1452 2744 duo,
1493 2707 1603 2747 quos
1645 2700 1769 2747 pater
1800 2693 1865 2734 hic
1899 2693 2039 2734 nomi-

1237 2757 1311 2793 nat
1339 2752 1506 2804 παιδία,
1542 2765 1568 2792 a
1600 2751 1785 2793 Platone
1814 2749 2036 2792 Phaedon.

1236 2811 1305 2856 65.
1359 2810 1486 2852 etiam
1527 2809 1697 2864 σμικροὶ
1743 2809 1959 2850 dicuntur.
1996 2821 2037 2849 v.

1236 2868 1291 2910 ad
1329 2867 1552 2909 Phaedon.
1582 2867 1624 2910 3.
1658 2872 1703 2908 et
1733 2866 1843 2908 conf.
1885 2866 2037 2907 Valc-

1235 2927 1349 2970 ken.
1382 2924 1437 2966 ad
1470 2924 1689 2967 Theocrit.
1719 2923 1855 2968 Adon.
1876 2937 1917 2978 p.
1934 2922 2035 2968 349

1235 2983 1545 3027 Fischer-us
1582 2982 2035 3024 Valckenarius!-

1237 3055 1276 3083 c.
1317 3040 1430 3091 ,μὸν
1467 3040 1622 3095 μικρὸν
1654 3039 1792 3080 παῖδα.
1821 3063 1875 3071 -
1907 3041 2036 3093 vulgo

1238 3100 1448 3140 vocabant
1479 3099 1652 3138 παιδίον
1673 3100 1704 3121 “
1762 3097 1896 3138 Filios
1925 3098 2037 3138 istos

1239 3157 1447 3199 Seneca
1479 3157 1618 3210 Epist.
1651 3156 1760 3197 CIV.
1793 3160 1939 3196 narrat
1969 3154 2035 3195 fu-

1235 3215 1323 3257 isse
1353 3214 1561 3256 indociles
1581 3219 1623 3256 et
1643 3213 1769 3255 matri
1799 3225 1926 3266 quam
1958 3225 2036 3265 pa-

1236 3273 1291 3314 tri
1320 3274 1561 3315 similiores.
1585 3280 1591 3294 ¹

1293 3329 1408 3371 a’u’
1453 3328 1597 3384 ὅμως
1637 3350 1692 3359 --
1733 3324 2033 3381 δεήσομαι]

1236 3387 1289 3429 In
1331 3388 1393 3430 his
1434 3400 1544 3441 quae
1580 3387 1622 3428 in
1653 3383 1808 3426 οὐδένα
1837 3385 2033 3426 eontine-

1236 3451 1308 3488 tur
1337 3445 1537 3501 negatio,
1574 3457 1627 3487 en
1662 3446 1765 3485 item
1797 3441 1852 3484 ad
1882 3441 2035 3495 δεήσο-
