2222 3762
0 1710 2 1714 ’
0 1460 18 1695 “ἰ“”·ὺ*·-φω-.--»
4 1447 6 1452 -

382 139 798 202 APOLOGIA
835 134 1242 203 SOORATIS,
1301 135 1364 187 P.
1404 134 1489 186 20.
1527 129 1607 185 st.
1766 130 1831 178 71

151 319 254 364 νην
311 298 404 350 καὶ
451 289 634 354 οὕτως
677 291 914 359 ἐμμελῶς
953 284 1206 340 διδάσκει.
1265 278 1364 350 ἐγώ
1420 280 1558 348 γοῦν
1602 278 1693 330 καὶ
1737 272 1838 328 αὐ-

149 379 248 446 τὸς
291 373 668 445 ἐκαλλυνόμην
712 394 768 426 τε
814 375 906 425 καὶ
947 365 1269 442 ἡβρυνόμην
1327 360 1430 432 biv,
1499 367 1543 415 εὶ
1603 356 1839 426 ἠπιστά-

149 487 261 537 μην
289 465 495 518 ταῦτα·
526 456 639 513 ἀλλ’
683 455 748 511 ού
777 453 885 526 γὰρ
918 460 1227 524 ἐπίσταμαι,
1255 439 1838 517 ὦᾶνδρεςἈθ·ηναῖοι.

282 545 424 623 Cap,
453 541 528 598 V.
571 539 880 610 ’Υπολοὶβυι
913 531 1014 593 οὖν
1044 534 1114 592 ἄν
1142 558 1224 600 τις
1246 531 1399 602 ὑμῶν
1434 530 1575 593 ἴσως,
1599 525 1758 591 Ἀλλ’,
1798 517 1837 578 ὦ

154 625 538 702 Σώκρατες-,τὸ
568 624 667 680 σὸν
693 629 746 678 τί
769 630 881 677 ἐστι
908 625 1167 692 πρᾶγμας
1188 616 1448 673 πόθένοιὶ
1465 615 1722 683 διαβολαί
1754 629 1848 665 σοι

154 709 322 771 αὗται
350 711 670 783 γεγόνασιν,
698 706 762 763 οὐ
782 705 888 776 γὰρ
914 707 1107 774 δήπου,
1135 706 1235 759 σοῦ
1254 723 1310 770 γε
1341 698 1501 755 οὐδὲν
1527 699 1636 751 τῶν
1663 692 1846 749 ἄλλων

274 937 379 984 Cap.
410 934 466 974 V.
496 928 787 982 ’Υπολάβοι
821 920 917 967 οὖν
947 922 1010 965 ἄν
1043 924 1150 976 τις]
1210 925 1267 967 V.
1299 921 1352 964 ἄν
1385 915 1467 962 οὖν
1497 919 1661 961 omisso
1692 914 1848 957 deinde

161 995 288 1036 etiam
325 989 459 1042 ὑμῶν.
498 991 742 1031 Pronomen
774 985 983 1026 dederunt
1012 981 1139 1022 Bodl.
1175 980 1269 1022 Vat.
1300 982 1415 1023 Ven.
1436 994 1475 1019 a.
1498 979 1538 1018 b.
1565 975 1613 1019 Ξ.
1636 973 1847 1015 Vindobb.

161 1064 334 1101 omnes,
371 1050 488 1091 Flor.
527 1061 566 1090 a.
607 1047 648 1089 b.
693 1058 730 1084 e.
754 1052 812 1095 g.
858 1041 895 1080 ln.
926 1039 1031 1081 Zitt.
1066 1039 1186 1078 Parr.
1222 1037 1388 1080 Boos.
1427 1051 1467 1088 g.
1502 1024 1674 1075 οὗν·ἂν
1704 1036 1847 1072 autem

165 1109 288 1149 vind.
329 1108 368 1150 6.
401 1107 512 1146 Ven.
556 1105 595 1144 b.
652 1102 813 1142 Contra
844 1097 911 1138 alii
944 1098 1009 1136 vel
1051 1088 1133 1134 οὖν
1171 1098 1239 1138 vel
1279 1092 1332 1136 ἂν
1365 1095 1617 1136 omiserunt.
1677 1089 1852 1130 Positus

162 1169 410 1207 vocularum
446 1168 513 1203 est
543 1159 790 1202 arbitrarius
822 1161 865 1196 et
897 1153 1181 1208 promiscuus.

166 1294 262 1324 men
280 1273 456 1331 ἑμμελήε
468 1275 522 1317 de
534 1273 704 1316 modico
724 1270 789 1313 vel
804 1267 962 1319 exiguo

165 1338 302 1394 pretio
330 1337 519 1391 positum
545 1333 614 1373 vix
636 1330 735 1372 alibi
760 1325 965 1378 reperias.

223 1395 273 1440 C.
334 1388 435 1435 ἀλλ’
487 1385 550 1431 οὐ
599 1386 695 1443 γὰρ
748 1384 965 1426 ἐπίστα-

165 1454 288 1506 μαι]
351 1452 389 1494 h.
443 1464 481 1491 e.
532 1443 625 1488 ἀλλ’
676 1440 732 1484 οὐ
786 1438 970 1488 δύναμαι

171 1508 458 1553 καλλύνεσθαι
541 1507 609 1545 καὶ
671 1497 972 1555 ἁβρύνεοθαι·

171 1566 226 1612 οὐ
257 1567 338 1623 γὰρ
369 1567 606 1614 ἐπίσταμαι.
627 1575 664 1605 ν.
691 1561 745 1601 ad
777 1571 869 1609 cap.
901 1553 974 1595 lll.

227 1628 334 1680 Cap.
392 1626 448 1664 V.
510 1616 571 1661 οὐ
633 1616 733 1674 γὰρ
793 1611 976 1668 δήπου

174 1685 279 1726 σοῦ
310 1698 368 1737 γε
411 1677 597 1732 οὐδέν]
658 1677 775 1718 Infra
820 1688 864 1727 p.
903 1669 976 1711 41.

173 1744 234 1784 C.-
280 1737 334 1782 οὐ
376 1737 519 1794 δήπου
569 1733 727 1776 τούτου
770 1746 818 1785 γε
855 1730 979 1770 ἕνεκα

175 1801 221 1842 οἱ
258 1799 350 1840 ἐκεῖ
381 1793 697 1839 ἀποκτείνουσι.
750 1789 885 1841 Gorg.
938 1798 978 1837 ρ.

173 1858 274 1904 455.
309 1859 359 1900 Α.
393 1857 455 1898 De
478 1852 666 1906 Republ.
692 1849 772 1889 VI.
807 1860 847 1899 p.
879 1843 979 1887 509.

176 1920 234 1960 A.
275 1910 339 1957 Οὐ
383 1911 464 1968 γὰρ
511 1909 654 1964 δήπου
692 1903 746 1947 οὐ
786 1918 833 1958 γε
877 1898 979 1956 ἡδο-

178 1972 257 2028 νὴν
296 1972 441 2026 λέγεις.
486 1967 781 2021 Euthyphron.
835 1975 874 2014 p.
914 1958 983 2017 12³3.

181 2037 239 2074 A:
281 2026 345 2072 Οὐ
378 2027 458 2084 γάρ
500 2040 587 2066 που
628 2025 763 2077 λέγεις
807 2034 879 2072 γε,
923 2018 985 2056 οἱ·

181 2092 304 2140 αι’περ
350 2089 418 2129 καὶ
458 2085 506 2126 αἱ
544 2084 638 2136 περὶ
681 2078 728 2121 τὰ
764 2075 866 2120 ἄλλα
909 2075 986 2114 θε-

184 2148 357 2200 ραπεῖαί
417 2143 511 2185 εἰσι.
574 2155 612 2184 v.
662 2135 872 2180 Selnaef.
935 2131 988 2172 ad

183 2205 411 2246 'l‘lleocrit.
466 2215 506 2254 p.
550 2199 649 2242 212.
693 2202 737 2236 et
781 2190 990 2241 Reisig.

184 2263 239 2306 ad
272 2260 476 2313 Soplnocl.
510 2258 622 2298 Oed.
657 2254 749 2294 Col.
787 2264 825 2290 ν.
859 2247 956 2291 110.

244 2314 411 2359 οὐδὲν
456 2316 560 2356 τῶν
611 2311 785 2354 ἄλλων
823 2318 1035 2358 περιτ-.

189 2374 446 2430 τότερον]
487 2374 529 2413 h.
572 2386 607 2416 e.
653 2367 787 2410 nihil
819 2362 998 2405 curio-

188 2437 304 2479 sius
362 2443 514 2485 quam
582 2425 774 2469 ceteri.
835 2419 999 2462 Deinde

191 2496 332 2535 ἔπειτα
364 2493 464 2545 post
500 2486 768 2541 participium
794 2477 907 2531 quod
947 2478 1000 2516 il-

195 2555 328 2593 latum
370 2553 463 2597 est,
502 2559 540 2586 v.
575 2545 738 2586 Koen.
779 2537 832 2577 ad
867 2534 1000 2585 Greg-

196 2606 389 2650 Corinth.
423 2618 463 2657 p.
492 2602 577 2646 144
596 2615 661 2654 sq.
691 2600 750 2639 ad
780 2592 1002 2635 Phaedon.

196 2682 238 2720 p.
283 2665 351 2708 70.
396 2663 446 2705 E.
501 2660 722 2701 Proxima.-
767 2652 819 2695 εἰ
852 2647 918 2702 μή
959 2662 1003 2688 τι

200 2725 469 2776 ἔπραττες
499 2710 770 2766 ἀλλοῖονῆ
803 2708 856 2750 οἱ
885 2708 1003 2748 πολ-

200 2783 307 2830 λοί,
340 2779 376 2820 si
411 2778 628 2827 abessent,
661 2785 803 2820 nemo,
837 2767 1007 2819 opinor,

202 2849 470 2892 magnopere
502 2833 783 2882 desideraret.
839 2824 1008 2866 Nihilo-

204 2898 343 2938 minus
394 2905 478 2934 non
540 2900 770 2944 possumus
817 2897 840 2923 a
889 2880 1012 2921 nobis

203 2959 463 3007 impetrare,
506 2954 552 2989 ut
584 2961 635 2987 ea
666 2958 763 2986 cum
798 2940 1014 2982 Cobeto

204 3015 271 3055 De
326 3016 418 3050 arte
466 3008 686 3058 interpret.
736 3015 775 3054 p.
821 2998 920 3042 142.
974 2999 1019 3034 et

206 3071 335 3111 Car.
370 3066 444 3107 Fr.
474 3065 782 3105 Hermanno
816 3069 893 3110 pro
913 3066 1014 3106 sup-

209 3125 428 3180 positiciis
452 3121 701 3175 babeamus,
763 3113 889 3162 Quod
908 3124 1017 3164 quo-

215 3184 358 3227 minus
380 3186 498 3222 recte
517 3178 606 3220 lieri
627 3179 771 3228 queat,
802 3174 897 3225 ipsa
918 3181 1017 3222 pro·

217 3242 341 3284 liibet
371 3237 578 3279 orationis
610 3230 852 3280 insolentia,
884 3226 1021 3279 qualis

221 3303 343 3341 certe
385 3309 408 3336 a
455 3290 768 3348 glossatoribus
812 3282 1023 3341 proficisci

225 3368 313 3398 non
345 3354 473 3395 solet.
521 3352 651 3394 Patet
681 3347 807 3396 enim,
839 3346 948 3386 ista·
990 3338 1031 3379 εί

1048 1265 1221 1320 μήτι-
1242 1265 1486 1322 ἣοὶπολλοί
1501 1266 1659 1307 iterare
1683 1267 1855 1302 senten-

1048 1327 1151 1368 tiam
1182 1328 1434 1369 verborum:
1468 1322 1553 1363 σοῦ
1582 1335 1629 1375 χε
1648 1315 1778 1360 οὐδὲν
1803 1341 1857 1347 -—

1053 1381 1544 1440 πεπραγματευομένου,
1576 1378 1697 1419 cuius
1728 1380 1860 1418 itera-

1053 1444 1182 1484 tionis
1232 1443 1431 1493 exempla
1475 1438 1529 1480 ad
1562 1435 1783 1477 Phaedon.
1819 1446 1859 1485 p.

1055 1502 1125 1546 67.
1184 1501 1232 1543 Ε.
1285 1498 1623 1550 adscripsimus„
1686 1493 1864 1539 collegit

1059 1560 1160 1601 item
1227 1562 1273 1600 Α.
1325 1554 1600 1598 Matthiae
1659 1551 1737 1592 Gr.
1785 1548 1860 1590 Gr.

1064 1618 1100 1671 §.
1141 1617 1238 1661 636.
1298 1616 1339 1658 2.
1378 1627 1418 1666 p.
1457 1611 1585 1656 1541.
1627 1608 1695 1652 ed.
1740 1607 1782 1650 3.
1824 1611 1869 1647 et

1054 1689 1119 1720 ,ex
1158 1674 1329 1716 Latinis
1378 1669 1660 1724 scriptoribus
1714 1665 1867 1717 Wop-

1065 1736 1200 1776 kens
1230 1731 1375 1774 Lectt.
1409 1725 1524 1771 Tull.
1560 1739 1598 1779 p..
1631 1723 1700 1768 55.
1733 1723 1870 1765 Hot-

1065 1792 1247 1842 tinger
1278 1788 1330 1829 ad
1364 1787 1455 1827 Cic.
1518 1783 1582 1825 De
1614 1782 1798 1824 Divinat.
1834 1779 1869 1820 1.

1066 1850 1136 1893 29.
1158 1842 1630 1901 quaeHirschigius
1656 1839 1870 1892 inspicere

1067 1908 1254 1952 debebat
1275 1901 1524 1954 diligentius
1555 1911 1679 1951 quam
1715 1897 1870 1937 fecisse

1071 1965 1256 2006 videtur.
1288 1961 1375 2002 Sed
1398 1970 1527 2012 quum
1558 1955 1671 1996 istud
1697 1953 1870 2006 quidem

1071 2027 1265 2077 apertum
1289 2019 1359 2069 sit,
1378 2021 1466 2057 tum
1491 2016 1719 2067 diligenter
1739 2011 1847 2051 anim
1862 2034 1873 2039 -

1074 2077 1382 2121 advertendum
1422 2079 1512 2123 est,
1570 2070 1872 2123 repetitionem

1075 2137 1313 2178 sententiae.
1370 2131 1607 2184 superioris
1667 2139 1777 2167 nunc
1827 2137 1879 2164 eo

1079 2194 1209 2236 modo
1242 2192 1348 2240 fleri,
1381 2195 1430 2230 ut
1461 2193 1671 2240 protenus
1696 2185 1774 2225 alia
1804 2181 1881 2223 ad-

1080 2254 1274 2293 mittatur
1292 2246 1501 2289 orationis
1522 2249 1750 2284 structura.
1770 2240 1882 2279 Sub-
1946 2250 1951 2254 ·

1083 2307 1271 2359 iungitur
1323 2306 1433 2345 enim
1486 2301 1528 2342 εἰ
1572 2313 1665 2341 cum
1723 2300 1885 2349 imper-

1084 2369 1203 2409 fecto
1237 2362 1414 2417 perinde
1439 2373 1491 2400 ac
1519 2360 1552 2399 si
1581 2364 1703 2399 antea
1724 2355 1885 2395 dictum

1087 2426 1166 2467 sit:
1202 2422 1283 2462 σοῦ
1321 2434 1369 2474 γε
1399 2415 1889 2471 μηδὲν-πραγματευο-

1085 2476 1411 2533 μένου-λόγος
1445 2469 1596 2529 ἐγένετ’
1628 2472 1696 2514 ἄν.
1743 2476 1796 2512 At
1825 2471 1893 2509 ni—

1087 2540 1238 2582 mirum
1273 2542 1436 2577 tantum
1475 2533 1618 2579 abest,
1659 2536 1706 2570 ut
1739 2543 1787 2569 ea
1823 2540 1896 2566 va-

1088 2597 1215 2639 riatio
1276 2591 1550 2647 glossematis
1609 2588 1897 2641 suspicionem

1090 2656 1282 2702 moveat,
1313 2656 1362 2692 ut
1385 2650 1465 2690 loci
1488 2647 1775 2688 sinceritatem
1801 2654 1899 2696 gra-

1092 2712 1265 2753 vissime
1296 2712 1495 2751 testetur.
1552 2706 1660 2752 Quis
1696 2702 1805 2743 enim
1839 2699 1901 2738 in-

1094 2770 1334 2823 terpolator
1377 2764 1419 2806 id
1454 2764 1531 2804 sibi
1569 2761 1822 2808 sumsisset,
1855 2759 1902 2795 ut

1095 2829 1181 2869 tale
1235 2827 1453 2878 glossema
1504 2822 1723 2872 allineret,
1786 2811 1900 2867 quod

1098 2884 1270 2936 reliquis
1302 2882 1445 2922 verbis
1483 2893 1540 2919 ne
1581 2881 1684 2930 apte
1728 2871 1901 2927 quidem

1100 2938 1382 2984 conveniret?
1417 2937 1651 2978 Enimvero
1682 2937 1779 2972 sunt
1799 2930 1907 2971 haec

1102 2999 1298 3054 profecto
1322 2996 1456 3050 ipsius
1483 2992 1719 3046 scriptoris,
1750 2990 1907 3029 insen-

1103 3057 1264 3099 tentiae
1298 3053 1543 3101 iteratione,
1572 3054 1689 3091 certe
1710 3059 1793 3088 non
1820 3043 1910 3083 sino

1104 3114 1314 3168 gravitate
1344 3111 1473 3157 sacta,
1505 3107 1703 3149 licentius
1735 3102 1908 3156 quidem

1106 3185 1184 3214 nec
1215 3176 1356 3211 tamen
1396 3174 1560 3208 temere
1589 3163 1761 3206 versati.
1821 3158 1910 3200 Ex-

1108 3230 1205 3271 tulit
1258 3228 1367 3268 enim
1416 3225 1597 3278 primum
1657 3218 1910 3261 sententiam

1111 3287 1197 3338 sic,
1235 3289 1283 3324 ut
1321 3285 1456 3337 ipsam
1506 3292 1646 3322 rerum
1687 3277 1910 3318 veritatem

1111 3344 1167 3386 ob
1199 3343 1349 3384 oculos
1376 3338 1585 3390 habuerit,
1618 3335 1723 3378 baec
1746 3333 1912 3375 dicens:
