<?xml version="1.0" encoding="UTF-8"?>
<!DOCTYPE html PUBLIC "-//W3C//DTD XHTML 1.0 Transitional//EN"
    "http://www.w3.org/TR/xhtml1/DTD/xhtml1-transitional.dtd">
<html xmlns="http://www.w3.org/1999/xhtml" xml:lang="en" lang="en">
 <head>
  <title>
</title>
<meta http-equiv="Content-Type" content="text/html;charset=utf-8" />
  <meta name='ocr-system' content='tesseract 3.04.00' />
  <meta name='ocr-capabilities' content='ocr_page ocr_carea ocr_par ocr_line ocrx_word'/>
</head>
<body>
  <div class='ocr_page' id='page_1' title='image "./operaomniarecens01platuoft/operaomniarecens01platuoft_0399.png"; bbox 0 0 2158 3718; ppageno 0'>
   <div class='ocr_carea' id='block_1_1' title="bbox 2 0 990 154">
    <p class='ocr_par' dir='ltr' id='par_1_1' title="bbox 2 0 990 154">
     <span class='ocr_line' id='line_1_1' title="bbox 2 0 990 154; baseline 0 -150"><span class='ocrx_word' id='word_1_1' title='bbox 2 0 990 154; x_wconf 95' lang='lat' dir='ltr'>  </span> 
     </span>
    </p>
   </div>
   <div class='ocr_carea' id='block_1_2' title="bbox 0 0 2 523">
    <p class='ocr_par' dir='ltr' id='par_1_2' title="bbox 0 0 2 523">
     <span class='ocr_line' id='line_1_2' title="bbox 0 0 2 523; baseline 0 0"><span class='ocrx_word' id='word_1_2' title='bbox 0 0 2 523; x_wconf 95' lang='lat' dir='ltr'> </span> 
     </span>
    </p>
   </div>
   <div class='ocr_carea' id='block_1_3' title="bbox 719 76 1910 167">
    <p class='ocr_par' dir='ltr' id='par_1_3' title="bbox 719 76 1910 167">
     <span class='ocr_line' id='line_1_3' title="bbox 719 76 1910 167; baseline 0.001 -11"><span class='ocrx_word' id='word_1_3' title='bbox 719 76 722 77; x_wconf 31' lang='lat'><em>⁷</em></span> <span class='ocrx_word' id='word_1_4' title='bbox 746 80 852 167; x_wconf 51' lang='lat' dir='ltr'>¹An</span> <span class='ocrx_word' id='word_1_5' title='bbox 876 76 1298 157; x_wconf 68' lang='lat' dir='ltr'>PHAEDONEM.</span> <span class='ocrx_word' id='word_1_6' title='bbox 1496 100 1498 102; x_wconf 76' lang='grc'><strong>’</strong></span> <span class='ocrx_word' id='word_1_7' title='bbox 1841 103 1910 167; x_wconf 83' lang='lat'>63</span> 
     </span>
    </p>
   </div>
   <div class='ocr_carea' id='block_1_4' title="bbox 131 255 1911 1384">
    <p class='ocr_par' dir='ltr' id='par_1_4' title="bbox 131 255 1911 1384">
     <span class='ocr_line' id='line_1_4' title="bbox 138 255 1910 322; baseline 0 -16"><span class='ocrx_word' id='word_1_8' title='bbox 138 256 299 306; x_wconf 89' lang='lat' dir='ltr'>divina</span> <span class='ocrx_word' id='word_1_9' title='bbox 336 255 575 306; x_wconf 90' lang='lat' dir='ltr'>evehendi</span> <span class='ocrx_word' id='word_1_10' title='bbox 609 256 839 305; x_wconf 89' lang='lat' dir='ltr'>incensus</span> <span class='ocrx_word' id='word_1_11' title='bbox 865 255 1160 322; x_wconf 80' lang='lat' dir='ltr'>depingitur.</span> <span class='ocrx_word' id='word_1_12' title='bbox 1213 256 1383 321; x_wconf 83' lang='lat' dir='ltr'><strong>Neque</strong></span> <span class='ocrx_word' id='word_1_13' title='bbox 1408 256 1469 306; x_wconf 93' lang='lat' dir='ltr'>ab</span> <span class='ocrx_word' id='word_1_14' title='bbox 1495 256 1589 306; x_wconf 90' lang='lat' dir='ltr'>hac</span> <span class='ocrx_word' id='word_1_15' title='bbox 1613 272 1669 306; x_wconf 89' lang='lat' dir='ltr'>re</span> <span class='ocrx_word' id='word_1_16' title='bbox 1695 256 1910 306; x_wconf 91' lang='lat' dir='ltr'>alienum</span> 
     </span>
     <span class='ocr_line' id='line_1_5' title="bbox 138 326 1908 393; baseline 0.001 -17"><span class='ocrx_word' id='word_1_17' title='bbox 138 332 211 376; x_wconf 87' lang='lat' dir='ltr'>est</span> <span class='ocrx_word' id='word_1_18' title='bbox 236 327 567 393; x_wconf 83' lang='lat' dir='ltr'>Symposium,</span> <span class='ocrx_word' id='word_1_19' title='bbox 595 328 642 375; x_wconf 93' lang='lat' dir='ltr'>in</span> <span class='ocrx_word' id='word_1_20' title='bbox 671 341 767 391; x_wconf 89' lang='lat' dir='ltr'>quo</span> <span class='ocrx_word' id='word_1_21' title='bbox 795 327 1085 385; x_wconf 77' lang='lat' dir='ltr'>ostenditur,</span> <span class='ocrx_word' id='word_1_22' title='bbox 1112 326 1290 391; x_wconf 87' lang='lat' dir='ltr'>quibus</span> <span class='ocrx_word' id='word_1_23' title='bbox 1317 328 1456 392; x_wconf 84' lang='lat' dir='ltr'>quasi</span> <span class='ocrx_word' id='word_1_24' title='bbox 1482 327 1663 376; x_wconf 88' lang='lat' dir='ltr'>amoris</span> <span class='ocrx_word' id='word_1_25' title='bbox 1688 328 1737 376; x_wconf 87' lang='lat' dir='ltr'>h.</span> <span class='ocrx_word' id='word_1_26' title='bbox 1760 343 1804 377; x_wconf 91' lang='lat' dir='ltr'>e.</span> <span class='ocrx_word' id='word_1_27' title='bbox 1831 343 1908 377; x_wconf 90' lang='lat' dir='ltr'>re-</span> 
     </span>
     <span class='ocr_line' id='line_1_6' title="bbox 135 397 1909 463; baseline 0.001 -17"><span class='ocrx_word' id='word_1_28' title='bbox 135 412 247 446; x_wconf 89' lang='lat' dir='ltr'>rum</span> <span class='ocrx_word' id='word_1_29' title='bbox 285 397 557 447; x_wconf 84' lang='lat' dir='ltr'>divinarum</span> <span class='ocrx_word' id='word_1_30' title='bbox 592 398 739 446; x_wconf 87' lang='lat' dir='ltr'>studii</span> <span class='ocrx_word' id='word_1_31' title='bbox 774 397 1009 462; x_wconf 88' lang='lat' dir='ltr'>gradibus</span> <span class='ocrx_word' id='word_1_32' title='bbox 1046 398 1105 447; x_wconf 90' lang='lat' dir='ltr'>ad</span> <span class='ocrx_word' id='word_1_33' title='bbox 1143 397 1391 447; x_wconf 85' lang='lat' dir='ltr'>divinioris</span> <span class='ocrx_word' id='word_1_34' title='bbox 1426 400 1693 462; x_wconf 82' lang='lat' dir='ltr'>sapientiae</span> <span class='ocrx_word' id='word_1_35' title='bbox 1718 414 1909 463; x_wconf 89' lang='lat' dir='ltr'>posses-</span> 
     </span>
     <span class='ocr_line' id='line_1_7' title="bbox 136 468 1909 534; baseline 0.001 -17"><span class='ocrx_word' id='word_1_36' title='bbox 136 469 325 518; x_wconf 83' lang='lat' dir='ltr'>sionem</span> <span class='ocrx_word' id='word_1_37' title='bbox 350 469 678 534; x_wconf 87' lang='lat' dir='ltr'>perveniatur.</span> <span class='ocrx_word' id='word_1_38' title='bbox 730 468 831 517; x_wconf 89' lang='lat' dir='ltr'>Iam</span> <span class='ocrx_word' id='word_1_39' title='bbox 859 484 972 518; x_wconf 84' lang='lat' dir='ltr'>vero</span> <span class='ocrx_word' id='word_1_40' title='bbox 1011 471 1060 517; x_wconf 88' lang='lat' dir='ltr'>in</span> <span class='ocrx_word' id='word_1_41' title='bbox 1086 468 1310 518; x_wconf 84' lang='lat' dir='ltr'>Phaedro</span> <span class='ocrx_word' id='word_1_42' title='bbox 1342 470 1489 518; x_wconf 88' lang='lat' dir='ltr'>animi</span> <span class='ocrx_word' id='word_1_43' title='bbox 1515 470 1746 518; x_wconf 90' lang='lat' dir='ltr'>dicuntur</span> <span class='ocrx_word' id='word_1_44' title='bbox 1775 476 1909 518; x_wconf 88' lang='lat' dir='ltr'>tanto</span> 
     </span>
     <span class='ocr_line' id='line_1_8' title="bbox 137 538 1910 604; baseline 0.001 -17"><span class='ocrx_word' id='word_1_45' title='bbox 137 540 276 588; x_wconf 90' lang='lat' dir='ltr'>citius</span> <span class='ocrx_word' id='word_1_46' title='bbox 320 539 381 588; x_wconf 89' lang='lat' dir='ltr'>ad</span> <span class='ocrx_word' id='word_1_47' title='bbox 423 539 660 588; x_wconf 86' lang='lat' dir='ltr'>inferiora</span> <span class='ocrx_word' id='word_1_48' title='bbox 704 538 933 588; x_wconf 84' lang='lat' dir='ltr'>decidere</span> <span class='ocrx_word' id='word_1_49' title='bbox 977 546 1122 604; x_wconf 87' lang='lat' dir='ltr'>atque</span> <span class='ocrx_word' id='word_1_50' title='bbox 1159 539 1280 588; x_wconf 88' lang='lat' dir='ltr'>adeo</span> <span class='ocrx_word' id='word_1_51' title='bbox 1320 540 1531 604; x_wconf 89' lang='lat' dir='ltr'>denique</span> <span class='ocrx_word' id='word_1_52' title='bbox 1565 543 1613 588; x_wconf 88' lang='lat' dir='ltr'>in</span> <span class='ocrx_word' id='word_1_53' title='bbox 1651 540 1910 590; x_wconf 88' lang='lat' dir='ltr'>brutarum</span> 
     </span>
     <span class='ocr_line' id='line_1_9' title="bbox 135 609 1908 675; baseline 0.002 -18"><span class='ocrx_word' id='word_1_54' title='bbox 135 610 452 659; x_wconf 89' lang='lat' dir='ltr'>animantium</span> <span class='ocrx_word' id='word_1_55' title='bbox 497 623 706 673; x_wconf 86' lang='lat' dir='ltr'>corpora</span> <span class='ocrx_word' id='word_1_56' title='bbox 747 609 929 666; x_wconf 81' lang='lat' dir='ltr'>delabi,</span> <span class='ocrx_word' id='word_1_57' title='bbox 978 617 1159 675; x_wconf 90' lang='lat' dir='ltr'>quanto</span> <span class='ocrx_word' id='word_1_58' title='bbox 1193 611 1349 674; x_wconf 90' lang='lat' dir='ltr'>magis</span> <span class='ocrx_word' id='word_1_59' title='bbox 1386 627 1469 660; x_wconf 90' lang='lat' dir='ltr'>eos</span> <span class='ocrx_word' id='word_1_60' title='bbox 1508 611 1699 660; x_wconf 86' lang='lat' dir='ltr'>deficiat</span> <span class='ocrx_word' id='word_1_61' title='bbox 1741 626 1908 660; x_wconf 88' lang='lat' dir='ltr'>rerum</span> 
     </span>
     <span class='ocr_line' id='line_1_10' title="bbox 135 679 1910 747; baseline 0.001 -18"><span class='ocrx_word' id='word_1_62' title='bbox 135 680 406 729; x_wconf 86' lang='lat' dir='ltr'>divinarum</span> <span class='ocrx_word' id='word_1_63' title='bbox 442 680 656 730; x_wconf 89' lang='lat' dir='ltr'>studium</span> <span class='ocrx_word' id='word_1_64' title='bbox 698 685 746 729; x_wconf 89' lang='lat' dir='ltr'>et</span> <span class='ocrx_word' id='word_1_65' title='bbox 781 681 960 731; x_wconf 88' lang='lat' dir='ltr'>ardens</span> <span class='ocrx_word' id='word_1_66' title='bbox 997 682 1307 731; x_wconf 88' lang='lat' dir='ltr'>desiderium.</span> <span class='ocrx_word' id='word_1_67' title='bbox 1361 679 1501 738; x_wconf 89' lang='lat' dir='ltr'>Quod</span> <span class='ocrx_word' id='word_1_68' title='bbox 1527 684 1688 746; x_wconf 89' lang='lat' dir='ltr'>ipsum</span> <span class='ocrx_word' id='word_1_69' title='bbox 1715 697 1910 747; x_wconf 91' lang='lat' dir='ltr'>quoque</span> 
     </span>
     <span class='ocr_line' id='line_1_11' title="bbox 133 750 1909 818; baseline 0.002 -19"><span class='ocrx_word' id='word_1_70' title='bbox 133 752 184 799; x_wconf 93' lang='lat' dir='ltr'>in</span> <span class='ocrx_word' id='word_1_71' title='bbox 210 750 466 817; x_wconf 82' lang='lat' dir='ltr'>Symposio</span> <span class='ocrx_word' id='word_1_72' title='bbox 493 751 557 800; x_wconf 93' lang='lat' dir='ltr'>ita</span> <span class='ocrx_word' id='word_1_73' title='bbox 584 752 851 808; x_wconf 87' lang='lat' dir='ltr'>iudicatur,</span> <span class='ocrx_word' id='word_1_74' title='bbox 889 753 936 800; x_wconf 94' lang='lat' dir='ltr'>in</span> <span class='ocrx_word' id='word_1_75' title='bbox 967 767 1062 818; x_wconf 87' lang='lat' dir='ltr'>quo</span> <span class='ocrx_word' id='word_1_76' title='bbox 1099 754 1181 817; x_wconf 89' lang='lat' dir='ltr'>qui</span> <span class='ocrx_word' id='word_1_77' title='bbox 1206 752 1368 801; x_wconf 88' lang='lat' dir='ltr'>divino</span> <span class='ocrx_word' id='word_1_78' title='bbox 1396 767 1562 802; x_wconf 90' lang='lat' dir='ltr'>amore</span> <span class='ocrx_word' id='word_1_79' title='bbox 1599 752 1823 817; x_wconf 90' lang='lat' dir='ltr'>neglecto</span> <span class='ocrx_word' id='word_1_80' title='bbox 1849 754 1909 801; x_wconf 85' lang='lat' dir='ltr'>ad</span> 
     </span>
     <span class='ocr_line' id='line_1_12' title="bbox 133 820 1908 888; baseline 0.002 -18"><span class='ocrx_word' id='word_1_81' title='bbox 133 820 345 871; x_wconf 87' lang='lat' dir='ltr'>humiles</span> <span class='ocrx_word' id='word_1_82' title='bbox 379 821 603 887; x_wconf 85' lang='lat' dir='ltr'>corporis</span> <span class='ocrx_word' id='word_1_83' title='bbox 638 823 925 887; x_wconf 87' lang='lat' dir='ltr'>cupiditates</span> <span class='ocrx_word' id='word_1_84' title='bbox 959 822 1302 888; x_wconf 89' lang='lat' dir='ltr'>prolabuntur,</span> <span class='ocrx_word' id='word_1_85' title='bbox 1338 824 1369 872; x_wconf 91' lang='lat' dir='ltr'>ii</span> <span class='ocrx_word' id='word_1_86' title='bbox 1400 822 1564 873; x_wconf 92' lang='lat' dir='ltr'>locum</span> <span class='ocrx_word' id='word_1_87' title='bbox 1589 823 1811 873; x_wconf 87' lang='lat' dir='ltr'>infimum</span> <span class='ocrx_word' id='word_1_88' title='bbox 1837 829 1908 873; x_wconf 88' lang='lat' dir='ltr'>te-</span> 
     </span>
     <span class='ocr_line' id='line_1_13' title="bbox 133 892 1910 959; baseline 0.001 -17"><span class='ocrx_word' id='word_1_89' title='bbox 133 907 256 942; x_wconf 88' lang='lat' dir='ltr'>nere</span> <span class='ocrx_word' id='word_1_90' title='bbox 290 892 645 942; x_wconf 86' lang='lat' dir='ltr'>existimantur.</span> <span class='ocrx_word' id='word_1_91' title='bbox 700 895 818 943; x_wconf 82' lang='lat' dir='ltr'>Cum</span> <span class='ocrx_word' id='word_1_92' title='bbox 854 894 957 942; x_wconf 91' lang='lat' dir='ltr'>istis</span> <span class='ocrx_word' id='word_1_93' title='bbox 993 908 1107 942; x_wconf 92' lang='lat' dir='ltr'>vero</span> <span class='ocrx_word' id='word_1_94' title='bbox 1145 894 1371 943; x_wconf 90' lang='lat' dir='ltr'>omnibus</span> <span class='ocrx_word' id='word_1_95' title='bbox 1399 894 1656 959; x_wconf 91' lang='lat' dir='ltr'>praeclare</span> <span class='ocrx_word' id='word_1_96' title='bbox 1683 897 1910 944; x_wconf 89' lang='lat' dir='ltr'>convenit</span> 
     </span>
     <span class='ocr_line' id='line_1_14' title="bbox 133 963 1911 1029; baseline 0.001 -16"><span class='ocrx_word' id='word_1_97' title='bbox 133 963 353 1020; x_wconf 82' lang='lat' dir='ltr'>PhaedO,</span> <span class='ocrx_word' id='word_1_98' title='bbox 389 965 441 1012; x_wconf 90' lang='lat' dir='ltr'>in</span> <span class='ocrx_word' id='word_1_99' title='bbox 478 979 575 1027; x_wconf 92' lang='lat' dir='ltr'>quo</span> <span class='ocrx_word' id='word_1_100' title='bbox 613 965 697 1029; x_wconf 92' lang='lat' dir='ltr'>qui</span> <span class='ocrx_word' id='word_1_101' title='bbox 734 965 957 1029; x_wconf 90' lang='lat' dir='ltr'>corporis</span> <span class='ocrx_word' id='word_1_102' title='bbox 990 963 1293 1013; x_wconf 90' lang='lat' dir='ltr'>lubidinibus</span> <span class='ocrx_word' id='word_1_103' title='bbox 1327 967 1579 1014; x_wconf 84' lang='lat' dir='ltr'>constricti</span> <span class='ocrx_word' id='word_1_104' title='bbox 1604 971 1850 1024; x_wconf 89' lang='lat' dir='ltr'>tenentur,</span> <span class='ocrx_word' id='word_1_105' title='bbox 1879 967 1911 1014; x_wconf 92' lang='lat' dir='ltr'>ii</span> 
     </span>
     <span class='ocr_line' id='line_1_15' title="bbox 132 1033 1910 1101; baseline 0.001 -18"><span class='ocrx_word' id='word_1_106' title='bbox 132 1034 338 1084; x_wconf 90' lang='lat' dir='ltr'>humum</span> <span class='ocrx_word' id='word_1_107' title='bbox 375 1033 560 1099; x_wconf 85' lang='lat' dir='ltr'>delapsi</span> <span class='ocrx_word' id='word_1_108' title='bbox 599 1035 810 1098; x_wconf 90' lang='lat' dir='ltr'>denique</span> <span class='ocrx_word' id='word_1_109' title='bbox 846 1035 991 1084; x_wconf 89' lang='lat' dir='ltr'>etiam</span> <span class='ocrx_word' id='word_1_110' title='bbox 1026 1034 1283 1084; x_wconf 87' lang='lat' dir='ltr'>brutarum</span> <span class='ocrx_word' id='word_1_111' title='bbox 1321 1035 1589 1084; x_wconf 87' lang='lat' dir='ltr'>bestiarum</span> <span class='ocrx_word' id='word_1_112' title='bbox 1617 1036 1910 1101; x_wconf 88' lang='lat' dir='ltr'>corporibus</span> 
     </span>
     <span class='ocr_line' id='line_1_16' title="bbox 131 1104 1909 1171; baseline 0.002 -18"><span class='ocrx_word' id='word_1_113' title='bbox 131 1104 398 1169; x_wconf 86' lang='lat' dir='ltr'>illigantur.</span> <span class='ocrx_word' id='word_1_114' title='bbox 449 1105 648 1155; x_wconf 88' lang='lat' dir='ltr'>Accedit</span> <span class='ocrx_word' id='word_1_115' title='bbox 683 1107 743 1154; x_wconf 87' lang='lat' dir='ltr'>ad</span> <span class='ocrx_word' id='word_1_116' title='bbox 779 1106 924 1161; x_wconf 91' lang='lat' dir='ltr'>haec,</span> <span class='ocrx_word' id='word_1_117' title='bbox 963 1105 1094 1170; x_wconf 87' lang='lat' dir='ltr'>quod</span> <span class='ocrx_word' id='word_1_118' title='bbox 1119 1107 1171 1154; x_wconf 90' lang='lat' dir='ltr'>in</span> <span class='ocrx_word' id='word_1_119' title='bbox 1198 1112 1408 1171; x_wconf 90' lang='lat' dir='ltr'>utroque</span> <span class='ocrx_word' id='word_1_120' title='bbox 1434 1106 1516 1155; x_wconf 90' lang='lat' dir='ltr'>illo</span> <span class='ocrx_word' id='word_1_121' title='bbox 1543 1121 1696 1171; x_wconf 92' lang='lat' dir='ltr'>opere</span> <span class='ocrx_word' id='word_1_122' title='bbox 1722 1109 1909 1156; x_wconf 90' lang='lat' dir='ltr'>animo-</span> 
     </span>
     <span class='ocr_line' id='line_1_17' title="bbox 135 1175 1909 1241; baseline 0.002 -17"><span class='ocrx_word' id='word_1_123' title='bbox 135 1190 246 1225; x_wconf 91' lang='lat' dir='ltr'>rum</span> <span class='ocrx_word' id='word_1_124' title='bbox 274 1175 619 1225; x_wconf 84' lang='lat' dir='ltr'>immortalitas</span> <span class='ocrx_word' id='word_1_125' title='bbox 644 1176 703 1224; x_wconf 89' lang='lat' dir='ltr'>ad</span> <span class='ocrx_word' id='word_1_126' title='bbox 733 1175 983 1225; x_wconf 88' lang='lat' dir='ltr'>doctrinae</span> <span class='ocrx_word' id='word_1_127' title='bbox 1008 1176 1246 1225; x_wconf 88' lang='lat' dir='ltr'>rationem</span> <span class='ocrx_word' id='word_1_128' title='bbox 1274 1175 1343 1225; x_wconf 88' lang='lat' dir='ltr'>ibi</span> <span class='ocrx_word' id='word_1_129' title='bbox 1370 1176 1657 1241; x_wconf 86' lang='lat' dir='ltr'>explicatam</span> <span class='ocrx_word' id='word_1_130' title='bbox 1684 1192 1909 1227; x_wconf 87' lang='lat' dir='ltr'>necessa-</span> 
     </span>
     <span class='ocr_line' id='line_1_18' title="bbox 131 1246 1909 1312; baseline 0.001 -17"><span class='ocrx_word' id='word_1_131' title='bbox 131 1248 206 1295; x_wconf 92' lang='lat' dir='ltr'>rio</span> <span class='ocrx_word' id='word_1_132' title='bbox 241 1247 526 1311; x_wconf 88' lang='lat' dir='ltr'>requiritur.</span> <span class='ocrx_word' id='word_1_133' title='bbox 579 1246 645 1295; x_wconf 84' lang='lat' dir='ltr'>Ea</span> <span class='ocrx_word' id='word_1_134' title='bbox 684 1262 799 1296; x_wconf 92' lang='lat' dir='ltr'>vero</span> <span class='ocrx_word' id='word_1_135' title='bbox 840 1247 928 1296; x_wconf 89' lang='lat' dir='ltr'>etsi</span> <span class='ocrx_word' id='word_1_136' title='bbox 954 1247 1004 1295; x_wconf 92' lang='lat' dir='ltr'>in</span> <span class='ocrx_word' id='word_1_137' title='bbox 1031 1247 1255 1296; x_wconf 86' lang='lat' dir='ltr'>Phaedro</span> <span class='ocrx_word' id='word_1_138' title='bbox 1273 1246 1305 1312; x_wconf 90' lang='lat'>¹)</span> <span class='ocrx_word' id='word_1_139' title='bbox 1346 1254 1639 1310; x_wconf 89' lang='lat' dir='ltr'>argumento</span> <span class='ocrx_word' id='word_1_140' title='bbox 1667 1264 1726 1298; x_wconf 87' lang='lat' dir='ltr'>ex</span> <span class='ocrx_word' id='word_1_141' title='bbox 1750 1248 1909 1298; x_wconf 87' lang='lat' dir='ltr'>libero</span> 
     </span>
     <span class='ocr_line' id='line_1_19' title="bbox 132 1318 1909 1384; baseline 0.002 -18"><span class='ocrx_word' id='word_1_142' title='bbox 132 1319 282 1366; x_wconf 89' lang='lat' dir='ltr'>animi</span> <span class='ocrx_word' id='word_1_143' title='bbox 317 1323 454 1366; x_wconf 89' lang='lat' dir='ltr'>motu</span> <span class='ocrx_word' id='word_1_144' title='bbox 487 1319 704 1381; x_wconf 88' lang='lat' dir='ltr'>itemque</span> <span class='ocrx_word' id='word_1_145' title='bbox 742 1334 800 1367; x_wconf 86' lang='lat' dir='ltr'>ex</span> <span class='ocrx_word' id='word_1_146' title='bbox 835 1318 1058 1367; x_wconf 88' lang='lat' dir='ltr'>idearum</span> <span class='ocrx_word' id='word_1_147' title='bbox 1102 1318 1446 1368; x_wconf 85' lang='lat' dir='ltr'>recordatione</span> <span class='ocrx_word' id='word_1_148' title='bbox 1488 1321 1698 1384; x_wconf 87' lang='lat' dir='ltr'>repetito</span> <span class='ocrx_word' id='word_1_149' title='bbox 1742 1322 1909 1384; x_wconf 88' lang='lat' dir='ltr'>utique</span> 
     </span>
    </p>
   </div>
   <div class='ocr_carea' id='block_1_5' title="bbox 49 1387 1908 1455">
    <p class='ocr_par' dir='ltr' id='par_1_5' title="bbox 49 1387 1908 1455">
     <span class='ocr_line' id='line_1_20' title="bbox 49 1387 1908 1455; baseline 0.002 -18"><span class='ocrx_word' id='word_1_150' title='bbox 49 1387 54 1392; x_wconf 85' lang='grc'><strong><em>’</em></strong></span> <span class='ocrx_word' id='word_1_151' title='bbox 133 1388 419 1442; x_wconf 83' lang='lat' dir='ltr'>confirmata</span> <span class='ocrx_word' id='word_1_152' title='bbox 447 1395 540 1446; x_wconf 87' lang='lat' dir='ltr'>est,</span> <span class='ocrx_word' id='word_1_153' title='bbox 580 1395 742 1438; x_wconf 88' lang='lat' dir='ltr'>tamen</span> <span class='ocrx_word' id='word_1_154' title='bbox 778 1390 826 1436; x_wconf 89' lang='lat' dir='ltr'>in</span> <span class='ocrx_word' id='word_1_155' title='bbox 852 1388 1116 1438; x_wconf 88' lang='lat' dir='ltr'>Phaedone</span> <span class='ocrx_word' id='word_1_156' title='bbox 1153 1391 1299 1438; x_wconf 89' lang='lat' dir='ltr'>etiam</span> <span class='ocrx_word' id='word_1_157' title='bbox 1332 1389 1486 1438; x_wconf 89' lang='lat' dir='ltr'>multo</span> <span class='ocrx_word' id='word_1_158' title='bbox 1513 1390 1736 1439; x_wconf 89' lang='lat' dir='ltr'>subtilius</span> <span class='ocrx_word' id='word_1_159' title='bbox 1762 1399 1908 1455; x_wconf 90' lang='lat' dir='ltr'>atque</span> 
     </span>
    </p>
   </div>
   <div class='ocr_carea' id='block_1_6' title="bbox 132 1458 1910 2304">
    <p class='ocr_par' dir='ltr' id='par_1_6' title="bbox 132 1458 1910 2304">
     <span class='ocr_line' id='line_1_21' title="bbox 134 1458 1907 1524; baseline 0.001 -16"><span class='ocrx_word' id='word_1_160' title='bbox 134 1460 315 1510; x_wconf 86' lang='lat' dir='ltr'>certius</span> <span class='ocrx_word' id='word_1_161' title='bbox 350 1458 616 1516; x_wconf 86' lang='lat' dir='ltr'>stabilitur,</span> <span class='ocrx_word' id='word_1_162' title='bbox 656 1467 710 1509; x_wconf 90' lang='lat' dir='ltr'>ut</span> <span class='ocrx_word' id='word_1_163' title='bbox 744 1458 884 1508; x_wconf 86' lang='lat' dir='ltr'>facile</span> <span class='ocrx_word' id='word_1_164' title='bbox 922 1467 1156 1524; x_wconf 87' lang='lat' dir='ltr'>appareat</span> <span class='ocrx_word' id='word_1_165' title='bbox 1194 1459 1338 1509; x_wconf 89' lang='lat' dir='ltr'>huius</span> <span class='ocrx_word' id='word_1_166' title='bbox 1372 1461 1568 1510; x_wconf 86' lang='lat' dir='ltr'>demum</span> <span class='ocrx_word' id='word_1_167' title='bbox 1604 1461 1719 1510; x_wconf 88' lang='lat' dir='ltr'>libri</span> <span class='ocrx_word' id='word_1_168' title='bbox 1744 1477 1907 1511; x_wconf 91' lang='lat' dir='ltr'>acces-</span> 
     </span>
     <span class='ocr_line' id='line_1_22' title="bbox 133 1529 1908 1594; baseline 0.002 -15"><span class='ocrx_word' id='word_1_169' title='bbox 133 1532 272 1580; x_wconf 89' lang='lat' dir='ltr'>sione</span> <span class='ocrx_word' id='word_1_170' title='bbox 307 1529 581 1579; x_wconf 88' lang='lat' dir='ltr'>doctrinam</span> <span class='ocrx_word' id='word_1_171' title='bbox 617 1530 685 1579; x_wconf 90' lang='lat' dir='ltr'>ibi</span> <span class='ocrx_word' id='word_1_172' title='bbox 721 1530 968 1594; x_wconf 90' lang='lat' dir='ltr'>proditam</span> <span class='ocrx_word' id='word_1_173' title='bbox 995 1537 1044 1580; x_wconf 91' lang='lat' dir='ltr'>et</span> <span class='ocrx_word' id='word_1_174' title='bbox 1069 1530 1306 1580; x_wconf 87' lang='lat' dir='ltr'>illustrari</span> <span class='ocrx_word' id='word_1_175' title='bbox 1330 1530 1627 1581; x_wconf 89' lang='lat' dir='ltr'>luculentius</span> <span class='ocrx_word' id='word_1_176' title='bbox 1654 1538 1701 1581; x_wconf 87' lang='lat' dir='ltr'>et</span> <span class='ocrx_word' id='word_1_177' title='bbox 1727 1534 1908 1582; x_wconf 88' lang='lat' dir='ltr'>certius</span> 
     </span>
     <span class='ocr_line' id='line_1_23' title="bbox 135 1600 1909 1667; baseline 0 -17"><span class='ocrx_word' id='word_1_178' title='bbox 135 1600 468 1651; x_wconf 87' lang='lat' dir='ltr'>corroborari.</span> <span class='ocrx_word' id='word_1_179' title='bbox 538 1602 665 1661; x_wconf 86' lang='lat' dir='ltr'>Quid</span> <span class='ocrx_word' id='word_1_180' title='bbox 699 1601 878 1665; x_wconf 79' lang='lat' dir='ltr'>igitur?</span> <span class='ocrx_word' id='word_1_181' title='bbox 914 1616 1079 1651; x_wconf 92' lang='lat' dir='ltr'>nonne</span> <span class='ocrx_word' id='word_1_182' title='bbox 1117 1609 1343 1667; x_wconf 89' lang='lat' dir='ltr'>apertum</span> <span class='ocrx_word' id='word_1_183' title='bbox 1375 1618 1481 1652; x_wconf 86' lang='lat' dir='ltr'>esse</span> <span class='ocrx_word' id='word_1_184' title='bbox 1508 1603 1655 1652; x_wconf 79' lang='lat' dir='ltr'>(lebet</span> <span class='ocrx_word' id='word_1_185' title='bbox 1682 1603 1909 1653; x_wconf 89' lang='lat' dir='ltr'>omnibus</span> 
     </span>
     <span class='ocr_line' id='line_1_24' title="bbox 132 1671 1906 1738; baseline 0.001 -17"><span class='ocrx_word' id='word_1_186' title='bbox 132 1671 408 1722; x_wconf 90' lang='lat' dir='ltr'>Phaedonis</span> <span class='ocrx_word' id='word_1_187' title='bbox 434 1677 597 1721; x_wconf 91' lang='lat' dir='ltr'>ortum</span> <span class='ocrx_word' id='word_1_188' title='bbox 630 1680 741 1736; x_wconf 86' lang='lat' dir='ltr'>post</span> <span class='ocrx_word' id='word_1_189' title='bbox 766 1672 978 1721; x_wconf 89' lang='lat' dir='ltr'>Phaedri</span> <span class='ocrx_word' id='word_1_190' title='bbox 1005 1679 1051 1721; x_wconf 92' lang='lat' dir='ltr'>et</span> <span class='ocrx_word' id='word_1_191' title='bbox 1077 1673 1318 1738; x_wconf 86' lang='lat' dir='ltr'>Symposii</span> <span class='ocrx_word' id='word_1_192' title='bbox 1345 1675 1559 1736; x_wconf 85' lang='lat' dir='ltr'>origines</span> <span class='ocrx_word' id='word_1_193' title='bbox 1586 1689 1694 1724; x_wconf 90' lang='lat' dir='ltr'>esse</span> <span class='ocrx_word' id='word_1_194' title='bbox 1719 1689 1906 1738; x_wconf 91' lang='lat' dir='ltr'>ponen-</span> 
     </span>
     <span class='ocr_line' id='line_1_25' title="bbox 133 1743 1907 1809; baseline 0.001 -18"><span class='ocrx_word' id='word_1_195' title='bbox 133 1743 280 1792; x_wconf 78' lang='lat' dir='ltr'>dum?</span> <span class='ocrx_word' id='word_1_196' title='bbox 318 1743 422 1792; x_wconf 93' lang='lat' dir='ltr'>Hoc</span> <span class='ocrx_word' id='word_1_197' title='bbox 458 1749 620 1792; x_wconf 86' lang='lat' dir='ltr'>autem</span> <span class='ocrx_word' id='word_1_198' title='bbox 656 1745 697 1793; x_wconf 88' lang='lat' dir='ltr'>si</span> <span class='ocrx_word' id='word_1_199' title='bbox 723 1759 838 1793; x_wconf 90' lang='lat' dir='ltr'>vere</span> <span class='ocrx_word' id='word_1_200' title='bbox 864 1744 931 1792; x_wconf 87' lang='lat' dir='ltr'>ita</span> <span class='ocrx_word' id='word_1_201' title='bbox 957 1745 1201 1800; x_wconf 85' lang='lat' dir='ltr'>statuitur,</span> <span class='ocrx_word' id='word_1_202' title='bbox 1230 1745 1426 1809; x_wconf 88' lang='lat' dir='ltr'>scripsit</span> <span class='ocrx_word' id='word_1_203' title='bbox 1449 1745 1587 1794; x_wconf 90' lang='lat' dir='ltr'>Plato</span> <span class='ocrx_word' id='word_1_204' title='bbox 1612 1744 1794 1794; x_wconf 88' lang='lat' dir='ltr'>librum</span> <span class='ocrx_word' id='word_1_205' title='bbox 1819 1761 1907 1793; x_wconf 91' lang='lat' dir='ltr'>no-</span> 
     </span>
     <span class='ocr_line' id='line_1_26' title="bbox 132 1813 1908 1880; baseline 0.001 -17"><span class='ocrx_word' id='word_1_206' title='bbox 132 1813 441 1870; x_wconf 86' lang='lat' dir='ltr'>bilissimum,</span> <span class='ocrx_word' id='word_1_207' title='bbox 472 1829 587 1863; x_wconf 90' lang='lat' dir='ltr'>cum</span> <span class='ocrx_word' id='word_1_208' title='bbox 612 1829 713 1863; x_wconf 93' lang='lat' dir='ltr'>non</span> <span class='ocrx_word' id='word_1_209' title='bbox 740 1815 804 1863; x_wconf 86' lang='lat' dir='ltr'>ita</span> <span class='ocrx_word' id='word_1_210' title='bbox 831 1814 1024 1879; x_wconf 88' lang='lat' dir='ltr'>pridem</span> <span class='ocrx_word' id='word_1_211' title='bbox 1052 1830 1111 1863; x_wconf 87' lang='lat' dir='ltr'>ex</span> <span class='ocrx_word' id='word_1_212' title='bbox 1136 1815 1309 1879; x_wconf 89' lang='lat' dir='ltr'>primis</span> <span class='ocrx_word' id='word_1_213' title='bbox 1339 1816 1598 1865; x_wconf 86' lang='lat' dir='ltr'>itineribus</span> <span class='ocrx_word' id='word_1_214' title='bbox 1623 1817 1672 1865; x_wconf 91' lang='lat' dir='ltr'>in</span> <span class='ocrx_word' id='word_1_215' title='bbox 1699 1818 1908 1880; x_wconf 86' lang='lat' dir='ltr'>patriam</span> 
     </span>
     <span class='ocr_line' id='line_1_27' title="bbox 132 1884 1906 1952; baseline 0.002 -19"><span class='ocrx_word' id='word_1_216' title='bbox 132 1884 291 1935; x_wconf 87' lang='lat' dir='ltr'>redux</span> <span class='ocrx_word' id='word_1_217' title='bbox 328 1885 484 1935; x_wconf 80' lang='lat' dir='ltr'>factus</span> <span class='ocrx_word' id='word_1_218' title='bbox 522 1890 650 1935; x_wconf 88' lang='lat' dir='ltr'>esset</span> <span class='ocrx_word' id='word_1_219' title='bbox 682 1890 828 1949; x_wconf 89' lang='lat' dir='ltr'>atque</span> <span class='ocrx_word' id='word_1_220' title='bbox 863 1887 913 1934; x_wconf 92' lang='lat' dir='ltr'>in</span> <span class='ocrx_word' id='word_1_221' title='bbox 939 1885 1200 1935; x_wconf 90' lang='lat' dir='ltr'>Academia</span> <span class='ocrx_word' id='word_1_222' title='bbox 1234 1885 1600 1952; x_wconf 89' lang='lat' dir='ltr'>philosophiam</span> <span class='ocrx_word' id='word_1_223' title='bbox 1629 1887 1807 1936; x_wconf 89' lang='lat' dir='ltr'>docere</span> <span class='ocrx_word' id='word_1_224' title='bbox 1832 1889 1906 1936; x_wconf 90' lang='lat' dir='ltr'>in-</span> 
     </span>
     <span class='ocr_line' id='line_1_28' title="bbox 132 1956 1910 2022; baseline 0.002 -18"><span class='ocrx_word' id='word_1_225' title='bbox 132 1956 389 2014; x_wconf 86' lang='lat' dir='ltr'>stituisset,</span> <span class='ocrx_word' id='word_1_226' title='bbox 417 1956 467 2005; x_wconf 89' lang='lat' dir='ltr'>id</span> <span class='ocrx_word' id='word_1_227' title='bbox 494 1956 624 2021; x_wconf 91' lang='lat' dir='ltr'>quod</span> <span class='ocrx_word' id='word_1_228' title='bbox 651 1956 835 2005; x_wconf 88' lang='lat' dir='ltr'>dudum</span> <span class='ocrx_word' id='word_1_229' title='bbox 861 1957 927 2006; x_wconf 91' lang='lat' dir='ltr'>ita</span> <span class='ocrx_word' id='word_1_230' title='bbox 961 1958 1013 2005; x_wconf 92' lang='lat' dir='ltr'>in</span> <span class='ocrx_word' id='word_1_231' title='bbox 1040 1956 1228 2020; x_wconf 88' lang='lat' dir='ltr'>Disput.</span> <span class='ocrx_word' id='word_1_232' title='bbox 1257 1958 1316 2006; x_wconf 91' lang='lat' dir='ltr'>de</span> <span class='ocrx_word' id='word_1_233' title='bbox 1341 1957 1461 2006; x_wconf 88' lang='lat' dir='ltr'>Plat.</span> <span class='ocrx_word' id='word_1_234' title='bbox 1496 1959 1605 2015; x_wconf 90' lang='lat' dir='ltr'>vita,</span> <span class='ocrx_word' id='word_1_235' title='bbox 1634 1960 1833 2022; x_wconf 88' lang='lat' dir='ltr'>ingenio</span> <span class='ocrx_word' id='word_1_236' title='bbox 1861 1966 1910 2007; x_wconf 90' lang='lat' dir='ltr'>et</span> 
     </span>
     <span class='ocr_line' id='line_1_29' title="bbox 133 2024 1908 2094; baseline 0.001 -19"><span class='ocrx_word' id='word_1_237' title='bbox 133 2027 327 2092; x_wconf 87' lang='lat' dir='ltr'>scriptis</span> <span class='ocrx_word' id='word_1_238' title='bbox 347 2024 384 2094; x_wconf 84' lang='lat'>²)</span> <span class='ocrx_word' id='word_1_239' title='bbox 421 2027 754 2077; x_wconf 78' lang='lat' dir='ltr'>iudicavimus,</span> <span class='ocrx_word' id='word_1_240' title='bbox 805 2029 962 2092; x_wconf 90' lang='lat' dir='ltr'>Atque</span> <span class='ocrx_word' id='word_1_241' title='bbox 989 2028 1195 2077; x_wconf 87' lang='lat' dir='ltr'>eandem</span> <span class='ocrx_word' id='word_1_242' title='bbox 1220 2030 1463 2077; x_wconf 88' lang='lat' dir='ltr'>rationem</span> <span class='ocrx_word' id='word_1_243' title='bbox 1487 2030 1589 2078; x_wconf 88' lang='lat' dir='ltr'>suis</span> <span class='ocrx_word' id='word_1_244' title='bbox 1615 2032 1822 2093; x_wconf 90' lang='lat' dir='ltr'>quisque</span> <span class='ocrx_word' id='word_1_245' title='bbox 1848 2030 1908 2077; x_wconf 92' lang='lat' dir='ltr'>de</span> 
     </span>
     <span class='ocr_line' id='line_1_30' title="bbox 134 2097 1907 2162; baseline 0.001 -15"><span class='ocrx_word' id='word_1_246' title='bbox 134 2099 293 2148; x_wconf 88' lang='lat' dir='ltr'>causis</span> <span class='ocrx_word' id='word_1_247' title='bbox 319 2097 531 2162; x_wconf 85' lang='lat' dir='ltr'>amplexi</span> <span class='ocrx_word' id='word_1_248' title='bbox 557 2105 672 2148; x_wconf 90' lang='lat' dir='ltr'>sunt</span> <span class='ocrx_word' id='word_1_249' title='bbox 698 2100 843 2148; x_wconf 87' lang='lat' dir='ltr'>etiam</span> <span class='ocrx_word' id='word_1_250' title='bbox 864 2098 916 2147; x_wconf 90' lang='lat' dir='ltr'>F.</span> <span class='ocrx_word' id='word_1_251' title='bbox 942 2098 1592 2158; x_wconf 80' lang='lat' dir='ltr'>SclileiermacheruS‚</span> <span class='ocrx_word' id='word_1_252' title='bbox 1622 2100 1907 2150; x_wconf 82' lang='lat' dir='ltr'>C.F.Her-</span> 
     </span>
     <span class='ocr_line' id='line_1_31' title="bbox 133 2167 1909 2237; baseline 0.002 -19"><span class='ocrx_word' id='word_1_253' title='bbox 133 2167 438 2234; x_wconf 75' lang='lat' dir='ltr'>mannus3)</span> <span class='ocrx_word' id='word_1_254' title='bbox 454 2207 466 2224; x_wconf 90' lang='lat'>‚</span> <span class='ocrx_word' id='word_1_255' title='bbox 496 2169 547 2219; x_wconf 91' lang='lat' dir='ltr'>C.</span> <span class='ocrx_word' id='word_1_256' title='bbox 571 2167 1017 2235; x_wconf 81' lang='lat' dir='ltr'>Steinhartus4)</span> <span class='ocrx_word' id='word_1_257' title='bbox 1034 2208 1046 2226; x_wconf 94' lang='lat'>,</span> <span class='ocrx_word' id='word_1_258' title='bbox 1070 2168 1164 2227; x_wconf 90' lang='lat' dir='ltr'>alii,</span> <span class='ocrx_word' id='word_1_259' title='bbox 1189 2185 1399 2235; x_wconf 89' lang='lat' dir='ltr'>quorum</span> <span class='ocrx_word' id='word_1_260' title='bbox 1423 2171 1613 2221; x_wconf 90' lang='lat' dir='ltr'>iudiciis</span> <span class='ocrx_word' id='word_1_261' title='bbox 1638 2186 1909 2237; x_wconf 86' lang='lat' dir='ltr'>sanequam</span> 
     </span>
     <span class='ocr_line' id='line_1_32' title="bbox 133 2238 1409 2304; baseline 0.002 -16"><span class='ocrx_word' id='word_1_262' title='bbox 133 2238 398 2304; x_wconf 87' lang='lat' dir='ltr'>plurimum</span> <span class='ocrx_word' id='word_1_263' title='bbox 425 2239 701 2290; x_wconf 80' lang='lat' dir='ltr'>tribuimus,</span> <span class='ocrx_word' id='word_1_264' title='bbox 1405 2250 1409 2254; x_wconf 71' lang='grc'><em>’</em></span> 
     </span>
    </p>
   </div>
   <div class='ocr_carea' id='block_1_7' title="bbox 133 2325 1908 2463">
    <p class='ocr_par' dir='ltr' id='par_1_7' title="bbox 133 2325 1908 2463">
     <span class='ocr_line' id='line_1_33' title="bbox 274 2325 1906 2391; baseline 0.002 -17"><span class='ocrx_word' id='word_1_265' title='bbox 274 2325 441 2390; x_wconf 90' lang='lat' dir='ltr'>Itaque</span> <span class='ocrx_word' id='word_1_266' title='bbox 476 2326 639 2375; x_wconf 89' lang='lat' dir='ltr'>omnia</span> <span class='ocrx_word' id='word_1_267' title='bbox 668 2326 890 2391; x_wconf 84' lang='lat' dir='ltr'>profecto</span> <span class='ocrx_word' id='word_1_268' title='bbox 929 2331 1165 2375; x_wconf 84' lang='lat' dir='ltr'>testantur</span> <span class='ocrx_word' id='word_1_269' title='bbox 1200 2325 1515 2376; x_wconf 91' lang='lat' dir='ltr'>Phaedonem</span> <span class='ocrx_word' id='word_1_270' title='bbox 1541 2341 1639 2376; x_wconf 90' lang='lat' dir='ltr'>non</span> <span class='ocrx_word' id='word_1_271' title='bbox 1667 2327 1906 2386; x_wconf 81' lang='lat' dir='ltr'>iuveniliS,</span> 
     </span>
     <span class='ocr_line' id='line_1_34' title="bbox 133 2396 1908 2463; baseline 0.001 -17"><span class='ocrx_word' id='word_1_272' title='bbox 133 2396 219 2446; x_wconf 86' lang='lat' dir='ltr'>sed</span> <span class='ocrx_word' id='word_1_273' title='bbox 246 2397 528 2446; x_wconf 88' lang='lat' dir='ltr'>maturioris</span> <span class='ocrx_word' id='word_1_274' title='bbox 554 2399 722 2446; x_wconf 88' lang='lat' dir='ltr'>aetatis</span> <span class='ocrx_word' id='word_1_275' title='bbox 748 2412 872 2462; x_wconf 88' lang='lat' dir='ltr'>opus</span> <span class='ocrx_word' id='word_1_276' title='bbox 898 2412 1019 2455; x_wconf 86' lang='lat' dir='ltr'>esse,</span> <span class='ocrx_word' id='word_1_277' title='bbox 1046 2397 1095 2446; x_wconf 93' lang='lat' dir='ltr'>id</span> <span class='ocrx_word' id='word_1_278' title='bbox 1121 2397 1253 2463; x_wconf 87' lang='lat' dir='ltr'>quod</span> <span class='ocrx_word' id='word_1_279' title='bbox 1281 2398 1428 2446; x_wconf 88' lang='lat' dir='ltr'>etiam</span> <span class='ocrx_word' id='word_1_280' title='bbox 1453 2399 1570 2447; x_wconf 87' lang='lat' dir='ltr'>artis</span> <span class='ocrx_word' id='word_1_281' title='bbox 1595 2399 1832 2463; x_wconf 84' lang='lat' dir='ltr'>perfectio</span> <span class='ocrx_word' id='word_1_282' title='bbox 1857 2400 1908 2448; x_wconf 90' lang='lat' dir='ltr'>in</span> 
     </span>
    </p>
   </div>
   <div class='ocr_carea' id='block_1_8' title="bbox 2 2467 1908 2537">
    <p class='ocr_par' dir='ltr' id='par_1_8' title="bbox 2 2467 1908 2537">
     <span class='ocr_line' id='line_1_35' title="bbox 2 2467 1908 2537; baseline 0.001 -21"><span class='ocrx_word' id='word_1_283' title='bbox 2 2473 32 2537; x_wconf 66' lang='lat'>&#39;³1</span> <span class='ocrx_word' id='word_1_284' title='bbox 70 2486 73 2488; x_wconf 58' lang='grc'>’</span> <span class='ocrx_word' id='word_1_285' title='bbox 135 2483 193 2517; x_wconf 92' lang='lat' dir='ltr'>eo</span> <span class='ocrx_word' id='word_1_286' title='bbox 219 2469 342 2517; x_wconf 89' lang='lat' dir='ltr'>mire</span> <span class='ocrx_word' id='word_1_287' title='bbox 369 2467 695 2533; x_wconf 82' lang='lat' dir='ltr'>exsplendens</span> <span class='ocrx_word' id='word_1_288' title='bbox 723 2470 997 2518; x_wconf 88' lang='lat' dir='ltr'>certissime</span> <span class='ocrx_word' id='word_1_289' title='bbox 1025 2468 1293 2518; x_wconf 79' lang='lat' dir='ltr'>confirmat.</span> <span class='ocrx_word' id='word_1_290' title='bbox 1336 2467 1476 2525; x_wconf 85' lang='lat' dir='ltr'>Quod</span> <span class='ocrx_word' id='word_1_291' title='bbox 1502 2476 1665 2519; x_wconf 89' lang='lat' dir='ltr'>autem</span> <span class='ocrx_word' id='word_1_292' title='bbox 1693 2470 1908 2519; x_wconf 87' lang='lat' dir='ltr'>Socratis</span> 
     </span>
    </p>
   </div>
   <div class='ocr_carea' id='block_1_9' title="bbox 133 2539 1909 2604">
    <p class='ocr_par' dir='ltr' id='par_1_9' title="bbox 133 2539 1909 2604">
     <span class='ocr_line' id='line_1_36' title="bbox 133 2539 1909 2604; baseline 0 -15"><span class='ocrx_word' id='word_1_293' title='bbox 133 2539 390 2590; x_wconf 83' lang='lat' dir='ltr'>morientis</span> <span class='ocrx_word' id='word_1_294' title='bbox 414 2540 575 2604; x_wconf 84' lang='lat' dir='ltr'>imago</span> <span class='ocrx_word' id='word_1_295' title='bbox 602 2541 652 2588; x_wconf 90' lang='lat' dir='ltr'>in</span> <span class='ocrx_word' id='word_1_296' title='bbox 679 2555 736 2590; x_wconf 93' lang='lat' dir='ltr'>eo</span> <span class='ocrx_word' id='word_1_297' title='bbox 757 2545 857 2589; x_wconf 89' lang='lat' dir='ltr'>tam</span> <span class='ocrx_word' id='word_1_298' title='bbox 878 2540 1046 2589; x_wconf 86' lang='lat' dir='ltr'>vividis</span> <span class='ocrx_word' id='word_1_299' title='bbox 1072 2539 1320 2589; x_wconf 90' lang='lat' dir='ltr'>coloribus</span> <span class='ocrx_word' id='word_1_300' title='bbox 1347 2547 1419 2589; x_wconf 86' lang='lat' dir='ltr'>est</span> <span class='ocrx_word' id='word_1_301' title='bbox 1445 2540 1650 2604; x_wconf 88' lang='lat' dir='ltr'>depicta,</span> <span class='ocrx_word' id='word_1_302' title='bbox 1678 2548 1731 2590; x_wconf 86' lang='lat' dir='ltr'>ut</span> <span class='ocrx_word' id='word_1_303' title='bbox 1755 2542 1909 2591; x_wconf 85' lang='lat' dir='ltr'>videri</span> 
     </span>
    </p>
   </div>
   <div class='ocr_carea' id='block_1_10' title="bbox 132 2611 1904 2676">
    <p class='ocr_par' dir='ltr' id='par_1_10' title="bbox 3 2593 1904 2676">
     <span class='ocr_line' id='line_1_37' title="bbox 132 2611 1904 2676; baseline 0.003 -18.661"><span class='ocrx_word' id='word_1_304' title='bbox 132 2611 287 2675; x_wconf 90' lang='lat' dir='ltr'>possit</span> <span class='ocrx_word' id='word_1_305' title='bbox 322 2626 520 2669; x_wconf 90' lang='lat' dir='ltr'>eorum,</span> <span class='ocrx_word' id='word_1_306' title='bbox 559 2626 682 2676; x_wconf 90' lang='lat' dir='ltr'>quae</span> <span class='ocrx_word' id='word_1_307' title='bbox 724 2611 1093 2667; x_wconf 86' lang='lat' dir='ltr'>describuntur,</span> <span class='ocrx_word' id='word_1_308' title='bbox 1134 2625 1310 2661; x_wconf 88' lang='lat' dir='ltr'>recens</span> <span class='ocrx_word' id='word_1_309' title='bbox 1345 2613 1584 2661; x_wconf 88' lang='lat' dir='ltr'>memoria</span> <span class='ocrx_word' id='word_1_310' title='bbox 1610 2618 1712 2662; x_wconf 88' lang='lat' dir='ltr'>tum</span> <span class='ocrx_word' id='word_1_311' title='bbox 1739 2613 1904 2669; x_wconf 89' lang='lat' dir='ltr'>fuisse,</span> 
     </span>
    </p>
   </div>
   <div class='ocr_carea' id='block_1_11' title="bbox 0 1976 57 3718">
    <p class='ocr_par' dir='ltr' id='par_1_11' title="bbox 0 1976 57 3718">
     <span class='ocr_line' id='line_1_38' title="bbox 0 1976 57 3718; baseline 0 0"><span class='ocrx_word' id='word_1_312' title='bbox 0 1976 57 3718; x_wconf 95' lang='lat' dir='ltr'> </span> 
     </span>
    </p>
   </div>
   <div class='ocr_carea' id='block_1_12' title="bbox 133 2680 1909 3102">
    <p class='ocr_par' dir='ltr' id='par_1_12' title="bbox 133 2680 1909 3102">
     <span class='ocr_line' id='line_1_39' title="bbox 135 2680 1909 2748; baseline 0.001 -17"><span class='ocrx_word' id='word_1_313' title='bbox 135 2696 248 2731; x_wconf 91' lang='lat' dir='ltr'>cum</span> <span class='ocrx_word' id='word_1_314' title='bbox 272 2680 399 2732; x_wconf 88' lang='lat' dir='ltr'>liber</span> <span class='ocrx_word' id='word_1_315' title='bbox 426 2688 820 2748; x_wconf 89' lang='lat' dir='ltr'>componeretur,</span> <span class='ocrx_word' id='word_1_316' title='bbox 866 2683 1044 2732; x_wconf 88' lang='lat' dir='ltr'>iniuria</span> <span class='ocrx_word' id='word_1_317' title='bbox 1070 2682 1294 2746; x_wconf 84' lang='lat' dir='ltr'>profecto</span> <span class='ocrx_word' id='word_1_318' title='bbox 1319 2683 1435 2732; x_wconf 91' lang='lat' dir='ltr'>inde</span> <span class='ocrx_word' id='word_1_319' title='bbox 1462 2682 1768 2746; x_wconf 86' lang='lat' dir='ltr'>collegerunt</span> <span class='ocrx_word' id='word_1_320' title='bbox 1794 2699 1909 2733; x_wconf 88' lang='lat' dir='ltr'>eum</span> 
     </span>
     <span class='ocr_line' id='line_1_40' title="bbox 133 2754 1909 2820; baseline 0.001 -18"><span class='ocrx_word' id='word_1_321' title='bbox 133 2767 304 2802; x_wconf 89' lang='lat' dir='ltr'>revera</span> <span class='ocrx_word' id='word_1_322' title='bbox 351 2768 453 2802; x_wconf 91' lang='lat' dir='ltr'>non</span> <span class='ocrx_word' id='word_1_323' title='bbox 497 2754 559 2803; x_wconf 89' lang='lat' dir='ltr'>ita</span> <span class='ocrx_word' id='word_1_324' title='bbox 604 2754 756 2803; x_wconf 88' lang='lat' dir='ltr'>multo</span> <span class='ocrx_word' id='word_1_325' title='bbox 806 2761 918 2819; x_wconf 86' lang='lat' dir='ltr'>post</span> <span class='ocrx_word' id='word_1_326' title='bbox 962 2754 1175 2803; x_wconf 87' lang='lat' dir='ltr'>Socratis</span> <span class='ocrx_word' id='word_1_327' title='bbox 1218 2759 1428 2803; x_wconf 89' lang='lat' dir='ltr'>mortem</span> <span class='ocrx_word' id='word_1_328' title='bbox 1463 2756 1702 2820; x_wconf 90' lang='lat' dir='ltr'>scriptum</span> <span class='ocrx_word' id='word_1_329' title='bbox 1744 2756 1909 2820; x_wconf 85' lang='lat' dir='ltr'>putari</span> 
     </span>
     <span class='ocr_line' id='line_1_41' title="bbox 135 2824 1904 2889; baseline 0.002 -18"><span class='ocrx_word' id='word_1_330' title='bbox 135 2830 382 2888; x_wconf 89' lang='lat' dir='ltr'>oportere.</span> <span class='ocrx_word' id='word_1_331' title='bbox 432 2824 626 2874; x_wconf 90' lang='lat' dir='ltr'>Etenim</span> <span class='ocrx_word' id='word_1_332' title='bbox 659 2827 876 2889; x_wconf 89' lang='lat' dir='ltr'>primum</span> <span class='ocrx_word' id='word_1_333' title='bbox 912 2825 1110 2889; x_wconf 91' lang='lat' dir='ltr'>quidem</span> <span class='ocrx_word' id='word_1_334' title='bbox 1145 2825 1252 2874; x_wconf 90' lang='lat' dir='ltr'>fieri</span> <span class='ocrx_word' id='word_1_335' title='bbox 1285 2840 1403 2875; x_wconf 91' lang='lat' dir='ltr'>sane</span> <span class='ocrx_word' id='word_1_336' title='bbox 1438 2829 1619 2889; x_wconf 91' lang='lat' dir='ltr'>potuit,</span> <span class='ocrx_word' id='word_1_337' title='bbox 1665 2832 1719 2875; x_wconf 88' lang='lat' dir='ltr'>ut</span> <span class='ocrx_word' id='word_1_338' title='bbox 1753 2825 1904 2881; x_wconf 92' lang='lat' dir='ltr'>Plato,</span> 
     </span>
     <span class='ocr_line' id='line_1_42' title="bbox 134 2895 1908 2961; baseline 0.002 -19"><span class='ocrx_word' id='word_1_339' title='bbox 134 2895 220 2943; x_wconf 85' lang='lat' dir='ltr'>ubi</span> <span class='ocrx_word' id='word_1_340' title='bbox 279 2909 378 2944; x_wconf 91' lang='lat' dir='ltr'>non</span> <span class='ocrx_word' id='word_1_341' title='bbox 416 2896 487 2944; x_wconf 90' lang='lat' dir='ltr'>-ita</span> <span class='ocrx_word' id='word_1_342' title='bbox 528 2896 721 2959; x_wconf 90' lang='lat' dir='ltr'>pridem</span> <span class='ocrx_word' id='word_1_343' title='bbox 780 2897 832 2944; x_wconf 93' lang='lat' dir='ltr'>in</span> <span class='ocrx_word' id='word_1_344' title='bbox 885 2897 1095 2960; x_wconf 87' lang='lat' dir='ltr'>patriam</span> <span class='ocrx_word' id='word_1_345' title='bbox 1149 2898 1372 2953; x_wconf 89' lang='lat' dir='ltr'>revertit,</span> <span class='ocrx_word' id='word_1_346' title='bbox 1433 2897 1753 2961; x_wconf 89' lang='lat' dir='ltr'>popularibus</span> <span class='ocrx_word' id='word_1_347' title='bbox 1808 2898 1908 2946; x_wconf 90' lang='lat' dir='ltr'>suis</span> 
     </span>
     <span class='ocr_line' id='line_1_43' title="bbox 135 2966 1908 3033; baseline 0.002 -19"><span class='ocrx_word' id='word_1_348' title='bbox 135 2966 366 3030; x_wconf 89' lang='lat' dir='ltr'>sapientis</span> <span class='ocrx_word' id='word_1_349' title='bbox 409 2968 662 3016; x_wconf 88' lang='lat' dir='ltr'>morientis</span> <span class='ocrx_word' id='word_1_350' title='bbox 710 2968 974 3031; x_wconf 87' lang='lat' dir='ltr'>imaginem</span> <span class='ocrx_word' id='word_1_351' title='bbox 1024 2966 1362 3032; x_wconf 85' lang='lat' dir='ltr'>expolitiorem</span> <span class='ocrx_word' id='word_1_352' title='bbox 1402 2968 1464 3017; x_wconf 89' lang='lat' dir='ltr'>ob</span> <span class='ocrx_word' id='word_1_353' title='bbox 1512 2968 1679 3017; x_wconf 91' lang='lat' dir='ltr'>oculos</span> <span class='ocrx_word' id='word_1_354' title='bbox 1719 2983 1908 3033; x_wconf 90' lang='lat' dir='ltr'>ponere</span> 
     </span>
     <span class='ocr_line' id='line_1_44' title="bbox 135 3038 1907 3102; baseline 0.001 -16"><span class='ocrx_word' id='word_1_355' title='bbox 135 3038 480 3095; x_wconf 88' lang='lat' dir='ltr'>constitueret,</span> <span class='ocrx_word' id='word_1_356' title='bbox 519 3038 699 3102; x_wconf 92' lang='lat' dir='ltr'>quippe</span> <span class='ocrx_word' id='word_1_357' title='bbox 735 3039 817 3102; x_wconf 92' lang='lat' dir='ltr'>qui</span> <span class='ocrx_word' id='word_1_358' title='bbox 851 3040 949 3088; x_wconf 87' lang='lat' dir='ltr'>iam</span> <span class='ocrx_word' id='word_1_359' title='bbox 982 3039 1077 3102; x_wconf 89' lang='lat' dir='ltr'>ipsi</span> <span class='ocrx_word' id='word_1_360' title='bbox 1111 3039 1171 3088; x_wconf 90' lang='lat' dir='ltr'>de</span> <span class='ocrx_word' id='word_1_361' title='bbox 1208 3039 1423 3089; x_wconf 89' lang='lat' dir='ltr'>Socratis</span> <span class='ocrx_word' id='word_1_362' title='bbox 1459 3041 1636 3090; x_wconf 88' lang='lat' dir='ltr'>virtute</span> <span class='ocrx_word' id='word_1_363' title='bbox 1672 3046 1720 3090; x_wconf 88' lang='lat' dir='ltr'>et</span> <span class='ocrx_word' id='word_1_364' title='bbox 1759 3040 1907 3092; x_wconf 88' lang='lat' dir='ltr'>animi</span> 
     </span>
    </p>
   </div>
   <div class='ocr_carea' id='block_1_13' title="bbox 135 3237 1902 3523">
    <p class='ocr_par' dir='ltr' id='par_1_13' title="bbox 249 3237 966 3292">
     <span class='ocr_line' id='line_1_45' title="bbox 249 3237 966 3292; baseline 0.004 -14"><span class='ocrx_word' id='word_1_365' title='bbox 249 3238 291 3292; x_wconf 88' lang='lat'>1)</span> <span class='ocrx_word' id='word_1_366' title='bbox 322 3238 438 3292; x_wconf 81' lang='lat' dir='ltr'>Pag.</span> <span class='ocrx_word' id='word_1_367' title='bbox 470 3237 608 3279; x_wconf 73' lang='lat'>2450</span> <span class='ocrx_word' id='word_1_368' title='bbox 640 3249 709 3290; x_wconf 85' lang='lat' dir='ltr'>sq.</span> <span class='ocrx_word' id='word_1_369' title='bbox 738 3242 784 3279; x_wconf 82' lang='lat' dir='ltr'>et</span> <span class='ocrx_word' id='word_1_370' title='bbox 812 3238 894 3280; x_wconf 82' lang='lat'>249</span> <span class='ocrx_word' id='word_1_371' title='bbox 917 3238 966 3281; x_wconf 82' lang='lat' dir='ltr'>O.</span> 
     </span>
    </p>

    <p class='ocr_par' dir='ltr' id='par_1_14' title="bbox 248 3295 1679 3354">
     <span class='ocr_line' id='line_1_46' title="bbox 248 3295 1679 3354; baseline 0.006 -19"><span class='ocrx_word' id='word_1_372' title='bbox 248 3296 293 3348; x_wconf 82' lang='lat'>2)</span> <span class='ocrx_word' id='word_1_373' title='bbox 327 3295 443 3349; x_wconf 90' lang='lat' dir='ltr'>Opp.</span> <span class='ocrx_word' id='word_1_374' title='bbox 474 3296 595 3339; x_wconf 79' lang='lat' dir='ltr'>Plat.</span> <span class='ocrx_word' id='word_1_375' title='bbox 626 3295 727 3339; x_wconf 91' lang='lat' dir='ltr'>Vol.</span> <span class='ocrx_word' id='word_1_376' title='bbox 758 3296 792 3339; x_wconf 94' lang='grc' dir='ltr'>Ι.</span> <span class='ocrx_word' id='word_1_377' title='bbox 827 3296 953 3341; x_wconf 81' lang='lat' dir='ltr'>Sec-t.</span> <span class='ocrx_word' id='word_1_378' title='bbox 982 3297 1018 3338; x_wconf 89' lang='grc' dir='ltr'>Ι.</span> <span class='ocrx_word' id='word_1_379' title='bbox 1051 3311 1156 3352; x_wconf 85' lang='lat' dir='ltr'>pag.</span> <span class='ocrx_word' id='word_1_380' title='bbox 1189 3296 1316 3343; x_wconf 90' lang='lat' dir='ltr'>XXV</span> <span class='ocrx_word' id='word_1_381' title='bbox 1345 3313 1411 3353; x_wconf 88' lang='lat' dir='ltr'>sq.</span> <span class='ocrx_word' id='word_1_382' title='bbox 1445 3304 1489 3341; x_wconf 84' lang='lat' dir='ltr'>et</span> <span class='ocrx_word' id='word_1_383' title='bbox 1518 3301 1583 3342; x_wconf 93' lang='lat' dir='ltr'>LI</span> <span class='ocrx_word' id='word_1_384' title='bbox 1613 3314 1679 3354; x_wconf 85' lang='lat' dir='ltr'>sq.</span> 
     </span>
    </p>

    <p class='ocr_par' dir='ltr' id='par_1_15' title="bbox 249 3352 1138 3407">
     <span class='ocr_line' id='line_1_47' title="bbox 249 3352 1138 3407; baseline 0.003 -12"><span class='ocrx_word' id='word_1_385' title='bbox 249 3354 292 3404; x_wconf 80' lang='lat'>3)</span> <span class='ocrx_word' id='word_1_386' title='bbox 325 3352 489 3394; x_wconf 80' lang='lat' dir='ltr'>Geseh.</span> <span class='ocrx_word' id='word_1_387' title='bbox 522 3368 563 3396; x_wconf 90' lang='lat' dir='ltr'>u.</span> <span class='ocrx_word' id='word_1_388' title='bbox 598 3353 719 3405; x_wconf 82' lang='lat' dir='ltr'>Syst.</span> <span class='ocrx_word' id='word_1_389' title='bbox 748 3353 784 3392; x_wconf 93' lang='grc'>1.</span> <span class='ocrx_word' id='word_1_390' title='bbox 817 3366 923 3406; x_wconf 86' lang='lat' dir='ltr'>pag.</span> <span class='ocrx_word' id='word_1_391' title='bbox 957 3355 1039 3395; x_wconf 78' lang='lat'>528</span> <span class='ocrx_word' id='word_1_392' title='bbox 1069 3368 1138 3407; x_wconf 87' lang='lat' dir='ltr'>sq.</span> 
     </span>
    </p>

    <p class='ocr_par' dir='ltr' id='par_1_16' title="bbox 135 3410 1902 3523">
     <span class='ocr_line' id='line_1_48' title="bbox 247 3410 1902 3468; baseline 0.005 -18"><span class='ocrx_word' id='word_1_393' title='bbox 247 3410 293 3463; x_wconf 89' lang='lat'>4)</span> <span class='ocrx_word' id='word_1_394' title='bbox 325 3411 444 3453; x_wconf 82' lang='lat' dir='ltr'>Plat.</span> <span class='ocrx_word' id='word_1_395' title='bbox 475 3412 668 3454; x_wconf 62' lang='lat' dir='ltr'>sammtl.</span> <span class='ocrx_word' id='word_1_396' title='bbox 705 3411 888 3452; x_wconf 85' lang='lat' dir='ltr'>Werke.</span> <span class='ocrx_word' id='word_1_397' title='bbox 938 3412 1131 3456; x_wconf 83' lang='lat' dir='ltr'>Uebers.</span> <span class='ocrx_word' id='word_1_398' title='bbox 1163 3428 1207 3457; x_wconf 83' lang='lat' dir='ltr'>v.</span> <span class='ocrx_word' id='word_1_399' title='bbox 1239 3413 1296 3453; x_wconf 88' lang='lat' dir='ltr'>H.</span> <span class='ocrx_word' id='word_1_400' title='bbox 1328 3414 1509 3457; x_wconf 83' lang='lat' dir='ltr'>Miiller.</span> <span class='ocrx_word' id='word_1_401' title='bbox 1559 3414 1657 3457; x_wconf 87' lang='lat' dir='ltr'>Vol.</span> <span class='ocrx_word' id='word_1_402' title='bbox 1689 3415 1765 3457; x_wconf 85' lang='lat' dir='ltr'>IV.</span> <span class='ocrx_word' id='word_1_403' title='bbox 1797 3426 1902 3468; x_wconf 83' lang='lat' dir='ltr'>pag.</span> 
     </span>
     <span class='ocr_line' id='line_1_49' title="bbox 135 3467 316 3523; baseline 0.022 -15"><span class='ocrx_word' id='word_1_404' title='bbox 135 3467 219 3508; x_wconf 81' lang='lat'>458</span> <span class='ocrx_word' id='word_1_405' title='bbox 251 3481 316 3523; x_wconf 83' lang='lat' dir='ltr'>sq.</span> 
     </span>
    </p>
   </div>
  </div>
 </body>
</html>
