2158 3718
985 144 1064 189 PL
1072 144 1311 189 ATONIS

256 149 359 201 114

256 302 392 342 στον
449 288 727 356 ἐπιχειροῖ
775 283 1048 354 θηρεύειν
1102 286 1218 336 τῶν
1273 281 1485 352 ὄντων,
1534 279 1874 350 ἀπαλλαγεὶς
1919 281 1953 336 ὅ
1996 303 2055 336 τι

255 371 495 442 μάλιστα
534 367 853 438 ὀφθαλμῶν
877 387 937 421 τε
963 368 1057 420 καὶ
1083 365 1245 420 ὤτων
1281 367 1376 420 καὶ
1413 365 1488 429 ὥς
1525 369 1657 429 ἔπος
1696 367 1874 419 εἰπεῖν
1911 366 2048 435 ξύμ-

255 475 465 518 παντος
510 457 613 507 τοῦ
662 452 943 521 σώματος,
995 450 1071 514 ὥς
1117 450 1486 521 ταράττοντος
1532 452 1625 504 και
1681 448 1815 504 οὐκ
1844 451 2059 513 ἐωντος·

256 537 361 609 τὴν
408 536 598 608 ψυχὴν
648 536 966 605 κτήσασθαι
1013 533 1288 603 ἀλήθειάν
1308 554 1384 623 ,τε
1422 536 1516 588 καὶ
1563 534 1875 605 φρόνησιν,
1914 532 2051 588 ὅταν

257 625 535 692 κοινωνῇς
576 620 672 690 ἀρ’
711 617 815 688 οὐχ
854 611 1021 682 οὗτός
1060 620 1243 687 ἐστιν,
1284 639 1325 672 ω
1368 622 1601 689 Σιμμία,
1643 623 1800 722 εἴπερ
1838 638 1922 682 τις
1958 618 2052 671 καὶ

258 706 454 775 αλλος,
496 704 525 758 6
563 697 896 773 τευξόμενος
932 707 1035 756 τοῦ
1048 701 1262 789 nt’ivtoffi
1305 700 1652 773 Ὑπερφυῶς,
1692 705 1799 772 ε’φη
1839 700 1868 757 6
1906 706 2052 771 Σιμ-

258 794 405 861 μίας,
445 809 519 852 ως
557 786 742 857 αληθῆ
782 788 981 857 λέγεις,
1023 808 1065 840 ω
1106 786 1428 855 Σώκρατες.

202 885 236 925 Β
401 877 517 942 Cap.
557 875 638 926 Xl.
719 870 952 926 Οὐκοῦν
1001 869 1247 940 ἀνάγκη,
1287 873 1425 940 ἔφη,
1467 871 1530 924 ἐκ
1568 870 1796 924 πάντων
1834 871 2052 924 τούτων

262 1075 376 1128 quod
408 1073 526 1114 dedit
547 1072 690 1112 Herm.
720 1071 816 1112 coll.
839 1070 1011 1114 Ruhuk.
1034 1071 1088 1111 ad
1114 1071 1222 1113 Tim.
1247 1083 1288 1124 p
1311 1070 1395 1111 264
1417 1076 1456 1110 et
1478 1069 1725 1111 Schneider.
1750 1070 1803 1111 ad
1825 1071 1976 1124 Remp.
1998 1070 2053 1114 V.

259 1145 302 1186 p.
333 1131 488 1172 477A.
519 1142 560 1169 ν.
591 1134 734 1168 annot.
776 1128 879 1168 Dein
911 1133 1012 1168 vett.
1045 1127 1161 1170 editt.
1195 1120 1438 1180 ἐπιχειρεῖ.
1476 1126 1598 1169 Bodl.
1629 1127 1725 1168 Vat.
1746 1127 1856 1167 Ven.
1880 1126 2056 1168 HTub.

261 1190 374 1256 Aug.
395 1186 525 1228 Vind.
553 1185 594 1226 Τ
625 1185 721 1225 Par.
750 1182 921 1226 ACGH
950 1184 1094 1226 Ambr.
1124 1183 1236 1224 Flm.
1266 1196 1290 1222 a
1312 1184 1336 1223 b
1357 1195 1379 1222 c
1403 1183 1458 1223 d
1449 1196 1462 1223 1
1493 1183 1589 1223 Zitt.
1634 1175 1815 1237 ἒπιχειρ
1819 1185 1879 1225 οῖ.
1923 1181 2058 1225 Coisl.

261 1238 543 1298 ἐπιχειροίη,
569 1241 685 1292 quod
707 1252 730 1280 e
749 1240 872 1283 Bodl.
884 1240 1243 1293 superscriptum3
1265 1239 1394 1290 idque
1416 1239 1607 1293 suscepit
1627 1239 1808 1282 Bekker.
1830 1238 1917 1280 Sed
1938 1246 2054 1279 utia-

261 1313 344 1352 que
371 1299 508 1339 forma
538 1308 632 1337 cum
654 1296 819 1336 Platoni
839 1297 1036 1337 videatur
1064 1296 1291 1349 placuisse,
1314 1296 1494 1348 singulis
1515 1296 1622 1336 locis
1644 1296 1839 1336 codicum
1859 1295 2053 1336 testimo·
2078 1301 2088 1305 “’

260 1357 331 1397 nia
352 1354 566 1396 audienda
587 1358 701 1396 sunt.
725 1366 764 1395 ν.
789 1351 1034 1393 Schneider.
1056 1353 1111 1392 ad
1131 1353 1283 1406 Remp.
1308 1352 1379 1395 IV.
1403 1364 1446 1405 p.
1465 1351 1618 1393 4281).

290 1435 474 1535 dd‘tnoez
505 1427 572 1478 αλ
589 1432 702 1490 λος]
734 1435 823 1477 καί
847 1450 870 1477 e
890 1436 1011 1477 Bodl.
1035 1437 1141 1478 Tub.
1165 1437 1274 1480 Ven.
1300 1436 1350 1477 H
1373 1437 1502 1477 Vind.
1529 1435 1568 1477 Φ
1599 1444 1640 1475 et
1660 1435 1701 1477 Τ
1726 1435 1822 1476 Par.
1848 1435 1882 1478 G
1903 1435 2058 1478 Ambr.

192 1502 197 1506 ’
262 1507 285 1534 a
346 1508 362 1533 ιι
383 1506 468 1535 um.

264 1664 352 1713 νεῖ,
377 1674 427 1702 eo
450 1659 677 1700 dilucidius
700 1660 934 1723 explicatur
955 1672 1114 1713 prono-

261 1731 357 1759 men
367 1709 533 1782 αὐτῆ.
572 1715 669 1755 Pari
697 1716 858 1755 ratione
888 1723 1116 1769 usurpatur

262 1767 411 1822 αὐτὸς
432 1784 592 1827 μονος,
622 1771 676 1811 de
705 1783 786 1822 quo
810 1784 850 1814 v.
873 1771 1030 1824 Toup
1056 1773 1114 1812 ad

261 1831 442 1883 Longin.
475 1842 519 1882 p.
543 1827 626 1869 526
655 1827 722 1866 ed
743 1826 911 1869 Weisk.
952 1827 1112 1866 Hein-

262 1887 395 1929 dorf.
421 1885 476 1926 ad
498 1883 668 1926 Ghaim.
690 1883 888 1936 p.156B.
914 1881 1116 1923 Scliae—

262 1944 284 1985 s
291 1956 312 1983 e
323 1957 356 1984 r.
378 1942 434 1983 ad
454 1941 603 1982 Lamb.
627 1939 724 1981 Bos.
749 1951 792 1992 p.
817 1939 916 1981 308.
955 1938 1116 1978 Dicitur

263 2006 407 2040 autem
439 1991 713 2049 εἰλικρινές,
743 1995 1006 2047 quidquid
1034 1995 1119 2034 ni-

262 2056 338 2096 hil
388 2055 575 2107 dispar
626 2052 710 2091 sui
759 2059 806 2091 et.
853 2050 1119 2092 dissimile

262 2111 558 2153 admixtum
596 2108 778 2160 habet,
821 2108 1111 2156 sincerum,

261 2180 464 2222 purum.
493 2165 807 2207 Valckenar.
831 2165 874 2204 in
897 2163 1038 2207 Schol.
1063 2164 1118 2204 ad

262 2225 314 2266 N.
344 2225 391 2267 F.
437 2223 503 2266 ed
534 2220 871 2273 Wassenbergh.
908 2222 957 2264 T.
986 2222 1039 2263 11.
1070 2233 1112 2273 p.

266 2283 370 2323 181.
404 2281 481 2330 „In
511 2278 710 2332 glosariis
747 2277 939 2318 redditur
978 2277 1113 2317 inte—

263 2349 433 2391 grum,
458 2336 739 2378 sincerum.
769 2334 1019 2375 Abstrusior
1040 2333 1118 2373 ali—

265 2399 421 2446 quanto
445 2391 770 2445 compositionis
790 2392 912 2433 latio.
936 2390 1119 2431 Videtur

262 2458 404 2491 tamen
431 2462 514 2490 vox
536 2450 714 2489 formata
734 2448 787 2488 ab
811 2441 937 2495 εἷλος
959 2453 1000 2487 et
1018 2445 1118 2506 κρί-

264 2520 345 2549 νω.
388 2506 480 2546 Hoc
500 2512 619 2545 notat
646 2516 948 2544 secernere.
993 2497 1117 2550 εἶλος

266 2572 306 2604 et
338 2557 440 2611 ἶλος
471 2570 512 2602 et
540 2559 619 2614 ἴλη
649 2561 842 2614 globus
873 2568 949 2607 est,
973 2560 1026 2600 ab
1051 2555 1116 2600 εἰ-

266 2621 367 2660 λεῑν
400 2625 441 2658 et
474 2614 620 2670 ἰλεῖν,
653 2617 884 2660 volvere.
946 2616 1010 2656 Ex
1038 2615 1117 2654 hac

265 2675 426 2728 eiigine
445 2669 695 2727 εἰλικρινές
711 2674 883 2726 proprie
905 2685 939 2711 s·
929 2671 1117 2725 gnificat

263 2730 528 2771 volvendo
579 2742 616 2772 s.
663 2729 895 2769 volubili
941 2729 1114 2780 agita·-

262 2788 414 2827 1-ione
474 2790 763 2837 secretum,
824 2792 949 2836 atque
1007 2784 1115 2824 adeo

264 2844 442 2884 cribro
463 2847 764 2895 purgatum.
770 2840 796 2861 “
837 2841 1005 2881 Partem
1027 2841 1115 2880 veri

263 2900 371 2940 vidit
410 2899 653 2963 Guyeutus
701 2898 755 2938 ad
795 2897 1000 2951 Hesych„
1045 2897 1116 2947 qui

268 2952 522 3021 εἰλικρινὲς
551 2955 845 3019 interpretanti
865 2955 1006 2994 veihis
1031 2966 1116 2994 κα-

266 3006 450 3077 θαρόν,
482 3009 682 3063 αδολον,
722 3003 931 3064 αληθές,
965 3022 1113 3063 φανε-

266 3062 365 3122 ρόν.
427 3069 487 3109 De
528 3068 841 3109 constiuctione
882 3068 993 3110 cons.
1054 3067 1115 3106 De

265 3126 374 3179 Rep.
398 3127 449 3168 V.
480 3139 542 3189 p.
545 3126 629 3166 459
650 3124 684 3164 D
715 3123 871 3194 συχνῷ
902 3123 965 3164 τῶ
996 3116 1115 3188 ψεύ·

266 3180 342 3223 ὃει
371 3179 455 3223 καὶ
486 3180 542 3235 τῇ
575 3174 734 3247 ᾆπάτῃ
768 3183 885 3235 ημῖν
922 3167 1114 3233 δεήσειν

267 3237 481 3293 χρῆσθαι
509 3232 622 3286 τοὺς
651 3228 900 3302 ἄρχοντας.
945 3237 1051 3280 lbid.
1079 3238 1111 3279 I.

266 3307 316 3359 Ρ.
339 3295 423 3335 344
443 3295 478 3334 D
518 3287 852 3347 καταντλήσας
881 3316 933 3322 --
962 3286 1117 3334 πολὺν

269 3344 354 3392 τὸν
397 3345 554 3415 λόγον
605 3350 710 3391 lbid.
747 3351 860 3392 Vlll.
893 3363 941 3418 p.
967 3350 1048 3390 562
1080 3349 1114 3388 D

267 3400 450 3461 πολλὴν
489 3403 750 3460 παρέχουσι
790 3399 877 3460 τὴν
921 3399 1113 3447 ἐλευθε-

269 3463 391 3516 ριᾞαν
433 3464 540 3506 ibid.
571 3463 626 3505 X.
660 3477 702 3516 p.
728 3464 809 3504 574
839 3464 888 3505 l).
932 3463 1111 3515 Epistol.

1202 1661 1493 1715 V11.p.332
1523 1660 1556 1700 Β
1595 1661 1783 1708 πιστοῖς
1823 1653 2057 1715 ἐχρήσατο

1203 1719 1305 1765 τοῖς
1345 1720 1611 1764 κοινωνοῖς.
1652 1717 1772 1759 Dem.
1803 1717 1847 1756 in
1876 1717 1977 1759 Mid.
2007 1729 2050 1770 p.

1203 1774 1256 1814 16
1281 1774 1347 1814 cd.
1372 1773 1518 1838 Spald.
1550 1765 1624 1815 ὅτι
1654 1770 1738 1814 καὶ
1760 1766 1910 1828 τούτῳ
1939 1774 2054 1814 πολ·

1203 1828 1267 1886 λῷ
1308 1823 1533 1884 χρήσεται
1577 1823 1712 1884 λογῳ.
1762 1831 1913 1872 Antoc.
1952 1830 2050 1874 adv.

1201 1872 1294 1948 A‘lcs
1325 1899 1367 1938 p.
1391 1888 1460 1929 33.
1493 1888 1546 1926 14
1578 1886 1638 1929 St.
1672 1883 1824 1941 πολλῇ
1855 1884 1912 1940 τῇ
1926 1885 2055 1950 νίκῃ

1203 1938 1390 1993 χρῆται.
1444 1965 1496 1972 -
1549 1936 1693 2007 ἐπιχ.
1744 1935 2052 1996 θηρεύειν.

1205 1997 1426 2037 Platonem
1457 1999 1633 2050 eiusque
1661 1999 1894 2039 imitatores
1923 2010 2054 2050 saepe

1208 2065 1308 2094 usos
1350 2065 1445 2094 esse
1484 2055 1703 2095 vocabulis
1742 2055 1972 2095 venatoriis
2001 2056 2054 2096 de

1204 2121 1304 2149 vero
1344 2109 1643 2162 investigando
1684 2111 1917 2152 docuerunt
1956 2111 2052 2152 Da-

1205 2166 1301 2206 vis.
1331 2166 1383 2205 ad
1415 2165 1501 2206 Cic.
1524 2166 1586 2205 De
1607 2166 1657 2209 N.
1683 2166 1732 2209 D.
1757 2168 1789 2207 Ι.
1812 2169 1880 2209 30.
1907 2167 2054 2220 Wyt-

1205 2221 1446 2264 tenbach.
1468 2222 1510 2261 in
1532 2222 1668 2275 Epist.
1695 2221 1791 2266 Crit.
1813 2236 1856 2276 Ρ.
1880 2225 1963 2265 259
1986 2224 2053 2265 ed.

1202 2278 1319 2331 Lips.
1358 2278 1624 2319 Heusdius
1652 2279 1694 2318 in
1725 2278 1849 2330 Spec.
1881 2278 1980 2320 Crit.
2009 2293 2053 2334 p.

1205 2335 1275 2377 88.
1310 2333 1494 2376 Astius
1523 2335 1577 2375 ad
1606 2335 1728 2378 Polit.
1760 2347 1804 2388 P.
1827 2336 1910 2376 492
1940 2344 1980 2375 et
1999 2337 2054 2376 ad

1204 2391 1337 2445 Legg.
1361 2404 1403 2444 p.
1428 2393 1496 2434 97.

1262 2469 1332 2524 ὡς
1355 2470 1487 2525 ἔπος
1519 2472 1730 2528 εἰπεῖν]
1770 2487 2052 2530 propemo-

1206 2532 1321 2572 dum
1353 2532 1812 2586 dixerim,p10pe‚
1843 2533 1996 2584 quod'
1987 2546 2054 2573 1—n

1204 2589 1334 2628 servit
1387 2589 1594 2630 leniendis
1651 2595 1691 2629 et
1744 2589 2053 2641 restringendis

1204 2645 1345 2685 verbis
1367 2645 1644 2696 sequentibus
1676 2637 1949 2698 ξύμπαντος
1969 2645 2053 2687 τοῦ

1204 2693 1431 2754 σώματος.
1474 2714 1515 2740 ν.
1556 2701 1610 2741 ad
1640 2700 1788 2754 ngp.
1820 2714 1863 2754 p.
1897 2703 2052 2745 179A.

1202 2757 1811 2822 Remp.1.p.341B.Go1-.g
1832 2770 1875 2810 p.
1897 2759 2050 2800 45013.

1202 2813 1303 2853 Mox
1334 2811 1465 2866 εἴπερ
1496 2827 1567 2861 τις
1597 2810 1680 2854 καὶ
1710 2805 1851 2862 ἄλλος
1887 2815 2053 2879 dicitur,

1202 2876 1249 2910 ut
1270 2882 1401 2937 supra
1422 2883 1464 2923 p.
1485 2871 1539 2911 59
1556 2870 1593 2909 A
1617 2868 1749 2935 εἴπερ
1770 2884 1842 2919 τις
1862 2883 2053 2912 πωποτε

1203 2922 1287 2967 καὶ
1309 2923 1475 2979 ἄλλος,
1501 2935 1542 2966 et
1563 2927 1816 2980 saepissime
1838 2926 1958 2978 alibi,
1982 2941 2052 2967 ve-

1201 2983 1409 3023 lutiXen.
1442 2958 1587 3035 S’ymp.
1617 2983 1668 3023 Il.
1700 2985 1739 3024 6.
1772 2982 1891 3025 Mem
1915 2985 1987 3024 ΙΙΙ.
2011 2986 2051 3032 6,

1202 3041 1243 3082 2.
1276 3041 1356 3080 An.
1387 3041 1417 3079 Ι.
1450 3042 1488 3090 3,
1523 3041 1588 3080 15.
1624 3041 1676 3080 Il.
1706 3041 1747 3087 4,
1779 3041 1818 3083 6.
1852 3040 1947 3092 Cyi.
1978 3041 2049 3081 ΙΙΙ.

1202 3098 1243 3147 3,
1264 3098 1333 3136 42.
1366 3097 1418 3136 V.
1445 3098 1481 3144 1,
1504 3098 1544 3137 6.
1575 3096 1671 3139 Vid.
1697 3096 1972 3136 Heindorf.
1997 3097 2052 3136 ad

1201 3152 1243 3195 h.
1266 3153 1291 3195 l.
1325 3162 1365 3192 et
1393 3152 1719 3192 Valckenar.
1749 3152 1803 3192 ad
1824 3151 2049 3193 Plioeniss.

1205 3210 1493 3261 1589.1590‚
1535 3218 1581 3249 ut
1629 3217 1786 3248 certum
1836 3210 1889 3248 sit
1935 3209 2049 3248 istud

1202 3265 1291 3306 καί
1307 3273 1419 3306 recte
1441 3279 1493 3306 ex
1515 3265 1634 3306 codd.
1659 3260 1828 3318 optimis
1858 3265 2049 3327 additum

1203 3334 1312 3362 esse

1260 3400 1567 3460 ὑπερφυῶς
1607 3427 1660 3433 -
1701 3398 1769 3452 ὡς
1827 3397 2043 3470 αληθῆ]

1203 3463 1314 3503 Infra
1336 3477 1377 3516 p.
1402 3465 1455 3504 96
1477 3464 1508 3503 Α
1534 3459 1826 3514 θαυμαστῶς
1847 3464 1923 3509 ὡς.
