2222 3762
437 173 503 223 ‘20
900 166 1515 223 PROLEGOMENA
1557 171 1667 224 AD

433 313 574 366 enim
614 330 781 380 quum
818 309 886 363 ad
934 311 1151 363 virtutis
1201 318 1316 362 tum
1356 310 1424 363 ad
1463 311 1784 383 prudentiae
1822 330 1886 365 ac
1922 312 2136 384 sapien-

433 385 541 438 tiae
590 381 804 435 nomine
843 401 942 435 suo
984 381 1182 451 dignae
1221 381 1432 435 laudem
1472 381 1860 451 acquirendam
1883 382 1971 453 ¹⁸),
2018 382 2136 436 sine

434 475 544 526 qua
609 455 756 507 vitae
802 452 1071 506 humanae
1121 471 1300 521 neque
1338 452 1577 524 dignitas
1615 473 1714 508 sua
1749 473 1927 524 neque
1965 453 2137 507 {elici-

433 535 519 581 tas
555 534 721 595 atque
759 524 905 578 salus
945 530 1237 577 constaret.
1314 522 1539 578 Grande
1587 525 1756 597 igitur
1792 525 2041 596 profecto
2081 531 2139 578 et

433 597 783 670 magnificum
815 608 1011 648 munus
1045 593 1149 647 fuit
1187 593 1236 646 ei
1274 593 1634 665 destinatum,
1686 604 1748 649 ut
1796 596 1990 650 mirum
2023 615 2136 649 non

433 670 536 738 sit,
594 666 743 738 quod
779 667 898 737 ipse
948 663 1248 718 identidem
1284 685 1403 720 sese
1441 667 1651 720 civibus
1706 668 1820 721 suis
1873 667 2137 721 divinitus

433 740 620 794 datum
657 757 774 792 esse
811 736 1096 808 professus
1148 744 1257 803 est,
1308 745 1372 790 ut
1418 739 1585 791 vitam
1622 758 1912 809 moresque
1950 757 2136 792 eorum

358 857 361 859 .
432 810 772 877 emendaret,
834 807 1156 877 sapientiam
1220 807 1363 861 adau
1407 816 1550 878 eret,
1615 810 1760 863 vitae
1811 811 2135 882 pravitatem

430 883 767 953 reprimeret,
803 878 870 931 de
909 897 1019 947 quo
1056 878 1317 933 mandato
1354 829 1538 934 ffivino
1565 881 1710 934 conf.
1737 881 1899 935 etiam
1925 882 2136 936 Theae-

432 962 526 1009 tet.
561 973 615 1023 p.
661 953 771 1004 150.
815 949 879 1003 C.
919 949 992 1006 D.
1029 950 1096 1003 E.
1414 991 1418 996 .

573 1025 757 1092 Atque
800 1022 927 1075 hinc
975 1021 1203 1076 iudicari
1242 1022 1399 1091 licet,
1454 1041 1616 1092 quam
1665 1022 1981 1077 verisimilia
2027 1022 2138 1075 sint

347 1114 350 1118 ⁴
433 1095 594 1149 etiam
645 1094 766 1162 illa,
819 1113 958 1163 quae
1010 1092 1078 1147 de
1126 1094 1346 1147 oraculo
1400 1093 1807 1166 Chaerephonti
1874 1094 2003 1147 dato
2066 1093 2136 1146 ab

430 1168 551 1238 ipso
594 1165 741 1237 apud
785 1166 1071 1218 Platonem
1114 1177 1431 1233 narrantur,
1494 1184 1634 1234 quae
1689 1167 1850 1219 etiam
1899 1166 1966 1219 ab
2015 1164 2136 1217 aliis

430 1237 916 1291 innumerabilibus
953 1255 1125 1307 prope
1165 1237 1522 1308 scriptoribus
1579 1237 1869 1291 memoriae
1918 1235 2137 1308 prodita

430 1318 587 1377 sunt,
643 1308 813 1362 veluti
864 1308 931 1361 ab
968 1315 1193 1361 auctore
1229 1308 1539 1380 Apologiae
1576 1308 2015 1378 Xenophonteae
2052 1307 2135 1361 in-

429 1389 614 1449 cert0,
674 1378 1073 1434 Plutarcho
1128 1379 1252 1432 adv.
1314 1377 1436 1433 Col.
1483 1401 1536 1450 p.
1598 1382 1734 1432 1116
1784 1398 1867 1448 sq.
1925 1378 2136 1432 Athe-

426 1471 639 1520 nae0,
696 1451 1039 1505 Patribus
1091 1450 1678 1520 Ecclesiastiois,
1717 1451 1853 1506 aliis.
1928 1449 2135 1518 Quam-

429 1543 591 1594 quam
643 1522 713 1577 de
762 1522 870 1576 illis
918 1522 1077 1576 aliter
1110 1522 1272 1593 plane
1309 1521 1689 1577 iudicaverunt
1725 1523 1874 1577 Van
1910 1522 2135 1576 Dalen

427 1596 526 1648 Dev
555 1593 791 1648 oraculis
830 1593 1019 1666 gentil.
1058 1593 1295 1649 Dissert.
1335 1593 1412 1647 ΙΙ.
1451 1614 1506 1664 p.
1550 1597 1650 1647 194
1679 1613 1810 1664 sqq.
1849 1602 1906 1647 et
1941 1594 2134 1647 Iaco-

425 1667 551 1720 bus
586 1665 992 1719 Bruckerus
1029 1665 1241 1718 Histor.
1280 1664 1488 1719 Philos.
1529 1665 1658 1720 Vol.
1694 1666 1739 1722 Ι.
1775 1685 1829 1737 p.
1869 1667 1974 1720 534
2010 1684 2131 1735 sqq.

427 1738 521 1808 qui
558 1737 840 1791 veritatem
877 1737 1202 1790 narrationis
1240 1738 1419 1792 varias
1459 1737 1528 1791 ob
1564 1756 1786 1791 caussas
1823 1737 1880 1791 in
1905 1736 2133 1791 dubium

424 1817 694 1863 vocarunt
732 1815 787 1862 et
843 1807 930 1862 vel
967 1806 1452 1878 Chaerephontem
1508 1809 1596 1861 vel
1648 1809 1936 1862 Platonem
1985 1808 2134 1862 frau-

426 1880 512 1935 dis
551 1888 608 1934 et
647 1879 844 1934 erroris
884 1891 1300 1934 accusaverunt.
1374 1883 1456 1934 At
1490 1881 1743 1933 nimirum
1780 1880 1874 1933 isti
1912 1879 2132 1950 quidem

423 1950 792 2025 granditatem
832 1958 887 2004 et
924 1951 1387 2023 magnificentiam
1425 1953 1664 2005 muneris
1703 1970 1735 2003 a
1773 1950 2001 2006 Socrate
2039 1970 2132 2004 su-

424 2023 603 2094 scepti
649 2043 762 2076 non
803 2022 1063 2076 videntur
1111 2023 1246 2077 satis
1283 2022 1668 2095 perpendisse,
1718 2030 1779 2075 ut
1824 2041 1895 2076 ne
1931 2022 2131 2076 intelli-

423 2114 555 2168 gere
606 2094 826 2165 quidem
877 2095 1187 2166 potuerint,
1245 2114 1343 2149 cur
1390 2103 1486 2148 aut
1523 2094 1828 2166 Delphicus
1867 2093 2002 2148 deus
2044 2112 2131 2147 sa-

421 2167 682 2238 pientiam
720 2165 965 2221 Socratis
1002 2173 1114 2218 tam
1150 2167 1333 2239 magni
1377 2166 1760 2232 aestimaverit,
1800 2173 1895 2218 aut
1931 2162 2128 2219 Socra-

420 2247 503 2292 tes
553 2238 671 2309 ipse
723 2237 930 2291 oraculi
975 2256 1242 2309 responso
1291 2245 1503 2291 tantum
1553 2237 1821 2291 tribuerit.
1911 2235 2129 2306 Nempe

419 2309 750 2381 Delphicum
812 2309 1091 2363 oraculum
1152 2309 1553 2379 sapientissime
1620 2327 1752 2362 sane
1824 2308 2125 2380 perspexit,

422 2379 690 2434 Graeciae
739 2380 1118 2451 imprimisque
1168 2380 1401 2434 Athenis
1458 2381 1554 2433 tali
1602 2379 1799 2432 mentis
1848 2379 2123 2448 animique

418 2451 692 2505 medicina
738 2470 877 2522 opus
928 2469 1080 2519 esse,
1131 2452 1346 2520 qualem
1392 2451 1649 2506 Socrates
1701 2449 1976 2504 videretur
2024 2469 2123 2522 pa-

419 2530 593 2575 ratam
629 2522 856 2592 habere,
911 2522 1147 2591 ideoque
1195 2522 1452 2592 prudenti
1491 2521 1720 2574 consilio
1760 2520 2124 2575 honorificen-

417 2593 688 2647 tissimum
713 2592 780 2646 de
806 2612 870 2646 eo
898 2611 1216 2663 responsum
1239 2593 1426 2646 edidit.
1467 2591 1724 2647 Socrates
1750 2599 1931 2646 autem
1957 2611 2124 2662 quum

420 2664 628 2717 dudum
675 2683 776 2717 sua
825 2671 1020 2734 sponte
1072 2662 1139 2716 de
1190 2665 1541 2718 consiliorum
1595 2683 1815 2717 suorum
1851 2663 2124 2736 magnitu-

420 2736 544 2790 dine
581 2737 661 2788 ita
699 2736 995 2803 sensisset,
1046 2742 1107 2787 ut
1156 2753 1220 2787 ea
1258 2735 1576 2805 aequalibus
1616 2735 1727 2788 suis
1768 2735 2124 2789 saluberrima

417 2809 532 2860 sore
571 2805 949 2874 {existimaret,
1001 2812 1116 2859 tum
1166 2806 1272 2859 hoc
1322 2806 1596 2878 Apollinis
1648 2805 1854 2861 iudicio
1905 2805 2126 2860 videtur

416 2880 474 2932 in
512 2897 612 2933 sua
662 2877 933 2931 sententia
981 2877 1058 2930 ita
1107 2877 1460 2933 confirmatus
1513 2897 1668 2947 esse,
1707 2885 1770 2931 ut
1806 2897 1929 2933 sese
1969 2877 2121 2932 deni-

469 3111 510 3163 *)
542 3111 647 3150 Fuit
685 3116 831 3151 autem
870 3106 1154 3160 philosophia
1191 3108 1388 3149 Socratis
1439 3109 1725 3150 nihilominus
1774 3114 1868 3149 tota
1914 3108 2117 3160 practica.

560 3167 701 3216 Quam
737 3165 812 3221 qui
842 3176 982 3215 nuper
1014 3174 1276 3206 censuerunt
1309 3167 1516 3207 humilem
1551 3167 1784 3209 admodum
1814 3166 1952 3207 fuisse
1983 3170 2026 3205 et
2054 3165 2119 3204 vi-

559 3233 629 3266 tae
660 3231 828 3267 tantum
860 3222 1126 3263 utilitatibus
1158 3230 1486 3277 attemperatam
1518 3226 1576 3276 (v.
1607 3225 1824 3266 Dissen.
1858 3223 1927 3264 De
1956 3223 2117 3276 philos.

555 3297 663 3324 mor.
710 3285 756 3323 in
796 3279 1004 3332 Xenoph.
1046 3294 1224 3323 memor.
1269 3283 1596 3334 commentam,
1634 3284 1666 3323 ii
1705 3286 1912 3334 quantum
1951 3281 2116 3322 iudicio

557 3354 638 3382 suo
677 3340 779 3382 falsi
818 3337 933 3385 sint,
972 3340 1197 3389 praeclare
1238 3340 1556 3381 demonstravit
1593 3341 1794 3382 Petrus
1836 3351 1939 3380 van
1977 3338 2115 3379 Lim-

559 3400 657 3440 bur
730 3400 1003 3442 Brouwer
1036 3397 1229 3450 Apolog.
1265 3396 1434 3439 Socrat.
1467 3412 1511 3451 p.
1542 3398 1598 3443 36
1630 3411 1725 3452 sqq.
