2158 3718
825 138 1088 182 PHAEDO
1121 151 1166 195 p.
1198 140 1267 182 94.
1836 135 1942 188 223

152 281 358 350 πάσχοι
396 280 607 348 ε’κεῖνα,
649 278 707 341 ἐξ
746 270 829 332 ὧν
866 278 1131 346 τυγχάνει
1169 269 1333 344 οὖσα,
1373 274 1499 328 ἀλλ’
1527 276 1766 329 ἕπεσθαι
1793 276 1942 328 ἐκεί-

152 385 273 428 νοις
318 364 413 417 καὶ
460 360 662 416 οὕποτῗ
711 361 782 415 ἂν
825 360 1218 431 ἡγεμονεύειν;
1266 359 1755 429 Ὡμολογήσαμεν,
1803 360 1936 427 ἔφη·

152 451 271 512 πῶς
305 446 414 516 γὰρ
452 442 554 511 οὕς
603 448 673 499 Τί
705 440 842 511 οὗν;
880 449 993 499 νῦν
1031 443 1102 499 οὐ
1139 447 1254 498 πᾶν
1279 442 1617 498 τούναντίον
1643 441 1780 512 ἡμῖν
1807 445 1954 511 φαί-ι

150 552 310 587 νεται
348 533 705 601 ἐργαζομένη,
744 529 1175 600 ἡγεμονεύουσά
1210 548 1271 582 τε
1309 529 1548 582 ἐκείνων
1585 527 1843 595 πάντων,
1884 527 1942 590 ἐξ

153 609 236 671 ὦν
261 616 433 686 φήσει
469 635 553 678 τις
578 612 760 684 αὐτὴν
786 611 951 683 εἶναι,
978 615 1074 667 καὶ
1101 612 1507 682 έναντιουμένη
1535 609 1733 680 ὀλίγου
1758 610 1944 663 πάντα

153 698 247 754 διὰ
293 698 505 763 παντὸς
549 702 652 753 τοῦ
703 701 834 768 βίου
880 700 975 755 καὶ
1022 697 1371 764 δεσπόζουσα
1418 698 1632 759 πάντας
1677 694 1998 765 τρόπους,1)

151 783 221 838 τοὶ
257 785 362 854 μὲν
399 783 794 854 χαλεπώτερον
831 783 1145 849 κολάζουσα
1183 786 1278 836 καὶ
1314 782 1436 852 μετ’
1485 780 1838 850 ἀλγηδόνων,
1877 777 1946 831 τά

151 865 213 922 τε
251 866 393 922 κατα
429 866 961 938 τὴνγυμναστικην
998 868 1093 920 καὶ
1128 866 1235 936 τὴν
1274 867 1551 937 ἰατρικήν,
1590 867 1658 919 τοὶ
1697 865 1760 918 δὲ
1798 881 1945 932 πρα-

154 953 386 1023 ότερον,
433 953 529 1006 καὶ
579 951 648 1005 τὰ
692 953 798 1021 μὲν
843 951 1157 1005 ἀπειλοῦσα
1203 950 1271 1004 τὰ
1317 951 1380 1005 δὲ
1418 953 1778 1004 νουθετοῦσα
1824 955 1947 1009 ταῖς

155 1039 483 1107 ἐπιθυμίαις
529 1038 624 1089 καὶ
669 1033 864 1105 ὀργαῖς
899 1039 994 1089 καὶ
1032 1036 1262 1104 φόβοις,
1312 1033 1386 1097 ὠς
1424 1034 1567 1103 ἄλλη
1606 1025 1752 1085 οὖσα
1791 1030 1945 1100 ἄλλῳ

151 1122 437 1191 πράγματι
474 1121 870 1190 διαλεγομένη;
919 1112 1044 1173 οἷόν
1081 1137 1194 1172 που
1232 1120 1326 1172 καὶ
1357 1117 1600 1188 Ὅμηρος
1640 1117 1704 1170 ἐν
1748 1116 1946 1169 Ὀδυσ-

153 1209 278 1276 σείᾳ
314 1207 642 1274 πεποίηκεν,
681 1206 751 1258 οὐ
789 1205 940 1272 λέγει
976 1202 1077 1257 τὸν
1109 1202 1402 1272 Ὀδυσσέα,

263 1294 516 1360 ,,στῆθος
553 1289 616 1343 δὲ
653 1289 863 1358 πλήξας
900 1290 1143 1394 κραδίην
1178 1287 1424 1358 ηνίπαπε
1461 1287 1654 1356 μύθῳ·

261 1370 490 1428 τέτλαθι
516 1374 606 1444 δή,
633 1374 866 1442 κραδίη·
906 1375 1001 1426 καὶ
1027 1373 1307 1443 κύντερον
1333 1370 1472 1425 άλλο
1499 1368 1624 1424 ποτ’
1653 1371 1874 1438 ἔτλης;“
1969 1380 2003 1420 Ε

156 1454 252 1529 αρ’
291 1463 398 1512 οἰει
435 1456 613 1512 αὐτὸν
649 1461 827 1513 ταῦτα
864 1461 1097 1527 ποιῆσαι
1135 1457 1548 1526 διανοούμενον
1575 1475 1650 1517 ως
1676 1452 1948 1523 ἁρμονίας

273 1610 331 1669 ἒξ
352 1605 425 1658 ὧν
453 1609 732 1670 τυγχάνει
762 1603 926 1669 οὖσα]
950 1609 1181 1671 τυγχάνοι
1205 1615 1332 1656 Coisl.
1355 1616 1468 1658 Flor.
1490 1616 1518 1655 d
1540 1621 1581 1654 et
1612 1626 1637 1653 a
1657 1625 1714 1652 m.
1745 1624 1830 1654 sec.
1853 1612 1949 1651 Vat.

157 1675 369 1728 probante
388 1673 599 1714 Bekkero.
632 1671 718 1713 Sed
737 1672 994 1713 indicativus
1016 1672 1187 1713 defendi
1207 1680 1319 1713 reete
1339 1672 1496 1726 poterit
1515 1685 1568 1712 ex
1588 1670 1642 1710 iis
1655 1700 1667 1721 ,
1689 1681 1798 1721 qnae
1820 1678 1950 1721 supra

157 1731 213 1772 ad
234 1743 278 1785 p.
302 1732 356 1771 62
380 1730 411 1771 C
434 1738 473 1770 et
494 1729 550 1770 ad
570 1729 741 1782 Protag.
764 1742 807 1783 p.
830 1731 914 1771 320
934 1729 969 1769 D
991 1730 1248 1771 notavimus.
1280 1728 1337 1772 cf.
1361 1728 1509 1769 Matth.
1533 1726 1602 1768 Gr.
1627 1727 1667 1776 ξ.
1690 1727 1789 1768 529.
1813 1727 1854 1766 3.

273 1794 453 1854 φήσει
493 1798 597 1851 τις]
639 1799 710 1840 Sic
738 1799 854 1841 Ven.
877 1798 936 1846 Ξ.
978 1800 1091 1839 Ante
1128 1799 1371 1840 Bekkerum
1411 1798 1672 1839 scribebatur
1704 1793 1830 1849 φησί
1865 1807 1948 1842 τις,

159 1858 274 1908 quod
294 1857 470 1897 retinuit
489 1857 629 1896 Herm.
637 1856 746 1907 ,qui
769 1855 894 1920 φησί
877 1824 1059 1896 Ηεοᾱειιι
1079 1857 1206 1897 modo
1230 1868 1311 1908 quo
1335 1850 1498 1909 φαμέν
1520 1855 1680 1894 dictum
1700 1858 1835 1906 putat.

271 1912 323 1955 D.
356 1887 854 1980 καὶτὴνίατρ.]τή
858 1923 992 1955 vom.
1014 1913 1112 1956 Vat.
1133 1912 1243 1954 Flor.
1266 1913 1444 1953 dVind.
1468 1910 1624 1953 ΦΡῑιΓ.
1647 1910 1682 1950 G
1704 1909 1853 1950 Ambr.

272 1962 536 2022 ἠνίπαπε
557 1962 743 2022 μύθῳ]
776 1964 1019 2022 ῆνείπαπε
1039 1969 1160 2011 Bodl.
1183 1970 1280 2011 Vat.
1300 1969 1395 2009 Pa1.
1416 1966 1465 2007 G.

1098 2115 1142 2150 et
1161 2110 1356 2152 traduce.
1378 2108 1498 2160 Virg.
1520 2107 1629 2146 Aen.
1655 2105 1746 2146 Nec
1765 2110 1951 2144 veterum

213 2111 264 2154 D.
299 2104 367 2151 τά
395 2121 455 2151 τε
483 2102 632 2150 κατὰ
664 2103 767 2162 τήν
788 2122 1013 2174 γυμνα-

1096 2167 1260 2206 memini
1278 2168 1465 2205 laetorve
1494 2165 1709 2204 malorum.
1760 2160 1841 2208 Qui
1870 2173 1950 2200 nu-

158 2178 186 2208 σ
195 2181 222 2208 τ
233 2181 250 2208 ι
259 2180 288 2208 κ
299 2180 329 2220 η
321 2160 392 2218 ’ν]
450 2166 746 2229 Exspectabas
786 2179 847 2205 τα
885 2158 1011 2205 κατὰ

158 2216 248 2276 τήν
275 2235 326 2264 τε
355 2214 686 2276 γυμναστικὴν
714 2218 799 2262 καὶ
827 2214 917 2274 τὴν
938 2217 1012 2262 ἰα-

158 2272 347 2345 τρικήν.
386 2277 472 2319 Sed
499 2291 540 2320 v,
563 2278 619 2318 ad
646 2290 690 2330 p.
713 2278 768 2317 86
790 2275 836 2320 C.
879 2277 1010 2317 Nimi-

159 2349 254 2377 rum
293 2330 352 2376 τὰ
391 2347 516 2375 κατα
551 2327 642 2387 τὴν
681 2327 1013 2387 γυμναστικήν

160 2404 290 2434 unam
331 2390 521 2431 efficiunt
561 2391 797 2440 notionem,
838 2398 886 2430 ut
926 2402 1009 2430 non

160 2448 342 2490 multum
362 2446 530 2498 referat,
549 2447 715 2487 cuinam
734 2447 843 2500 parti
864 2458 915 2487 τε
937 2447 1011 2486 ad-

160 2507 376 2569 iungatur.

219 2554 286 2602 τὰ
337 2555 399 2602 δε
450 2558 825 2602 νουθετοῦσα
885 2560 1016 2607 ταῖς

162 2611 533 2680 ἐπιθυμίαις]
548 2615 727 2656 Dativus
748 2628 833 2656 non
855 2616 1017 2668 pendet

163 2686 187 2714 e
214 2671 517 2716 νουθετοῦσα
553 2672 667 2722 quod
703 2672 881 2712 verbum
918 2684 1012 2712 cum

192 2736 312 2771 uarto
342 2741 442 2770 casu
471 2729 661 2769 construi
690 2728 822 2781 solet,
853 2728 931 2769 sed
959 2740 1013 2768 ex

163 2784 430 2828 απειλοῦσα
468 2785 598 2831 verbo
644 2785 872 2826 remotiore
920 2785 1016 2836 qui-

166 2843 288 2896 dem,
320 2842 397 2882 sed
426 2853 475 2882 eo
502 2841 712 2895 graviore.
753 2841 889 2890 Quam
911 2853 1016 2882 eon-

171 2899 448 2938 structionem
468 2897 695 2939 illustravit
713 2897 746 2937 L
760 2909 783 2938 ο
795 2899 819 2938 b
831 2898 937 2940 eek.
963 2898 1017 2937 ad

168 2953 300 3008 Soph.
329 2954 449 2994 Aiac.
484 2954 569 2995 475
598 2966 641 3007 p.
672 2954 756 2995 295
785 2962 826 2994 et
854 2954 1017 2994 Hein—

168 3009 299 3051 dorf.
321 3009 440 3050 adh.
463 3008 493 3050 l.
516 3010 629 3052 conf.
650 3009 829 3050 Matth.
853 3010 896 3059 §-
918 3010 1017 3051 428.

167 3067 208 3109 2.
244 3064 377 3131 Soph.
395 3065 494 3106 Ant.
513 3065 596 3106 537
616 3061 700 3105 καὶ
721 3065 1019 3121 συμμετίσχω

168 3120 254 3165 καὶ
294 3118 423 3186 φέρω
462 3135 488 3162 τ
525 3134 548 3168 ς
587 3116 761 3168 αἰτίας.
801 3121 905 3162 Oed.
928 3122 1017 3166 Col.

170 3180 282 3220 1330
320 3169 374 3226 ὅς
412 3170 461 3230 μ’
490 3119 671 3228 7Ξζξείιτισε
718 3170 1020 3232 καπεσύλησε

168 3228 379 3332 mni.
399 3233 844 3342 ἒὲιῖῗὲςξῑὲἳῗῗᾞ
867 3246 1018 3332 ἒὲἓἛ

170 3347 266 3391 XII.
290 3360 333 3402 p.
356 3348 440 3388 964
460 3346 493 3387 Β
514 3359 579 3398 sq.
610 3346 747 3387 Plaut.
770 3344 941 3387 Mercat.
964 3348 1020 3392 V,

169 3405 212 3451 4,
235 3405 305 3445 35.
328 3403 464 3445 Serva
485 3408 527 3444 et
548 3402 720 3443 subveni
738 3401 846 3441 hune
864 3414 1018 3444 senem.

172 3460 266 3501 Ter.
288 3458 471 3513 Adelph.
494 3460 548 3501 V.
573 3460 615 3511 7,
640 3459 706 3499 19.
754 3457 815 3497 Tu
835 3458 932 3500 illas
951 3459 1023 3500 abi

1098 2234 1175 2275 per
1202 2234 1299 2261 cum
1337 2219 1383 2264 C.
1416 2222 1461 2262 F.
1490 2220 1786 2260 Hermanno
1816 2216 1952 2257 voluit

1101 2286 1310 2318 commate
1343 2283 1444 2330 post
1472 2273 1779 2317 νουθετοῦσα
1810 2273 1950 2325 posito

1100 2334 1293 2374 dativum
1321 2346 1374 2374 ex
1402 2333 1597 2386 proximo
1626 2331 1814 2384 pendere
1842 2326 1952 2369 δια-

1101 2386 1347 2456 λεγομένη,
1378 2390 1415 2428 is
1445 2401 1530 2430 non
1550 2387 1764 2441 reputavit
1784 2386 1843 2426 ita
1861 2397 1953 2425 mo-

1102 2447 1210 2487 leste
1250 2439 1516 2487 ἀπειλοῦσα
1558 2452 1598 2484 et
1645 2441 1952 2484 νουθετοῦσα

1103 2515 1205 2543 casu
1227 2514 1305 2544 suo
1327 2514 1422 2543 esse
1442 2502 1701 2565 cariturum,
1718 2500 1772 2539 ad
1793 2496 1952 2539 διαλε-

1101 2556 1280 2613 γομένη
1302 2567 1444 2599 autem
1465 2564 1618 2611 sponte
1639 2548 1806 2603 αὐτοῖς
1826 2554 1950 2594 intel-

1101 2617 1219 2682 legi.

1157 2660 1222 2714 οὗ
1274 2668 1436 2725 λέγει
1493 2664 1596 2711 τὸν
1650 2661 1955 2762 Ὀδυσσέα]

1100 2729 1191 2782 Ody
1195 2742 1255 2771 ss.
1283 2728 1381 2771 XX.
1414 2729 1484 2769 17.
1523 2726 1818 2779 Exspectabas
1843 2735 1932 2775 περ

1101 2784 1187 2826 τοῦ
1201 2778 1492 2836 Ὀδυσσέως;
1521 2784 1599 2824 sed
1619 2795 1662 2823 v.
1683 2783 1738 2822 ad
1758 2793 1802 2848 p.
1827 2781 1881 2821 79
1903 2779 1951 2820 Β.

1160 2843 1209 2883 Ε.
1262 2833 1697 2906 διανοούμενον
1744 2850 1815 2884 ως
1856 2829 1953 2888 ἆρ-

1102 2895 1315 2952 μονίας
1336 2920 1389 2926 -
1408 2889 1608 2963 οὔσης]
1635 2894 1790 2960 Cratyl,
1815 2905 1861 2959 p.
1851 2891 1954 2932 ,439

1105 2953 1137 2994 C
1178 2950 1527 3022 διανοηθέντες
1565 2973 1619 2981 -
1661 2965 1723 2998 ως
1783 2946 1955 2991 ἰοντων

1105 3004 1333 3052 ἁπάντων
1367 3007 1451 3051 καὶ
1486 3001 1704 3074 ῥεόντων.
1748 3007 1880 3070 Legg.
1922 3004 1953 3042 Ι.

1104 3079 1149 3120 p.
1182 3067 1318 3108 624ss
1357 3065 1460 3120 μῶν
1489 3087 1543 3094 —-
1572 3061 1726 3126 λέγεις
1767 3055 1828 3108 ὡς
1868 3056 1954 3099 τοῦ

1105 3121 1249 3165 Μίνω
1280 3121 1544 3190 φοιτῶντος
1583 3112 1701 3171 πρὸς
1741 3111 1829 3169 τὴν
1869 3111 1955 3156 τοῦ

1104 3172 1288 3234 πατρὸς
1304 3171 1527 3221 ἑκάστοτε
1545 3172 1830 3242 ξυνουσίαν,
1846 3170 1953 3211 Phil.

1105 3249 1148 3302 p.
1169 3236 1265 3276 161)
1270 3229 1440 3303 4,ταύτῃ
1442 3248 1470 3275 ν
1491 3246 1560 3287 φη
1633 3245 1660 3273 ν
1678 3204 1956 3292 παρέδοσαν

1106 3286 1169 3340 ὥς
1190 3284 1287 3343 ἐξ
1263 3285 1369 3340 ενός
1390 3249 1477 3361 μεν
1497 3302 1559 3330 κα
1598 3245 1649 3329 Ze
1666 3285 1854 3327 πολλῶν
1876 3296 1956 3324 ον-

1105 3361 1199 3390 των
1220 3346 1314 3390 τῶν
1336 3341 1412 3389 αεὶ
1431 3341 1697 3400 λεγομένων
1716 3336 1859 3392 εἶναι,
1881 3337 1957 3378 ubi

1104 3417 1148 3444 v.
1190 3411 1335 3447 annot
1379 3403 1475 3445 coll.
1518 3400 1770 3441 Matthiae
1811 3398 1881 3438 Gr.
1914 3394 1954 3444 δ.

1106 3461 1203 3502 569.
1225 3462 1263 3502 7.
1293 3482 1346 3489 -—
1377 3456 1460 3501 καὶ
1481 3455 1586 3505 οιας
1608 3448 1835 3510 ἄγεσθαι,
1868 3452 1895 3490 i.
1919 3462 1955 3489 e.
