<?xml version="1.0" encoding="UTF-8"?>
<!DOCTYPE html PUBLIC "-//W3C//DTD XHTML 1.0 Transitional//EN"
    "http://www.w3.org/TR/xhtml1/DTD/xhtml1-transitional.dtd">
<html xmlns="http://www.w3.org/1999/xhtml" xml:lang="en" lang="en">
 <head>
  <title>
</title>
<meta http-equiv="Content-Type" content="text/html;charset=utf-8" />
  <meta name='ocr-system' content='tesseract 3.04.00' />
  <meta name='ocr-capabilities' content='ocr_page ocr_carea ocr_par ocr_line ocrx_word'/>
</head>
<body>
  <div class='ocr_page' id='page_1' title='image "./operaomniarecens01platuoft/operaomniarecens01platuoft_0490.png"; bbox 0 0 2158 3718; ppageno 0'>
   <div class='ocr_carea' id='block_1_1' title="bbox 272 147 401 201">
    <p class='ocr_par' dir='ltr' id='par_1_1' title="bbox 272 147 401 201">
     <span class='ocr_line' id='line_1_1' title="bbox 272 147 401 201; baseline 0.008 -1"><span class='ocrx_word' id='word_1_1' title='bbox 272 147 375 201; x_wconf 81' lang='lat'>154</span> <span class='ocrx_word' id='word_1_2' title='bbox 398 166 401 169; x_wconf 89' lang='lat'>·</span> 
     </span>
    </p>
   </div>
   <div class='ocr_carea' id='block_1_2' title="bbox 217 290 721 360">
    <p class='ocr_par' dir='ltr' id='par_1_2' title="bbox 217 290 721 360">
     <span class='ocr_line' id='line_1_2' title="bbox 217 290 721 360; baseline -0.008 -12"><span class='ocrx_word' id='word_1_3' title='bbox 217 307 396 360; x_wconf 80' lang='grc' dir='ltr'><em>Ομεν;</em></span> <span class='ocrx_word' id='word_1_4' title='bbox 438 290 604 344; x_wconf 92' lang='grc' dir='ltr'><em>Πάνυ</em></span> <span class='ocrx_word' id='word_1_5' title='bbox 641 310 721 360; x_wconf 86' lang='grc' dir='ltr'><em>γε.</em></span> 
     </span>
    </p>
   </div>
   <div class='ocr_carea' id='block_1_3' title="bbox 304 30 2006 61">
    <p class='ocr_par' dir='ltr' id='par_1_3' title="bbox 304 30 2006 61">
     <span class='ocr_line' id='line_1_3' title="bbox 304 30 2006 61; baseline -0.001 -15"><span class='ocrx_word' id='word_1_6' title='bbox 304 34 308 35; x_wconf 65' lang='lat'><strong><em>‘</em></strong></span> <span class='ocrx_word' id='word_1_7' title='bbox 547 35 570 45; x_wconf 57' lang='grc' dir='ltr'><em>ν’.</em></span> <span class='ocrx_word' id='word_1_8' title='bbox 607 30 625 55; x_wconf 46' lang='lat' dir='ltr'><em>‘x‘</em></span> <span class='ocrx_word' id='word_1_9' title='bbox 655 36 660 43; x_wconf 77' lang='lat'>&#39;</span> <span class='ocrx_word' id='word_1_10' title='bbox 672 30 676 34; x_wconf 65' lang='grc'><strong><em>’</em></strong></span> <span class='ocrx_word' id='word_1_11' title='bbox 696 47 701 59; x_wconf 17' lang='lat' dir='ltr'><em>b,</em></span> <span class='ocrx_word' id='word_1_12' title='bbox 715 30 719 36; x_wconf 90' lang='grc'><strong>“</strong></span> <span class='ocrx_word' id='word_1_13' title='bbox 747 34 769 50; x_wconf 33' lang='lat' dir='ltr'><em>[A</em></span> <span class='ocrx_word' id='word_1_14' title='bbox 818 37 823 40; x_wconf 89' lang='lat'>·</span> <span class='ocrx_word' id='word_1_15' title='bbox 884 38 886 42; x_wconf 52' lang='grc' dir='ltr'><strong>ι</strong></span> <span class='ocrx_word' id='word_1_16' title='bbox 908 31 923 40; x_wconf 64' lang='grc'><em>’””</em></span> <span class='ocrx_word' id='word_1_17' title='bbox 944 32 960 42; x_wconf 65' lang='grc'><em>»“</em></span> <span class='ocrx_word' id='word_1_18' title='bbox 990 47 991 50; x_wconf 22' lang='lat'>¹</span> <span class='ocrx_word' id='word_1_19' title='bbox 1010 30 1013 35; x_wconf 87' lang='lat'>&#39;</span> <span class='ocrx_word' id='word_1_20' title='bbox 1031 38 1035 50; x_wconf 70' lang='grc'>;</span> <span class='ocrx_word' id='word_1_21' title='bbox 1066 34 1081 39; x_wconf 69' lang='lat'><em>⁴¹</em></span> <span class='ocrx_word' id='word_1_22' title='bbox 1102 30 1138 41; x_wconf 42' lang='grc' dir='ltr'><em>»Μ’</em></span> <span class='ocrx_word' id='word_1_23' title='bbox 1152 36 1164 50; x_wconf 99' lang='grc'><strong>’1</strong></span> <span class='ocrx_word' id='word_1_24' title='bbox 1183 30 1193 49; x_wconf 43' lang='grc'><em>1·</em></span> <span class='ocrx_word' id='word_1_25' title='bbox 1244 33 1250 45; x_wconf 74' lang='grc'><em>,“</em></span> <span class='ocrx_word' id='word_1_26' title='bbox 1262 33 1286 54; x_wconf 48' lang='grc' dir='ltr'><em>ψ.</em></span> <span class='ocrx_word' id='word_1_27' title='bbox 1322 31 1396 54; x_wconf 26' lang='grc' dir='ltr'><em>πῖ“κ.’</em></span> <span class='ocrx_word' id='word_1_28' title='bbox 1410 48 1415 54; x_wconf 34' lang='grc'>1</span> <span class='ocrx_word' id='word_1_29' title='bbox 1462 33 1530 51; x_wconf 32' lang='grc' dir='ltr'><em>*ἡαπ</em></span> <span class='ocrx_word' id='word_1_30' title='bbox 1551 33 1563 51; x_wconf 56' lang='lat' dir='ltr'>s</span> <span class='ocrx_word' id='word_1_31' title='bbox 1579 40 1581 43; x_wconf 49' lang='lat'><em>⁴</em></span> <span class='ocrx_word' id='word_1_32' title='bbox 1595 51 1597 54; x_wconf 37' lang='grc' dir='ltr'><strong><em>ι</em></strong></span> <span class='ocrx_word' id='word_1_33' title='bbox 1609 31 1634 46; x_wconf 62' lang='lat' dir='ltr'><em>h..</em></span> <span class='ocrx_word' id='word_1_34' title='bbox 1655 30 1775 54; x_wconf 49' lang='lat'><em>17&#39;1‘145</em></span> <span class='ocrx_word' id='word_1_35' title='bbox 1800 51 1802 53; x_wconf 70' lang='lat'>‚</span> <span class='ocrx_word' id='word_1_36' title='bbox 1855 43 1860 54; x_wconf 78' lang='lat'>‘.</span> <span class='ocrx_word' id='word_1_37' title='bbox 1880 33 1898 46; x_wconf 71' lang='grc'><em>,-’,</em></span> <span class='ocrx_word' id='word_1_38' title='bbox 1927 47 1951 61; x_wconf 57' lang='lat' dir='ltr'><em>&#39;a&#39;</em></span> <span class='ocrx_word' id='word_1_39' title='bbox 2002 43 2006 50; x_wconf 63' lang='grc' dir='ltr'><strong><em>Ι</em></strong></span> 
     </span>
    </p>
   </div>
   <div class='ocr_carea' id='block_1_4' title="bbox 1119 0 2158 147">
    <p class='ocr_par' dir='ltr' id='par_1_4' title="bbox 1119 0 2158 147">
     <span class='ocr_line' id='line_1_4' title="bbox 1119 0 2158 147; baseline 0 3571"><span class='ocrx_word' id='word_1_40' title='bbox 1119 0 2158 147; x_wconf 95' lang='lat' dir='ltr'><em> </em></span> 
     </span>
    </p>
   </div>
   <div class='ocr_carea' id='block_1_5' title="bbox 1010 150 1327 197">
    <p class='ocr_par' dir='ltr' id='par_1_5' title="bbox 1010 150 1327 197">
     <span class='ocr_line' id='line_1_5' title="bbox 1010 150 1327 197; baseline 0.006 -2"><span class='ocrx_word' id='word_1_41' title='bbox 1010 150 1265 197; x_wconf 89' lang='lat' dir='ltr'><strong>PLATON</strong></span> <span class='ocrx_word' id='word_1_42' title='bbox 1269 153 1327 197; x_wconf 85' lang='lat' dir='ltr'><em>IS</em></span> 
     </span>
    </p>
   </div>
   <div class='ocr_carea' id='block_1_6' title="bbox 268 278 2098 533">
    <p class='ocr_par' dir='ltr' id='par_1_6' title="bbox 268 278 2098 533">
     <span class='ocr_line' id='line_1_6' title="bbox 762 278 2098 365; baseline 0.004 -21"><span class='ocrx_word' id='word_1_43' title='bbox 762 290 913 345; x_wconf 86' lang='grc' dir='ltr'><em>Ἔδει</em></span> <span class='ocrx_word' id='word_1_44' title='bbox 951 292 1016 345; x_wconf 85' lang='grc' dir='ltr'><em>δέ</em></span> <span class='ocrx_word' id='word_1_45' title='bbox 1048 311 1130 360; x_wconf 80' lang='grc' dir='ltr'><em>γε,</em></span> <span class='ocrx_word' id='word_1_46' title='bbox 1169 278 1372 363; x_wconf 75' lang='grc' dir='ltr'><em>φαμέν,</em></span> <span class='ocrx_word' id='word_1_47' title='bbox 1411 292 1520 364; x_wconf 89' lang='grc' dir='ltr'><em>πρὸ</em></span> <span class='ocrx_word' id='word_1_48' title='bbox 1559 294 1777 348; x_wconf 85' lang='grc' dir='ltr'><em>τούτων</em></span> <span class='ocrx_word' id='word_1_49' title='bbox 1815 293 1918 365; x_wconf 85' lang='grc' dir='ltr'><em>τὴν</em></span> <span class='ocrx_word' id='word_1_50' title='bbox 1943 300 2045 350; x_wconf 86' lang='grc' dir='ltr'><em>τοῦ</em></span> <span class='ocrx_word' id='word_1_51' title='bbox 2095 286 2098 287; x_wconf 30' lang='lat'><em>⁷</em></span> 
     </span>
     <span class='ocr_line' id='line_1_7' title="bbox 269 375 1120 446; baseline 0.001 -18"><span class='ocrx_word' id='word_1_52' title='bbox 269 379 397 428; x_wconf 78' lang='grc' dir='ltr'><em>ἴσου</em></span> <span class='ocrx_word' id='word_1_53' title='bbox 445 375 754 446; x_wconf 81' lang='grc' dir='ltr'><strong><em>ἐπιστήμην</em></strong></span> <span class='ocrx_word' id='word_1_54' title='bbox 801 375 1120 446; x_wconf 67' lang='grc' dir='ltr'><em>εἰληφέναις</em></span> 
     </span>
     <span class='ocr_line' id='line_1_8' title="bbox 268 457 1574 533; baseline 0.003 -20"><span class='ocrx_word' id='word_1_55' title='bbox 268 457 343 523; x_wconf 77' lang='grc' dir='ltr'><em>ὠς</em></span> <span class='ocrx_word' id='word_1_56' title='bbox 380 461 582 528; x_wconf 83' lang='grc' dir='ltr'><em>ἔοικεν,</em></span> <span class='ocrx_word' id='word_1_57' title='bbox 622 461 836 530; x_wconf 85' lang='grc' dir='ltr'><em>άνάγκη</em></span> <span class='ocrx_word' id='word_1_58' title='bbox 875 459 1010 531; x_wconf 78' lang='grc' dir='ltr'><em>ἡμῖν</em></span> <span class='ocrx_word' id='word_1_59' title='bbox 1048 459 1227 531; x_wconf 75' lang='grc' dir='ltr'><em>αὐτὴν</em></span> <span class='ocrx_word' id='word_1_60' title='bbox 1266 463 1574 533; x_wconf 82' lang='grc' dir='ltr'><strong><em>εἰληφέναι.</em></strong></span> 
     </span>
    </p>
   </div>
   <div class='ocr_carea' id='block_1_7' title="bbox 1195 378 2045 451">
    <p class='ocr_par' dir='ltr' id='par_1_7' title="bbox 1195 378 2045 451">
     <span class='ocr_line' id='line_1_9' title="bbox 1195 378 2045 451; baseline 0.005 -21"><span class='ocrx_word' id='word_1_61' title='bbox 1195 379 1329 431; x_wconf 92' lang='grc' dir='ltr'><em>Ναί.</em></span> <span class='ocrx_word' id='word_1_62' title='bbox 1407 379 1559 447; x_wconf 82' lang='grc' dir='ltr'><em>Πρὶν</em></span> <span class='ocrx_word' id='word_1_63' title='bbox 1596 378 1867 448; x_wconf 83' lang='grc' dir='ltr'><em>γενέσθαι</em></span> <span class='ocrx_word' id='word_1_64' title='bbox 1916 378 2045 451; x_wconf 77' lang='grc' dir='ltr'><em>ἄρα,</em></span> 
     </span>
    </p>
   </div>
   <div class='ocr_carea' id='block_1_8' title="bbox 1636 463 1883 518">
    <p class='ocr_par' dir='ltr' id='par_1_8' title="bbox 1636 463 1883 518">
     <span class='ocr_line' id='line_1_10' title="bbox 1636 463 1883 518; baseline 0.004 -1"><span class='ocrx_word' id='word_1_65' title='bbox 1636 463 1883 518; x_wconf 79' lang='grc' dir='ltr'><em>”Εοικεν.</em></span> 
     </span>
    </p>
   </div>
   <div class='ocr_carea' id='block_1_9' title="bbox 210 543 2047 1381">
    <p class='ocr_par' dir='ltr' id='par_1_9' title="bbox 210 543 2047 1381">
     <span class='ocr_line' id='line_1_11' title="bbox 409 543 2044 618; baseline 0.002 -19"><span class='ocrx_word' id='word_1_66' title='bbox 409 549 525 614; x_wconf 86' lang='lat' dir='ltr'>Cap.</span> <span class='ocrx_word' id='word_1_67' title='bbox 565 548 667 600; x_wconf 88' lang='lat' dir='ltr'><em>XX.</em></span> <span class='ocrx_word' id='word_1_68' title='bbox 745 543 976 599; x_wconf 83' lang='grc' dir='ltr'><em>Οὐκοῦν</em></span> <span class='ocrx_word' id='word_1_69' title='bbox 1026 547 1077 599; x_wconf 86' lang='grc' dir='ltr'><em>εἰ</em></span> <span class='ocrx_word' id='word_1_70' title='bbox 1120 545 1223 615; x_wconf 76' lang='grc' dir='ltr'><em>μὲν</em></span> <span class='ocrx_word' id='word_1_71' title='bbox 1269 543 1538 616; x_wconf 73' lang='grc' dir='ltr'><em>λαβόντες</em></span> <span class='ocrx_word' id='word_1_72' title='bbox 1575 545 1757 618; x_wconf 75' lang='grc' dir='ltr'><em>αὐτὴν</em></span> <span class='ocrx_word' id='word_1_73' title='bbox 1794 547 1904 618; x_wconf 88' lang='grc' dir='ltr'><em>πρὸ</em></span> <span class='ocrx_word' id='word_1_74' title='bbox 1941 554 2044 603; x_wconf 85' lang='grc' dir='ltr'><em>τοῦ</em></span> 
     </span>
     <span class='ocr_line' id='line_1_12' title="bbox 265 629 2047 703; baseline 0.003 -21"><span class='ocrx_word' id='word_1_75' title='bbox 265 630 534 698; x_wconf 78' lang='grc' dir='ltr'><em>γενέσθαι</em></span> <span class='ocrx_word' id='word_1_76' title='bbox 572 631 792 698; x_wconf 83' lang='grc' dir='ltr'><em>ἔχοντες</em></span> <span class='ocrx_word' id='word_1_77' title='bbox 832 631 1162 700; x_wconf 77' lang='grc' dir='ltr'><em>ἐγενόμεθα,</em></span> <span class='ocrx_word' id='word_1_78' title='bbox 1202 629 1555 702; x_wconf 81' lang='grc' dir='ltr'><em>ἠπιστάμεθα</em></span> <span class='ocrx_word' id='word_1_79' title='bbox 1581 633 1676 686; x_wconf 83' lang='grc' dir='ltr'><em>καὶ</em></span> <span class='ocrx_word' id='word_1_80' title='bbox 1713 635 1850 702; x_wconf 82' lang='grc' dir='ltr'><em>πρὶν</em></span> <span class='ocrx_word' id='word_1_81' title='bbox 1886 634 2047 703; x_wconf 81' lang='grc' dir='ltr'><em>γενέ-</em></span> 
     </span>
     <span class='ocr_line' id='line_1_13' title="bbox 268 711 2046 789; baseline 0.003 -22"><span class='ocrx_word' id='word_1_82' title='bbox 268 720 404 768; x_wconf 87' lang='grc' dir='ltr'><em>σθαι</em></span> <span class='ocrx_word' id='word_1_83' title='bbox 442 715 535 766; x_wconf 80' lang='grc' dir='ltr'><em>καὶ</em></span> <span class='ocrx_word' id='word_1_84' title='bbox 575 711 750 777; x_wconf 77' lang='grc' dir='ltr'><em>εὐθὺς</em></span> <span class='ocrx_word' id='word_1_85' title='bbox 786 715 1081 784; x_wconf 86' lang='grc' dir='ltr'><em>γενόμενοι</em></span> <span class='ocrx_word' id='word_1_86' title='bbox 1107 713 1176 769; x_wconf 78' lang='grc' dir='ltr'><em>οὐ</em></span> <span class='ocrx_word' id='word_1_87' title='bbox 1214 716 1391 786; x_wconf 91' lang='grc' dir='ltr'><em>μόνον</em></span> <span class='ocrx_word' id='word_1_88' title='bbox 1428 714 1491 780; x_wconf 79' lang='grc' dir='ltr'><em>τὸ</em></span> <span class='ocrx_word' id='word_1_89' title='bbox 1531 721 1656 771; x_wconf 77' lang='grc' dir='ltr'><em>ἴσον</em></span> <span class='ocrx_word' id='word_1_90' title='bbox 1695 720 1787 771; x_wconf 81' lang='grc' dir='ltr'><em>καὶ</em></span> <span class='ocrx_word' id='word_1_91' title='bbox 1823 716 1886 772; x_wconf 82' lang='grc' dir='ltr'><em>τὸ</em></span> <span class='ocrx_word' id='word_1_92' title='bbox 1924 727 2046 789; x_wconf 82' lang='grc' dir='ltr'><em>μεῖ-</em></span> 
     </span>
     <span class='ocr_line' id='line_1_14' title="bbox 266 796 2047 870; baseline 0.003 -18"><span class='ocrx_word' id='word_1_93' title='bbox 266 803 359 864; x_wconf 82' lang='grc' dir='ltr'><em>ζον</em></span> <span class='ocrx_word' id='word_1_94' title='bbox 397 799 490 851; x_wconf 79' lang='grc' dir='ltr'><em>καὶ</em></span> <span class='ocrx_word' id='word_1_95' title='bbox 526 796 588 851; x_wconf 83' lang='grc' dir='ltr'><em>τὸ</em></span> <span class='ocrx_word' id='word_1_96' title='bbox 627 800 877 868; x_wconf 82' lang='grc' dir='ltr'><em>ἔλαττον,</em></span> <span class='ocrx_word' id='word_1_97' title='bbox 919 797 1060 854; x_wconf 77' lang='grc' dir='ltr'><em>ἄλλα</em></span> <span class='ocrx_word' id='word_1_98' title='bbox 1107 800 1200 854; x_wconf 81' lang='grc' dir='ltr'><em>καὶ</em></span> <span class='ocrx_word' id='word_1_99' title='bbox 1238 800 1530 870; x_wconf 83' lang='grc' dir='ltr'><em>ξύμπαντα</em></span> <span class='ocrx_word' id='word_1_100' title='bbox 1567 800 1633 855; x_wconf 77' lang='grc' dir='ltr'><em>τὰ</em></span> <span class='ocrx_word' id='word_1_101' title='bbox 1669 807 1927 868; x_wconf 83' lang='grc' dir='ltr'><em>τοιαῦτα;</em></span> <span class='ocrx_word' id='word_1_102' title='bbox 1977 801 2047 856; x_wconf 81' lang='grc' dir='ltr'><em>οὐ</em></span> 
     </span>
     <span class='ocr_line' id='line_1_15' title="bbox 265 881 2047 957; baseline 0.003 -22"><span class='ocrx_word' id='word_1_103' title='bbox 265 881 372 952; x_wconf 78' lang='grc' dir='ltr'><em>γὰρ</em></span> <span class='ocrx_word' id='word_1_104' title='bbox 420 883 549 953; x_wconf 88' lang='grc' dir='ltr'><em>περὶ</em></span> <span class='ocrx_word' id='word_1_105' title='bbox 597 887 700 937; x_wconf 81' lang='grc' dir='ltr'><em>τοῦ</em></span> <span class='ocrx_word' id='word_1_106' title='bbox 754 888 881 938; x_wconf 77' lang='grc' dir='ltr'><em>ἴσου</em></span> <span class='ocrx_word' id='word_1_107' title='bbox 927 889 1038 938; x_wconf 82' lang='grc' dir='ltr'><em>νῦν</em></span> <span class='ocrx_word' id='word_1_108' title='bbox 1089 883 1118 938; x_wconf 85' lang='grc' dir='ltr'>ὁ</span> <span class='ocrx_word' id='word_1_109' title='bbox 1164 885 1330 954; x_wconf 89' lang='grc' dir='ltr'><em>λόγος</em></span> <span class='ocrx_word' id='word_1_110' title='bbox 1365 884 1500 955; x_wconf 77' lang='grc' dir='ltr'><em>ἡμῖν</em></span> <span class='ocrx_word' id='word_1_111' title='bbox 1537 887 1754 955; x_wconf 77' lang='grc' dir='ltr'><em>μᾶλλόν</em></span> <span class='ocrx_word' id='word_1_112' title='bbox 1790 907 1843 941; x_wconf 92' lang='grc' dir='ltr'><em>τι</em></span> <span class='ocrx_word' id='word_1_113' title='bbox 1878 886 1914 957; x_wconf 79' lang='grc' dir='ltr'><em>ἢ</em></span> <span class='ocrx_word' id='word_1_114' title='bbox 1952 890 2047 942; x_wconf 81' lang='grc' dir='ltr'><em>καὶ</em></span> 
     </span>
     <span class='ocr_line' id='line_1_16' title="bbox 265 965 2046 1039; baseline 0.003 -19"><span class='ocrx_word' id='word_1_115' title='bbox 265 967 394 1037; x_wconf 85' lang='grc' dir='ltr'><em>περὶ</em></span> <span class='ocrx_word' id='word_1_116' title='bbox 431 965 608 1022; x_wconf 80' lang='grc' dir='ltr'><em>αὐτοῦ</em></span> <span class='ocrx_word' id='word_1_117' title='bbox 646 972 748 1022; x_wconf 83' lang='grc' dir='ltr'><em>τοῦ</em></span> <span class='ocrx_word' id='word_1_118' title='bbox 786 973 965 1023; x_wconf 84' lang='grc' dir='ltr'><em>καλοῦ</em></span> <span class='ocrx_word' id='word_1_119' title='bbox 991 972 1084 1023; x_wconf 81' lang='grc' dir='ltr'><em>καὶ</em></span> <span class='ocrx_word' id='word_1_120' title='bbox 1111 968 1289 1024; x_wconf 82' lang='grc' dir='ltr'><em>αὐτοῦ</em></span> <span class='ocrx_word' id='word_1_121' title='bbox 1315 974 1417 1023; x_wconf 83' lang='grc' dir='ltr'><em>τοῦ</em></span> <span class='ocrx_word' id='word_1_122' title='bbox 1444 969 1665 1039; x_wconf 82' lang='grc' dir='ltr'><em>άγαθοῦ</em></span> <span class='ocrx_word' id='word_1_123' title='bbox 1691 972 1786 1024; x_wconf 83' lang='grc' dir='ltr'><em>καὶ</em></span> <span class='ocrx_word' id='word_1_124' title='bbox 1823 973 2046 1026; x_wconf 84' lang='grc' dir='ltr'><em>δικαίου</em></span> 
     </span>
     <span class='ocr_line' id='line_1_17' title="bbox 210 1049 2046 1127; baseline 0.004 -23"><span class='ocrx_word' id='word_1_125' title='bbox 210 1052 358 1105; x_wconf 77' lang='grc' dir='ltr'><em>Βκαὶ</em></span> <span class='ocrx_word' id='word_1_126' title='bbox 396 1049 580 1122; x_wconf 80' lang='grc' dir='ltr'><em>ὁσίου,</em></span> <span class='ocrx_word' id='word_1_127' title='bbox 621 1057 734 1124; x_wconf 79' lang='grc' dir='ltr'><em>καί,</em></span> <span class='ocrx_word' id='word_1_128' title='bbox 775 1053 914 1124; x_wconf 79' lang='grc' dir='ltr'><em>ὅπερ</em></span> <span class='ocrx_word' id='word_1_129' title='bbox 953 1056 1115 1125; x_wconf 79' lang='grc' dir='ltr'><em>λέγω,</em></span> <span class='ocrx_word' id='word_1_130' title='bbox 1156 1055 1284 1124; x_wconf 85' lang='grc' dir='ltr'><em>περὶ</em></span> <span class='ocrx_word' id='word_1_131' title='bbox 1322 1053 1589 1109; x_wconf 80' lang='grc' dir='ltr'><em>ἁπάντων</em></span> <span class='ocrx_word' id='word_1_132' title='bbox 1634 1049 1718 1119; x_wconf 82' lang='grc' dir='ltr'><em>οἷς</em></span> <span class='ocrx_word' id='word_1_133' title='bbox 1765 1057 2046 1127; x_wconf 84' lang='grc' dir='ltr'><em>ἐπισφρα-</em></span> 
     </span>
     <span class='ocr_line' id='line_1_18' title="bbox 264 1137 2045 1211; baseline 0.003 -21"><span class='ocrx_word' id='word_1_134' title='bbox 264 1137 529 1208; x_wconf 85' lang='grc' dir='ltr'><em>γιζόμεθα</em></span> <span class='ocrx_word' id='word_1_135' title='bbox 567 1142 752 1209; x_wconf 80' lang='grc' dir='ltr'><em>τοῦτο,</em></span> <span class='ocrx_word' id='word_1_136' title='bbox 793 1139 825 1193; x_wconf 85' lang='grc' dir='ltr'>ὃ</span> <span class='ocrx_word' id='word_1_137' title='bbox 862 1142 997 1208; x_wconf 82' lang='grc' dir='ltr'><em>ἔστι,</em></span> <span class='ocrx_word' id='word_1_138' title='bbox 1037 1141 1130 1193; x_wconf 80' lang='grc' dir='ltr'><em>καὶ</em></span> <span class='ocrx_word' id='word_1_139' title='bbox 1169 1142 1232 1194; x_wconf 87' lang='grc' dir='ltr'><em>ἐν</em></span> <span class='ocrx_word' id='word_1_140' title='bbox 1268 1149 1388 1204; x_wconf 75' lang='grc' dir='ltr'><em>ταῖς</em></span> <span class='ocrx_word' id='word_1_141' title='bbox 1416 1140 1757 1210; x_wconf 76' lang='grc' dir='ltr'><em>ἐρωτήσεσιν</em></span> <span class='ocrx_word' id='word_1_142' title='bbox 1785 1141 2045 1211; x_wconf 75' lang='grc' dir='ltr'><em>ἐρωτῶν-</em></span> 
     </span>
     <span class='ocr_line' id='line_1_19' title="bbox 264 1223 2043 1295; baseline 0.003 -21"><span class='ocrx_word' id='word_1_143' title='bbox 264 1242 353 1285; x_wconf 87' lang='grc' dir='ltr'><em>τες</em></span> <span class='ocrx_word' id='word_1_144' title='bbox 389 1225 482 1276; x_wconf 81' lang='grc' dir='ltr'><em>καὶ</em></span> <span class='ocrx_word' id='word_1_145' title='bbox 521 1224 585 1278; x_wconf 86' lang='grc' dir='ltr'><em>ἐν</em></span> <span class='ocrx_word' id='word_1_146' title='bbox 622 1233 742 1287; x_wconf 77' lang='grc' dir='ltr'><em>ταῖς</em></span> <span class='ocrx_word' id='word_1_147' title='bbox 780 1223 1145 1294; x_wconf 77' lang='grc' dir='ltr'><em>ἀποκρίσεσιν</em></span> <span class='ocrx_word' id='word_1_148' title='bbox 1184 1223 1640 1295; x_wconf 62' lang='grc' dir='ltr'><em>ἀποκρινόμενοι.</em></span> <span class='ocrx_word' id='word_1_149' title='bbox 1695 1224 1830 1289; x_wconf 72' lang='grc' dir='ltr'><em>ὤςτε</em></span> <span class='ocrx_word' id='word_1_150' title='bbox 1868 1224 2043 1295; x_wconf 86' lang='grc' dir='ltr'><em>άναγ-</em></span> 
     </span>
     <span class='ocr_line' id='line_1_20' title="bbox 264 1305 2044 1381; baseline 0.003 -22"><span class='ocrx_word' id='word_1_151' title='bbox 264 1314 428 1360; x_wconf 74' lang='grc' dir='ltr'><em>καῖον</em></span> <span class='ocrx_word' id='word_1_152' title='bbox 480 1306 615 1378; x_wconf 75' lang='grc' dir='ltr'><em>ἡμῖν</em></span> <span class='ocrx_word' id='word_1_153' title='bbox 662 1305 805 1362; x_wconf 82' lang='grc' dir='ltr'><em>εἶναι</em></span> <span class='ocrx_word' id='word_1_154' title='bbox 850 1309 1070 1362; x_wconf 83' lang='grc' dir='ltr'><em>τούτων</em></span> <span class='ocrx_word' id='word_1_155' title='bbox 1118 1308 1382 1364; x_wconf 85' lang='grc' dir='ltr'><em>ἁπάντων</em></span> <span class='ocrx_word' id='word_1_156' title='bbox 1439 1308 1540 1374; x_wconf 80' lang='grc' dir='ltr'><em>τάς</em></span> <span class='ocrx_word' id='word_1_157' title='bbox 1585 1311 1889 1380; x_wconf 79' lang='grc' dir='ltr'><em>ἐπιστήμας</em></span> <span class='ocrx_word' id='word_1_158' title='bbox 1934 1309 2044 1381; x_wconf 82' lang='grc' dir='ltr'><em>πρὸ</em></span> 
     </span>
    </p>
   </div>
   <div class='ocr_carea' id='block_1_10' title="bbox 264 1392 1033 1465">
    <p class='ocr_par' dir='ltr' id='par_1_10' title="bbox 264 1392 1033 1465">
     <span class='ocr_line' id='line_1_21' title="bbox 264 1392 1033 1465; baseline 0.004 -20"><span class='ocrx_word' id='word_1_159' title='bbox 264 1395 365 1445; x_wconf 84' lang='grc' dir='ltr'><em>τοῦ</em></span> <span class='ocrx_word' id='word_1_160' title='bbox 411 1392 678 1461; x_wconf 80' lang='grc' dir='ltr'><em>γενέσθαι</em></span> <span class='ocrx_word' id='word_1_161' title='bbox 725 1394 1033 1465; x_wconf 82' lang='grc' dir='ltr'><em>εἰληφέναι.</em></span> 
     </span>
    </p>
   </div>
   <div class='ocr_carea' id='block_1_11' title="bbox 1094 1393 1501 1449">
    <p class='ocr_par' dir='ltr' id='par_1_11' title="bbox 1094 1393 1501 1449">
     <span class='ocr_line' id='line_1_22' title="bbox 1094 1393 1501 1449; baseline 0.002 -1"><span class='ocrx_word' id='word_1_162' title='bbox 1094 1393 1254 1448; x_wconf 74' lang='grc' dir='ltr'><em>’Ἐστι</em></span> <span class='ocrx_word' id='word_1_163' title='bbox 1309 1398 1501 1449; x_wconf 80' lang='grc' dir='ltr'><em>ταῦτα.</em></span> 
     </span>
    </p>
   </div>
   <div class='ocr_carea' id='block_1_12' title="bbox 1578 1395 2044 1466">
    <p class='ocr_par' dir='ltr' id='par_1_12' title="bbox 1578 1395 2044 1466">
     <span class='ocr_line' id='line_1_23' title="bbox 1578 1395 2044 1466; baseline 0.009 -20"><span class='ocrx_word' id='word_1_164' title='bbox 1578 1395 1689 1447; x_wconf 84' lang='grc' dir='ltr'><em>Καὶ</em></span> <span class='ocrx_word' id='word_1_165' title='bbox 1739 1396 1790 1448; x_wconf 87' lang='grc' dir='ltr'><em>εί</em></span> <span class='ocrx_word' id='word_1_166' title='bbox 1830 1396 1934 1466; x_wconf 82' lang='grc' dir='ltr'><em>μέν</em></span> <span class='ocrx_word' id='word_1_167' title='bbox 1980 1415 2044 1465; x_wconf 89' lang='grc' dir='ltr'><em>γε</em></span> 
     </span>
    </p>
   </div>
   <div class='ocr_carea' id='block_1_13' title="bbox 377 1545 2041 1609">
    <p class='ocr_par' dir='ltr' id='par_1_13' title="bbox 377 1545 2041 1609">
     <span class='ocr_line' id='line_1_24' title="bbox 377 1545 2041 1609; baseline 0.001 -14"><span class='ocrx_word' id='word_1_168' title='bbox 377 1551 422 1595; x_wconf 83' lang='lat' dir='ltr'><em>C.</em></span> <span class='ocrx_word' id='word_1_169' title='bbox 454 1545 558 1606; x_wconf 86' lang='grc' dir='ltr'><em>πρὸ</em></span> <span class='ocrx_word' id='word_1_170' title='bbox 590 1546 820 1607; x_wconf 82' lang='grc' dir='ltr'><em>τούτων]</em></span> <span class='ocrx_word' id='word_1_171' title='bbox 845 1546 1018 1595; x_wconf 82' lang='grc' dir='ltr'><em>τούτου</em></span> <span class='ocrx_word' id='word_1_172' title='bbox 1039 1554 1136 1597; x_wconf 82' lang='lat' dir='ltr'>Vat.</span> <span class='ocrx_word' id='word_1_173' title='bbox 1158 1554 1251 1595; x_wconf 85' lang='lat' dir='ltr'>Par.</span> <span class='ocrx_word' id='word_1_174' title='bbox 1275 1554 1310 1596; x_wconf 90' lang='lat' dir='ltr'>G</span> <span class='ocrx_word' id='word_1_175' title='bbox 1339 1554 1447 1596; x_wconf 86' lang='lat' dir='ltr'>Flor.</span> <span class='ocrx_word' id='word_1_176' title='bbox 1474 1555 1513 1606; x_wconf 91' lang='lat' dir='ltr'><em>d,</em></span> <span class='ocrx_word' id='word_1_177' title='bbox 1547 1555 1662 1607; x_wconf 89' lang='lat' dir='ltr'>quod</span> <span class='ocrx_word' id='word_1_178' title='bbox 1685 1555 1727 1595; x_wconf 92' lang='lat' dir='ltr'><em>in</em></span> <span class='ocrx_word' id='word_1_179' title='bbox 1749 1554 1870 1598; x_wconf 88' lang='lat' dir='ltr'>Bodl.</span> <span class='ocrx_word' id='word_1_180' title='bbox 1892 1567 2041 1609; x_wconf 88' lang='lat' dir='ltr'>super·</span> 
     </span>
    </p>
   </div>
   <div class='ocr_carea' id='block_1_14' title="bbox 261 1610 479 1675">
    <p class='ocr_par' dir='ltr' id='par_1_14' title="bbox 261 1610 479 1675">
     <span class='ocr_line' id='line_1_25' title="bbox 261 1610 479 1675; baseline -0.01 -25"><span class='ocrx_word' id='word_1_181' title='bbox 261 1610 479 1675; x_wconf 75' lang='lat' dir='ltr'>sciiptum.</span> 
     </span>
    </p>
   </div>
   <div class='ocr_carea' id='block_1_15' title="bbox 375 1657 1635 1778">
    <p class='ocr_par' dir='ltr' id='par_1_15' title="bbox 375 1657 1619 1778">
     <span class='ocr_line' id='line_1_26' title="bbox 375 1657 1430 1732; baseline 0.003 -25"><span class='ocrx_word' id='word_1_182' title='bbox 375 1657 545 1732; x_wconf 79' lang='grc' dir='ltr'><em>ἢκαί]</em></span> <span class='ocrx_word' id='word_1_183' title='bbox 578 1657 610 1720; x_wconf 79' lang='grc' dir='ltr'>ἥ</span> <span class='ocrx_word' id='word_1_184' title='bbox 631 1678 713 1708; x_wconf 90' lang='lat' dir='ltr'><em>om.</em></span> <span class='ocrx_word' id='word_1_185' title='bbox 737 1667 856 1710; x_wconf 88' lang='lat' dir='ltr'>Bodl</span> <span class='ocrx_word' id='word_1_186' title='bbox 881 1667 1063 1727; x_wconf 80' lang='lat' dir='ltr'>Tubing</span> <span class='ocrx_word' id='word_1_187' title='bbox 1090 1675 1128 1708; x_wconf 84' lang='lat' dir='ltr'><em>et</em></span> <span class='ocrx_word' id='word_1_188' title='bbox 1149 1681 1219 1727; x_wconf 82' lang='lat' dir='ltr'>pr</span> <span class='ocrx_word' id='word_1_189' title='bbox 1237 1668 1346 1709; x_wconf 79' lang='lat' dir='ltr'>Ven.</span> <span class='ocrx_word' id='word_1_190' title='bbox 1372 1668 1430 1710; x_wconf 89' lang='grc' dir='ltr'><em>Π.</em></span> 
     </span>
     <span class='ocr_line' id='line_1_27' title="bbox 375 1718 1635 1778; baseline 0.002 -16"><span class='ocrx_word' id='word_1_191' title='bbox 375 1723 423 1766; x_wconf 90' lang='lat' dir='ltr'><em>D.</em></span> <span class='ocrx_word' id='word_1_192' title='bbox 459 1715 945 1778; x_wconf 78' lang='grc' dir='ltr'><em>ἄναγκαῖονήμῖν</em></span> <span class='ocrx_word' id='word_1_193' title='bbox 969 1718 1142 1776; x_wconf 80' lang='grc' dir='ltr'><em>εἶναι]</em></span> <span class='ocrx_word' id='word_1_194' title='bbox 1174 1727 1299 1766; x_wconf 79' lang='grc' dir='ltr'><em>εἰναι</em></span> <span class='ocrx_word' id='word_1_195' title='bbox 1322 1725 1442 1766; x_wconf 85' lang='lat' dir='ltr'>Bodl.</span> <span class='ocrx_word' id='word_1_196' title='bbox 1464 1737 1528 1778; x_wconf 87' lang='lat' dir='ltr'><em>pr.</em></span> <span class='ocrx_word' id='word_1_197' title='bbox 1553 1737 1635 1769; x_wconf 90' lang='lat' dir='ltr'><em>om.</em></span> 
     </span>
    </p>
   </div>
   <div class='ocr_carea' id='block_1_16' title="bbox 257 1842 1110 3544">
    <p class='ocr_par' dir='ltr' id='par_1_16' title="bbox 260 1842 1104 2015">
     <span class='ocr_line' id='line_1_28' title="bbox 319 1842 1104 1904; baseline 0.003 -14"><span class='ocrx_word' id='word_1_198' title='bbox 319 1849 365 1892; x_wconf 85' lang='lat' dir='ltr'><em>C.</em></span> <span class='ocrx_word' id='word_1_199' title='bbox 399 1843 504 1904; x_wconf 83' lang='grc' dir='ltr'><em>πρὸ</em></span> <span class='ocrx_word' id='word_1_200' title='bbox 567 1843 784 1891; x_wconf 82' lang='grc' dir='ltr'><em>τούτων</em></span> <span class='ocrx_word' id='word_1_201' title='bbox 844 1842 946 1904; x_wconf 80' lang='grc' dir='ltr'><em>τὴν</em></span> <span class='ocrx_word' id='word_1_202' title='bbox 1006 1849 1104 1892; x_wconf 82' lang='grc' dir='ltr'><em>τοῦ</em></span> 
     </span>
     <span class='ocr_line' id='line_1_29' title="bbox 262 1903 1103 1960; baseline 0 -13"><span class='ocrx_word' id='word_1_203' title='bbox 262 1903 390 1948; x_wconf 79' lang='grc' dir='ltr'><em>ἴσου</em></span> <span class='ocrx_word' id='word_1_204' title='bbox 415 1905 481 1960; x_wconf 89' lang='grc'>-·-]</span> <span class='ocrx_word' id='word_1_205' title='bbox 527 1907 960 1960; x_wconf 79' lang='lat' dir='ltr'>seil.p1iusquam</span> <span class='ocrx_word' id='word_1_206' title='bbox 991 1920 1103 1948; x_wconf 86' lang='lat' dir='ltr'>eor-</span> 
     </span>
     <span class='ocr_line' id='line_1_30' title="bbox 260 1964 983 2015; baseline 0 -12"><span class='ocrx_word' id='word_1_207' title='bbox 260 1965 406 2015; x_wconf 85' lang='lat' dir='ltr'>poris</span> <span class='ocrx_word' id='word_1_208' title='bbox 428 1964 680 2004; x_wconf 78' lang='lat' dir='ltr'>sensibus</span> <span class='ocrx_word' id='word_1_209' title='bbox 705 1971 983 2004; x_wconf 76' lang='lat' dir='ltr'>uteremur.</span> 
     </span>
    </p>

    <p class='ocr_par' dir='ltr' id='par_1_17' title="bbox 260 2014 1107 2188">
     <span class='ocr_line' id='line_1_31' title="bbox 320 2014 1106 2089; baseline 0.003 -29"><span class='ocrx_word' id='word_1_210' title='bbox 320 2019 421 2074; x_wconf 84' lang='lat' dir='ltr'>Cap.</span> <span class='ocrx_word' id='word_1_211' title='bbox 443 2020 540 2060; x_wconf 89' lang='lat' dir='ltr'><em>XX.</em></span> <span class='ocrx_word' id='word_1_212' title='bbox 574 2015 806 2089; x_wconf 76' lang='grc' dir='ltr'><em>ἔχοντες</em></span> <span class='ocrx_word' id='word_1_213' title='bbox 836 2014 1106 2086; x_wconf 63' lang='grc' dir='ltr'><em>ἐγενόμε-</em></span> 
     </span>
     <span class='ocr_line' id='line_1_32' title="bbox 260 2071 1107 2143; baseline 0.001 -27"><span class='ocrx_word' id='word_1_214' title='bbox 260 2072 360 2129; x_wconf 80' lang='grc' dir='ltr'><em>θα]</em></span> <span class='ocrx_word' id='word_1_215' title='bbox 407 2079 449 2116; x_wconf 82' lang='lat' dir='ltr'><em>In</em></span> <span class='ocrx_word' id='word_1_216' title='bbox 481 2076 546 2117; x_wconf 87' lang='lat' dir='ltr'><em>his</em></span> <span class='ocrx_word' id='word_1_217' title='bbox 575 2078 629 2117; x_wconf 81' lang='lat' dir='ltr'><em>ad</em></span> <span class='ocrx_word' id='word_1_218' title='bbox 659 2071 847 2143; x_wconf 79' lang='grc' dir='ltr'><em>ἔχοντες</em></span> <span class='ocrx_word' id='word_1_219' title='bbox 868 2079 1019 2117; x_wconf 77' lang='lat' dir='ltr'>itemm</span> <span class='ocrx_word' id='word_1_220' title='bbox 1041 2078 1107 2117; x_wconf 89' lang='lat' dir='ltr'><em>in—</em></span> 
     </span>
     <span class='ocr_line' id='line_1_33' title="bbox 260 2127 822 2204; baseline 0.005 -32"><span class='ocrx_word' id='word_1_221' title='bbox 260 2133 560 2204; x_wconf 78' lang='lat' dir='ltr'>tellegendum</span> <span class='ocrx_word' id='word_1_222' title='bbox 571 2142 634 2175; x_wconf 84' lang='lat' dir='ltr'><em>est</em></span> <span class='ocrx_word' id='word_1_223' title='bbox 655 2127 822 2202; x_wconf 84' lang='grc' dir='ltr'><em>αυτήν.</em></span> 
     </span>
    </p>

    <p class='ocr_par' dir='ltr' id='par_1_18' title="bbox 261 2187 1107 2401">
     <span class='ocr_line' id='line_1_34' title="bbox 316 2187 1107 2256; baseline 0.003 -26"><span class='ocrx_word' id='word_1_224' title='bbox 316 2187 416 2231; x_wconf 76' lang='grc' dir='ltr'><em>καὶ</em></span> <span class='ocrx_word' id='word_1_225' title='bbox 467 2187 621 2256; x_wconf 84' lang='grc' dir='ltr'><em>πρὶν</em></span> <span class='ocrx_word' id='word_1_226' title='bbox 662 2187 949 2244; x_wconf 75' lang='grc' dir='ltr'><em>γενέσθαι</em></span> <span class='ocrx_word' id='word_1_227' title='bbox 1007 2188 1107 2232; x_wconf 77' lang='grc' dir='ltr'><em>καὶ</em></span> 
     </span>
     <span class='ocr_line' id='line_1_35' title="bbox 262 2237 1106 2301; baseline -0.001 -13"><span class='ocrx_word' id='word_1_228' title='bbox 262 2237 445 2295; x_wconf 75' lang='grc' dir='ltr'><em>εὐθυς</em></span> <span class='ocrx_word' id='word_1_229' title='bbox 487 2240 815 2301; x_wconf 84' lang='grc' dir='ltr'><em>γενόμενοι]</em></span> <span class='ocrx_word' id='word_1_230' title='bbox 852 2256 957 2288; x_wconf 84' lang='lat' dir='ltr'><em>tum</em></span> <span class='ocrx_word' id='word_1_231' title='bbox 986 2256 1106 2288; x_wconf 78' lang='lat' dir='ltr'>ante</span> 
     </span>
     <span class='ocr_line' id='line_1_36' title="bbox 261 2305 1103 2357; baseline 0 -13"><span class='ocrx_word' id='word_1_232' title='bbox 261 2311 429 2344; x_wconf 79' lang='lat' dir='ltr'>ortum</span> <span class='ocrx_word' id='word_1_233' title='bbox 470 2312 728 2357; x_wconf 84' lang='lat' dir='ltr'>nostrum,</span> <span class='ocrx_word' id='word_1_234' title='bbox 780 2313 886 2345; x_wconf 84' lang='lat' dir='ltr'><em>tum</em></span> <span class='ocrx_word' id='word_1_235' title='bbox 927 2305 1103 2345; x_wconf 84' lang='lat' dir='ltr'>statim</span> 
     </span>
     <span class='ocr_line' id='line_1_37' title="bbox 261 2361 690 2401; baseline 0.002 -1"><span class='ocrx_word' id='word_1_236' title='bbox 261 2361 445 2401; x_wconf 65' lang='grc'><strong>11111311</strong></span> <span class='ocrx_word' id='word_1_237' title='bbox 468 2372 690 2401; x_wconf 85' lang='lat' dir='ltr'>eramus.</span> 
     </span>
    </p>

    <p class='ocr_par' dir='ltr' id='par_1_19' title="bbox 259 2409 1101 2569">
     <span class='ocr_line' id='line_1_38' title="bbox 319 2409 1101 2472; baseline 0.003 -15"><span class='ocrx_word' id='word_1_238' title='bbox 319 2409 623 2471; x_wconf 79' lang='grc' dir='ltr'><em>ξύμπαντα</em></span> <span class='ocrx_word' id='word_1_239' title='bbox 662 2410 727 2459; x_wconf 77' lang='grc' dir='ltr'><em>τὰ</em></span> <span class='ocrx_word' id='word_1_240' title='bbox 757 2415 1026 2472; x_wconf 72' lang='grc' dir='ltr'><em>τοιαῦτα]</em></span> <span class='ocrx_word' id='word_1_241' title='bbox 1061 2418 1101 2459; x_wconf 90' lang='lat' dir='ltr'><em>h.</em></span> 
     </span>
     <span class='ocr_line' id='line_1_39' title="bbox 261 2474 1105 2529; baseline 0.002 -17"><span class='ocrx_word' id='word_1_242' title='bbox 261 2486 296 2516; x_wconf 79' lang='grc'><em>3,</em></span> <span class='ocrx_word' id='word_1_243' title='bbox 342 2475 527 2514; x_wconf 90' lang='lat' dir='ltr'>omnium</span> <span class='ocrx_word' id='word_1_244' title='bbox 570 2487 710 2514; x_wconf 78' lang='lat' dir='ltr'>rerum</span> <span class='ocrx_word' id='word_1_245' title='bbox 742 2474 901 2516; x_wconf 81' lang='lat' dir='ltr'>formas</span> <span class='ocrx_word' id='word_1_246' title='bbox 932 2487 979 2514; x_wconf 84' lang='lat' dir='ltr'><em>ac</em></span> <span class='ocrx_word' id='word_1_247' title='bbox 1010 2488 1105 2529; x_wconf 82' lang='lat' dir='ltr'>spe-</span> 
     </span>
     <span class='ocr_line' id='line_1_40' title="bbox 259 2531 360 2570; baseline 0 -1"><span class='ocrx_word' id='word_1_248' title='bbox 259 2531 360 2570; x_wconf 82' lang='lat' dir='ltr'>cies</span> 
     </span>
    </p>

    <p class='ocr_par' dir='ltr' id='par_1_20' title="bbox 257 2577 1110 3374">
     <span class='ocr_line' id='line_1_41' title="bbox 315 2577 1107 2642; baseline 0.001 -15"><span class='ocrx_word' id='word_1_249' title='bbox 315 2577 347 2639; x_wconf 78' lang='grc' dir='ltr'><em>ἢ</em></span> <span class='ocrx_word' id='word_1_250' title='bbox 373 2584 471 2628; x_wconf 83' lang='grc' dir='ltr'><em>καὶ</em></span> <span class='ocrx_word' id='word_1_251' title='bbox 499 2585 632 2642; x_wconf 80' lang='grc' dir='ltr'><em>περὶ</em></span> <span class='ocrx_word' id='word_1_252' title='bbox 662 2580 843 2629; x_wconf 80' lang='grc' dir='ltr'><em>αυτοῦ</em></span> <span class='ocrx_word' id='word_1_253' title='bbox 874 2602 912 2628; x_wconf 91' lang='grc' dir='ltr'><em>τ.</em></span> <span class='ocrx_word' id='word_1_254' title='bbox 936 2587 996 2640; x_wconf 55' lang='lat' dir='ltr'><em>w]</em></span> <span class='ocrx_word' id='word_1_255' title='bbox 1020 2588 1107 2628; x_wconf 77' lang='lat' dir='ltr'><em>Ad-</em></span> 
     </span>
     <span class='ocr_line' id='line_1_42' title="bbox 262 2643 1108 2698; baseline 0 -15"><span class='ocrx_word' id='word_1_256' title='bbox 262 2651 402 2683; x_wconf 84' lang='lat' dir='ltr'>vertas</span> <span class='ocrx_word' id='word_1_257' title='bbox 431 2643 511 2683; x_wconf 81' lang='lat' dir='ltr'><em>hoc</em></span> <span class='ocrx_word' id='word_1_258' title='bbox 539 2643 642 2693; x_wconf 79' lang='grc' dir='ltr'><em>καί,</em></span> <span class='ocrx_word' id='word_1_259' title='bbox 687 2646 799 2695; x_wconf 90' lang='lat' dir='ltr'>quod</span> <span class='ocrx_word' id='word_1_260' title='bbox 828 2645 1108 2698; x_wconf 78' lang='lat' dir='ltr'>interponitm</span> 
     </span>
     <span class='ocr_line' id='line_1_43' title="bbox 260 2699 1110 2764; baseline 0.001 -25"><span class='ocrx_word' id='word_1_261' title='bbox 260 2699 409 2739; x_wconf 86' lang='lat' dir='ltr'>eodem</span> <span class='ocrx_word' id='word_1_262' title='bbox 430 2700 572 2764; x_wconf 84' lang='lat' dir='ltr'>modo,</span> <span class='ocrx_word' id='word_1_263' title='bbox 612 2713 693 2751; x_wconf 88' lang='lat' dir='ltr'><em>quo</em></span> <span class='ocrx_word' id='word_1_264' title='bbox 703 2708 947 2764; x_wconf 75' lang='lat' dir='ltr'>usur‘patul</span> <span class='ocrx_word' id='word_1_265' title='bbox 967 2701 1007 2740; x_wconf 90' lang='lat' dir='ltr'><em>in</em></span> <span class='ocrx_word' id='word_1_266' title='bbox 1032 2700 1110 2740; x_wconf 83' lang='lat' dir='ltr'><em>hae</em></span> 
     </span>
     <span class='ocr_line' id='line_1_44' title="bbox 264 2747 1107 2822; baseline 0.004 -28"><span class='ocrx_word' id='word_1_267' title='bbox 264 2755 468 2795; x_wconf 80' lang='lat' dir='ltr'><strong>dictione.</strong></span> <span class='ocrx_word' id='word_1_268' title='bbox 473 2747 640 2822; x_wconf 80' lang='grc' dir='ltr'><em>ὥςπερ</em></span> <span class='ocrx_word' id='word_1_269' title='bbox 658 2750 747 2810; x_wconf 80' lang='grc' dir='ltr'><em>γὰρ</em></span> <span class='ocrx_word' id='word_1_270' title='bbox 764 2753 873 2817; x_wconf 83' lang='grc' dir='ltr'><em>περὶ</em></span> <span class='ocrx_word' id='word_1_271' title='bbox 894 2754 978 2797; x_wconf 79' lang='grc' dir='ltr'><em>τοῦ</em></span> <span class='ocrx_word' id='word_1_272' title='bbox 1001 2755 1107 2797; x_wconf 90' lang='grc' dir='ltr'><em>ἰσου</em></span> 
     </span>
     <span class='ocr_line' id='line_1_45' title="bbox 264 2803 1108 2865; baseline 0.001 -13"><span class='ocrx_word' id='word_1_273' title='bbox 264 2809 354 2852; x_wconf 80' lang='grc' dir='ltr'><em>νῦν</em></span> <span class='ocrx_word' id='word_1_274' title='bbox 383 2805 408 2852; x_wconf 86' lang='grc' dir='ltr'><em>ὃ</em></span> <span class='ocrx_word' id='word_1_275' title='bbox 432 2803 567 2865; x_wconf 82' lang='grc' dir='ltr'><em>λόγος</em></span> <span class='ocrx_word' id='word_1_276' title='bbox 588 2806 719 2865; x_wconf 81' lang='grc' dir='ltr'><em>ἡμῖν,</em></span> <span class='ocrx_word' id='word_1_277' title='bbox 751 2826 875 2854; x_wconf 90' lang='grc' dir='ltr'><em>ουτω</em></span> <span class='ocrx_word' id='word_1_278' title='bbox 895 2809 978 2853; x_wconf 82' lang='grc' dir='ltr'><em>καὶ</em></span> <span class='ocrx_word' id='word_1_279' title='bbox 999 2811 1108 2864; x_wconf 85' lang='grc' dir='ltr'><em>περὶ</em></span> 
     </span>
     <span class='ocr_line' id='line_1_46' title="bbox 264 2860 1106 2912; baseline 0 -4"><span class='ocrx_word' id='word_1_280' title='bbox 264 2860 414 2909; x_wconf 76' lang='grc' dir='ltr'><em>αὐτοῦ</em></span> <span class='ocrx_word' id='word_1_281' title='bbox 458 2866 541 2908; x_wconf 84' lang='grc' dir='ltr'><em>τοῦ</em></span> <span class='ocrx_word' id='word_1_282' title='bbox 583 2867 749 2912; x_wconf 81' lang='grc' dir='ltr'><em>καλοῦ.</em></span> <span class='ocrx_word' id='word_1_283' title='bbox 817 2869 877 2908; x_wconf 78' lang='lat' dir='ltr'><em>De</em></span> <span class='ocrx_word' id='word_1_284' title='bbox 926 2869 1106 2909; x_wconf 82' lang='lat' dir='ltr'>formula</span> 
     </span>
     <span class='ocr_line' id='line_1_47' title="bbox 262 2920 1106 2989; baseline 0 -24"><span class='ocrx_word' id='word_1_285' title='bbox 262 2937 379 2989; x_wconf 82' lang='grc' dir='ltr'><em>οπερ</em></span> <span class='ocrx_word' id='word_1_286' title='bbox 411 2920 529 2979; x_wconf 80' lang='grc' dir='ltr'><em>λέγω</em></span> <span class='ocrx_word' id='word_1_287' title='bbox 561 2938 598 2967; x_wconf 83' lang='grc' dir='ltr'><em>ν.</em></span> <span class='ocrx_word' id='word_1_288' title='bbox 622 2936 662 2976; x_wconf 89' lang='lat' dir='ltr'><em>p.</em></span> <span class='ocrx_word' id='word_1_289' title='bbox 688 2927 742 2966; x_wconf 87' lang='lat'><em>58</em></span> <span class='ocrx_word' id='word_1_290' title='bbox 767 2925 811 2965; x_wconf 87' lang='lat' dir='ltr'><em>C.</em></span> <span class='ocrx_word' id='word_1_291' title='bbox 842 2925 1031 2977; x_wconf 78' lang='lat' dir='ltr'>Denique</span> <span class='ocrx_word' id='word_1_292' title='bbox 1054 2939 1106 2965; x_wconf 85' lang='lat' dir='ltr'><em>ne</em></span> 
     </span>
     <span class='ocr_line' id='line_1_48' title="bbox 262 2979 1107 3023; baseline 0.004 -3"><span class='ocrx_word' id='word_1_293' title='bbox 262 2981 425 3022; x_wconf 83' lang='lat' dir='ltr'>mireris</span> <span class='ocrx_word' id='word_1_294' title='bbox 446 2981 667 3021; x_wconf 70' lang='lat' dir='ltr'>articuium</span> <span class='ocrx_word' id='word_1_295' title='bbox 689 2988 788 3021; x_wconf 81' lang='lat' dir='ltr'>aute</span> <span class='ocrx_word' id='word_1_296' title='bbox 809 2979 1003 3023; x_wconf 81' lang='grc' dir='ltr'><em>δικαίου</em></span> <span class='ocrx_word' id='word_1_297' title='bbox 1024 2979 1107 3023; x_wconf 83' lang='grc' dir='ltr'><em>καὶ</em></span> 
     </span>
     <span class='ocr_line' id='line_1_49' title="bbox 257 3031 1103 3086; baseline -0.002 -7"><span class='ocrx_word' id='word_1_298' title='bbox 257 3031 396 3079; x_wconf 85' lang='grc' dir='ltr'><em>ὁσίου</em></span> <span class='ocrx_word' id='word_1_299' title='bbox 437 3050 519 3079; x_wconf 85' lang='grc'><strong>11011</strong></span> <span class='ocrx_word' id='word_1_300' title='bbox 561 3050 657 3078; x_wconf 85' lang='grc'><strong>3333</strong></span> <span class='ocrx_word' id='word_1_301' title='bbox 696 3039 914 3086; x_wconf 71' lang='grc'><strong>1131313111,</strong></span> <span class='ocrx_word' id='word_1_302' title='bbox 958 3039 1103 3079; x_wconf 78' lang='lat' dir='ltr'>eodem</span> 
     </span>
     <span class='ocr_line' id='line_1_50' title="bbox 258 3088 1106 3159; baseline 0.001 -24"><span class='ocrx_word' id='word_1_303' title='bbox 258 3095 383 3135; x_wconf 84' lang='grc' dir='ltr'><strong>1110ᾶο</strong></span> <span class='ocrx_word' id='word_1_304' title='bbox 426 3093 551 3147; x_wconf 76' lang='lat' dir='ltr'>Gorg.</span> <span class='ocrx_word' id='word_1_305' title='bbox 574 3107 616 3159; x_wconf 91' lang='lat' dir='ltr'><em>p.</em></span> <span class='ocrx_word' id='word_1_306' title='bbox 638 3095 721 3136; x_wconf 86' lang='lat'>459</span> <span class='ocrx_word' id='word_1_307' title='bbox 745 3095 776 3134; x_wconf 93' lang='lat' dir='ltr'>D</span> <span class='ocrx_word' id='word_1_308' title='bbox 819 3092 902 3135; x_wconf 78' lang='grc' dir='ltr'><em>καὶ</em></span> <span class='ocrx_word' id='word_1_309' title='bbox 943 3088 994 3135; x_wconf 88' lang='grc' dir='ltr'><em>τὸ</em></span> <span class='ocrx_word' id='word_1_310' title='bbox 1031 3092 1106 3136; x_wconf 82' lang='grc' dir='ltr'><em>αἰ-</em></span> 
     </span>
     <span class='ocr_line' id='line_1_51' title="bbox 259 3144 1106 3206; baseline 0.002 -15"><span class='ocrx_word' id='word_1_311' title='bbox 259 3144 403 3204; x_wconf 86' lang='grc' dir='ltr'><em>σχρὸν</em></span> <span class='ocrx_word' id='word_1_312' title='bbox 431 3149 515 3192; x_wconf 79' lang='grc' dir='ltr'><em>καὶ</em></span> <span class='ocrx_word' id='word_1_313' title='bbox 546 3144 598 3192; x_wconf 65' lang='lat' dir='ltr'><em>vo*</em></span> <span class='ocrx_word' id='word_1_314' title='bbox 629 3144 778 3192; x_wconf 85' lang='grc' dir='ltr'><em>καλὸν</em></span> <span class='ocrx_word' id='word_1_315' title='bbox 807 3148 889 3192; x_wconf 80' lang='grc' dir='ltr'><em>καὶ</em></span> <span class='ocrx_word' id='word_1_316' title='bbox 912 3144 1106 3206; x_wconf 78' lang='grc' dir='ltr'><em>άγαθόν</em></span> 
     </span>
     <span class='ocr_line' id='line_1_52' title="bbox 257 3201 1099 3261; baseline 0.001 -13"><span class='ocrx_word' id='word_1_317' title='bbox 257 3205 341 3248; x_wconf 82' lang='grc' dir='ltr'><em>καὶ</em></span> <span class='ocrx_word' id='word_1_318' title='bbox 361 3201 527 3260; x_wconf 79' lang='grc' dir='ltr'><em>κακόν,</em></span> <span class='ocrx_word' id='word_1_319' title='bbox 561 3208 629 3248; x_wconf 88' lang='lat' dir='ltr'><em>ubi</em></span> <span class='ocrx_word' id='word_1_320' title='bbox 651 3221 690 3249; x_wconf 88' lang='lat' dir='ltr'><em>v.</em></span> <span class='ocrx_word' id='word_1_321' title='bbox 714 3221 782 3251; x_wconf 85' lang='lat' dir='ltr'><em>an.</em></span> <span class='ocrx_word' id='word_1_322' title='bbox 826 3209 930 3248; x_wconf 84' lang='lat' dir='ltr'>lbid.</span> <span class='ocrx_word' id='word_1_323' title='bbox 955 3222 994 3261; x_wconf 90' lang='lat' dir='ltr'>p.</span> <span class='ocrx_word' id='word_1_324' title='bbox 1017 3210 1099 3249; x_wconf 79' lang='lat'><em>460</em></span> 
     </span>
     <span class='ocr_line' id='line_1_53' title="bbox 257 3264 1098 3317; baseline 0.001 -14"><span class='ocrx_word' id='word_1_325' title='bbox 257 3264 304 3304; x_wconf 93' lang='grc' dir='ltr'><em>Ε.</em></span> <span class='ocrx_word' id='word_1_326' title='bbox 349 3264 486 3307; x_wconf 86' lang='lat' dir='ltr'>Alcib.</span> <span class='ocrx_word' id='word_1_327' title='bbox 539 3276 620 3316; x_wconf 91' lang='lat' dir='ltr'>..p</span> <span class='ocrx_word' id='word_1_328' title='bbox 646 3265 799 3317; x_wconf 82' lang='lat' dir='ltr'><strong>117A,</strong></span> <span class='ocrx_word' id='word_1_329' title='bbox 829 3265 960 3307; x_wconf 85' lang='lat' dir='ltr'>nbiv.</span> <span class='ocrx_word' id='word_1_330' title='bbox 985 3278 1098 3317; x_wconf 82' lang='grc'><strong>31111.,</strong></span> 
     </span>
     <span class='ocr_line' id='line_1_54' title="bbox 258 3266 709 3374; baseline -0.002 -13"><span class='ocrx_word' id='word_1_331' title='bbox 258 3321 388 3373; x_wconf 83' lang='lat' dir='ltr'>Legg.</span> <span class='ocrx_word' id='word_1_332' title='bbox 411 3321 465 3360; x_wconf 93' lang='lat' dir='ltr'><em>X.</em></span> <span class='ocrx_word' id='word_1_333' title='bbox 490 3266 534 3374; x_wconf 88' lang='lat' dir='ltr'><em>pI</em></span> <span class='ocrx_word' id='word_1_334' title='bbox 555 3321 709 3363; x_wconf 86' lang='grc'><strong>8961).</strong></span> 
     </span>
    </p>

    <p class='ocr_par' dir='ltr' id='par_1_21' title="bbox 257 3370 1100 3544">
     <span class='ocr_line' id='line_1_55' title="bbox 315 3370 1099 3445; baseline 0.001 -27"><span class='ocrx_word' id='word_1_335' title='bbox 315 3377 365 3418; x_wconf 89' lang='lat' dir='ltr'><em>D.</em></span> <span class='ocrx_word' id='word_1_336' title='bbox 409 3373 502 3423; x_wconf 79' lang='grc' dir='ltr'><em>οἷς</em></span> <span class='ocrx_word' id='word_1_337' title='bbox 544 3370 1099 3445; x_wconf 78' lang='grc' dir='ltr'><em>ἐπισφραγιζόμεθα</em></span> 
     </span>
     <span class='ocr_line' id='line_1_56' title="bbox 259 3425 1100 3499; baseline 0.002 -25"><span class='ocrx_word' id='word_1_338' title='bbox 259 3432 452 3499; x_wconf 83' lang='grc' dir='ltr'><em>τοῦτο,</em></span> <span class='ocrx_word' id='word_1_339' title='bbox 476 3425 502 3474; x_wconf 80' lang='grc' dir='ltr'><em>ὃ</em></span> <span class='ocrx_word' id='word_1_340' title='bbox 526 3429 664 3487; x_wconf 76' lang='grc' dir='ltr'><em>ἔστι]</em></span> <span class='ocrx_word' id='word_1_341' title='bbox 689 3434 729 3474; x_wconf 89' lang='lat' dir='ltr'><em>h.</em></span> <span class='ocrx_word' id='word_1_342' title='bbox 745 3447 781 3474; x_wconf 89' lang='grc'><em>3.</em></span> <span class='ocrx_word' id='word_1_343' title='bbox 805 3434 993 3484; x_wconf 82' lang='lat' dir='ltr'>quibus</span> <span class='ocrx_word' id='word_1_344' title='bbox 1017 3435 1100 3488; x_wconf 83' lang='grc' dir='ltr'><em>τῆς</em></span> 
     </span>
     <span class='ocr_line' id='line_1_57' title="bbox 257 3483 1100 3544; baseline -0.001 -11"><span class='ocrx_word' id='word_1_345' title='bbox 257 3483 426 3540; x_wconf 89' lang='grc' dir='ltr'><em>ουσίας</em></span> <span class='ocrx_word' id='word_1_346' title='bbox 475 3490 679 3544; x_wconf 81' lang='lat' dir='ltr'>signum</span> <span class='ocrx_word' id='word_1_347' title='bbox 727 3491 1100 3543; x_wconf 86' lang='lat' dir='ltr'>imprimimus,</span> 
     </span>
    </p>
   </div>
   <div class='ocr_carea' id='block_1_17' title="bbox 1186 1851 2049 3545">
    <p class='ocr_par' dir='ltr' id='par_1_22' title="bbox 1192 1851 2042 2361">
     <span class='ocr_line' id='line_1_58' title="bbox 1192 1851 2042 1918; baseline 0 -26"><span class='ocrx_word' id='word_1_348' title='bbox 1192 1864 1331 1918; x_wconf 71' lang='lat' dir='ltr'>qnae</span> <span class='ocrx_word' id='word_1_349' title='bbox 1349 1851 1581 1893; x_wconf 81' lang='lat' dir='ltr'>nomine</span> <span class='ocrx_word' id='word_1_350' title='bbox 1639 1853 1913 1894; x_wconf 78' lang='lat' dir='ltr'>essentiae</span> <span class='ocrx_word' id='word_1_351' title='bbox 1963 1852 2042 1892; x_wconf 90' lang='lat' dir='ltr'><em>in-</em></span> 
     </span>
     <span class='ocr_line' id='line_1_59' title="bbox 1193 1907 2049 1976; baseline 0.001 -26"><span class='ocrx_word' id='word_1_352' title='bbox 1193 1910 1473 1976; x_wconf 76' lang='lat' dir='ltr'>signimus.</span> <span class='ocrx_word' id='word_1_353' title='bbox 1515 1909 1682 1953; x_wconf 69' lang='lat' dir='ltr'>Politia.</span> <span class='ocrx_word' id='word_1_354' title='bbox 1715 1923 1756 1963; x_wconf 93' lang='lat' dir='ltr'>p.</span> <span class='ocrx_word' id='word_1_355' title='bbox 1787 1910 1870 1950; x_wconf 82' lang='lat'>258</span> <span class='ocrx_word' id='word_1_356' title='bbox 1894 1910 1925 1951; x_wconf 90' lang='lat' dir='ltr'>C</span> <span class='ocrx_word' id='word_1_357' title='bbox 1965 1907 2049 1951; x_wconf 78' lang='grc' dir='ltr'><em>δεῖ</em></span> 
     </span>
     <span class='ocr_line' id='line_1_60' title="bbox 1193 1958 2041 2034; baseline 0 -27"><span class='ocrx_word' id='word_1_358' title='bbox 1193 1960 1282 2034; x_wconf 79' lang='grc' dir='ltr'><em>γὰρ</em></span> <span class='ocrx_word' id='word_1_359' title='bbox 1313 1958 1468 2030; x_wconf 75' lang='grc' dir='ltr'><em>αὐτὴν</em></span> <span class='ocrx_word' id='word_1_360' title='bbox 1504 1958 1755 2032; x_wconf 43' lang='grc' dir='ltr'><em>άνευρεῖνν,</em></span> <span class='ocrx_word' id='word_1_361' title='bbox 1787 1963 1870 2007; x_wconf 82' lang='grc' dir='ltr'><em>καὶ</em></span> <span class='ocrx_word' id='word_1_362' title='bbox 1931 1980 1966 2007; x_wconf 88' lang='grc' dir='ltr'><em>ω</em></span> <span class='ocrx_word' id='word_1_363' title='bbox 1969 1962 2041 2020; x_wconf 87' lang='grc' dir='ltr'><em>ρὶς</em></span> 
     </span>
     <span class='ocr_line' id='line_1_61' title="bbox 1193 1980 2040 2089; baseline 0 -25"><span class='ocrx_word' id='word_1_364' title='bbox 1193 2015 1463 2089; x_wconf 85' lang='grc' dir='ltr'><em>αφελόντας</em></span> <span class='ocrx_word' id='word_1_365' title='bbox 1486 2036 1580 2063; x_wconf 91' lang='grc' dir='ltr'><em>απο</em></span> <span class='ocrx_word' id='word_1_366' title='bbox 1604 2036 1697 2063; x_wconf 89' lang='grc' dir='ltr'><em>των</em></span> <span class='ocrx_word' id='word_1_367' title='bbox 1718 2023 1877 2064; x_wconf 87' lang='grc' dir='ltr'><em>αλλων</em></span> <span class='ocrx_word' id='word_1_368' title='bbox 1921 1980 2040 2064; x_wconf 82' lang='grc' dir='ltr'><em>δέαν</em></span> 
     </span>
     <span class='ocr_line' id='line_1_62' title="bbox 1194 2072 2041 2144; baseline -0.004 -23"><span class='ocrx_word' id='word_1_369' title='bbox 1194 2073 1316 2134; x_wconf 86' lang='grc' dir='ltr'><em>αυτῇ</em></span> <span class='ocrx_word' id='word_1_370' title='bbox 1337 2079 1454 2132; x_wconf 89' lang='grc' dir='ltr'><em>μίαν</em></span> <span class='ocrx_word' id='word_1_371' title='bbox 1477 2072 1924 2144; x_wconf 74' lang='grc' dir='ltr'><em>ἐπισφραγίζεσθαι.</em></span> <span class='ocrx_word' id='word_1_372' title='bbox 1945 2079 2041 2118; x_wconf 84' lang='grc' dir='ltr'><strong>Ρ111-</strong></span> 
     </span>
     <span class='ocr_line' id='line_1_63' title="bbox 1195 2129 2040 2202; baseline 0 -25"><span class='ocrx_word' id='word_1_373' title='bbox 1195 2137 1275 2179; x_wconf 84' lang='lat' dir='ltr'>le.b</span> <span class='ocrx_word' id='word_1_374' title='bbox 1279 2149 1343 2202; x_wconf 88' lang='lat' dir='ltr'><em>p.</em></span> <span class='ocrx_word' id='word_1_375' title='bbox 1367 2138 1421 2177; x_wconf 83' lang='lat'><em>26</em></span> <span class='ocrx_word' id='word_1_376' title='bbox 1444 2136 1477 2176; x_wconf 96' lang='lat' dir='ltr'><strong>D</strong></span> <span class='ocrx_word' id='word_1_377' title='bbox 1506 2135 1663 2177; x_wconf 78' lang='grc' dir='ltr'><em>καίτοι</em></span> <span class='ocrx_word' id='word_1_378' title='bbox 1693 2129 1845 2177; x_wconf 77' lang='grc' dir='ltr'><em>πολλοὶ</em></span> <span class='ocrx_word' id='word_1_379' title='bbox 1874 2148 1943 2201; x_wconf 75' lang='grc' dir='ltr'><em>γε</em></span> <span class='ocrx_word' id='word_1_380' title='bbox 1957 2131 2040 2176; x_wconf 82' lang='grc' dir='ltr'><em>καὶ.</em></span> 
     </span>
     <span class='ocr_line' id='line_1_64' title="bbox 1193 2188 2040 2259; baseline -0.001 -25"><span class='ocrx_word' id='word_1_381' title='bbox 1193 2188 1246 2234; x_wconf 85' lang='grc' dir='ltr'><em>τὸ</em></span> <span class='ocrx_word' id='word_1_382' title='bbox 1269 2205 1467 2246; x_wconf 88' lang='grc' dir='ltr'><em>απειρον</em></span> <span class='ocrx_word' id='word_1_383' title='bbox 1484 2188 1746 2259; x_wconf 82' lang='grc' dir='ltr'><em>παρέσχετο</em></span> <span class='ocrx_word' id='word_1_384' title='bbox 1768 2189 1898 2257; x_wconf 80' lang='grc' dir='ltr'><em>γένη,</em></span> <span class='ocrx_word' id='word_1_385' title='bbox 1915 2205 2040 2256; x_wconf 86' lang='grc' dir='ltr'><em>ομως</em></span> 
     </span>
     <span class='ocr_line' id='line_1_65' title="bbox 1194 2242 2037 2320; baseline -0.001 -30"><span class='ocrx_word' id='word_1_386' title='bbox 1194 2242 1243 2290; x_wconf 88' lang='grc' dir='ltr'><em>δ’</em></span> <span class='ocrx_word' id='word_1_387' title='bbox 1268 2243 1716 2320; x_wconf 76' lang='grc' dir='ltr'><em>ἐπισφραγισθέντα</em></span> <span class='ocrx_word' id='word_1_388' title='bbox 1733 2248 1799 2317; x_wconf 84' lang='grc' dir='ltr'><em>τῷ</em></span> <span class='ocrx_word' id='word_1_389' title='bbox 1814 2247 1898 2290; x_wconf 83' lang='grc' dir='ltr'><em>τοῦ</em></span> <span class='ocrx_word' id='word_1_390' title='bbox 1921 2246 2037 2313; x_wconf 83' lang='grc' dir='ltr'><em>μᾶλ-</em></span> 
     </span>
     <span class='ocr_line' id='line_1_66' title="bbox 1195 2295 2037 2361; baseline -0.002 -13"><span class='ocrx_word' id='word_1_391' title='bbox 1195 2307 1279 2348; x_wconf 87' lang='grc' dir='ltr'><em>λον</em></span> <span class='ocrx_word' id='word_1_392' title='bbox 1300 2303 1384 2347; x_wconf 82' lang='grc' dir='ltr'><em>καὶ</em></span> <span class='ocrx_word' id='word_1_393' title='bbox 1406 2299 1629 2348; x_wconf 81' lang='grc' dir='ltr'><em>ἐναντίου</em></span> <span class='ocrx_word' id='word_1_394' title='bbox 1646 2295 1776 2361; x_wconf 81' lang='grc' dir='ltr'><em>γένει’</em></span> <span class='ocrx_word' id='word_1_395' title='bbox 1787 2300 1842 2347; x_wconf 78' lang='grc' dir='ltr'><em>ἓν</em></span> <span class='ocrx_word' id='word_1_396' title='bbox 1864 2298 2037 2358; x_wconf 83' lang='grc' dir='ltr'><em>ἐφάνη.</em></span> 
     </span>
    </p>

    <p class='ocr_par' dir='ltr' id='par_1_23' title="bbox 1192 2353 2041 2940">
     <span class='ocr_line' id='line_1_67' title="bbox 1249 2353 2041 2428; baseline -0.001 -24.999"><span class='ocrx_word' id='word_1_397' title='bbox 1249 2355 1575 2428; x_wconf 82' lang='grc' dir='ltr'><em>ἐρωτῶντες</em></span> <span class='ocrx_word' id='word_1_398' title='bbox 1596 2359 1696 2403; x_wconf 78' lang='grc' dir='ltr'><em>καὶ</em></span> <span class='ocrx_word' id='word_1_399' title='bbox 1716 2384 1771 2391; x_wconf 89' lang='grc'>-</span> <span class='ocrx_word' id='word_1_400' title='bbox 1794 2353 2041 2427; x_wconf 72' lang='grc' dir='ltr'><em>ἀποκρι-</em></span> 
     </span>
     <span class='ocr_line' id='line_1_68' title="bbox 1194 2406 2040 2490; baseline -0.002 -29"><span class='ocrx_word' id='word_1_401' title='bbox 1194 2413 1449 2484; x_wconf 84' lang='grc' dir='ltr'><em>νόμενοι]</em></span> <span class='ocrx_word' id='word_1_402' title='bbox 1491 2420 1535 2461; x_wconf 90' lang='grc' dir='ltr'><em>Ρ.</em></span> <span class='ocrx_word' id='word_1_403' title='bbox 1558 2419 1611 2460; x_wconf 83' lang='grc'><em>78</em></span> <span class='ocrx_word' id='word_1_404' title='bbox 1633 2418 1667 2458; x_wconf 94' lang='lat' dir='ltr'>D</span> <span class='ocrx_word' id='word_1_405' title='bbox 1702 2413 1738 2490; x_wconf 82' lang='grc' dir='ltr'>ἡ</span> <span class='ocrx_word' id='word_1_406' title='bbox 1770 2411 1935 2471; x_wconf 78' lang='grc' dir='ltr'><em>οὐσία,</em></span> <span class='ocrx_word' id='word_1_407' title='bbox 1979 2406 2040 2471; x_wconf 78' lang='grc' dir='ltr'><em>ἧς</em></span> 
     </span>
     <span class='ocr_line' id='line_1_69' title="bbox 1194 2467 2036 2546; baseline -0.002 -29"><span class='ocrx_word' id='word_1_408' title='bbox 1194 2469 1334 2530; x_wconf 82' lang='grc' dir='ltr'><em>λόγον</em></span> <span class='ocrx_word' id='word_1_409' title='bbox 1355 2474 1561 2546; x_wconf 87' lang='grc' dir='ltr'><em>δίδομεν</em></span> <span class='ocrx_word' id='word_1_410' title='bbox 1574 2473 1659 2516; x_wconf 82' lang='grc' dir='ltr'><em>τοῦ</em></span> <span class='ocrx_word' id='word_1_411' title='bbox 1676 2470 1801 2517; x_wconf 83' lang='grc' dir='ltr'><em>εἶναι</em></span> <span class='ocrx_word' id='word_1_412' title='bbox 1821 2471 1905 2516; x_wconf 82' lang='grc' dir='ltr'><em>καὶ</em></span> <span class='ocrx_word' id='word_1_413' title='bbox 1926 2467 2036 2528; x_wconf 78' lang='grc' dir='ltr'><em>ἐρω-</em></span> 
     </span>
     <span class='ocr_line' id='line_1_70' title="bbox 1195 2524 2034 2585; baseline -0.005 -11"><span class='ocrx_word' id='word_1_414' title='bbox 1195 2531 1367 2580; x_wconf 82' lang='grc' dir='ltr'><em>τῶντες</em></span> <span class='ocrx_word' id='word_1_415' title='bbox 1406 2529 1491 2573; x_wconf 82' lang='grc' dir='ltr'><em>καὶ</em></span> <span class='ocrx_word' id='word_1_416' title='bbox 1531 2524 1915 2585; x_wconf 82' lang='grc' dir='ltr'><em>οἷποκρινόμενοι,</em></span> <span class='ocrx_word' id='word_1_417' title='bbox 1945 2532 1973 2571; x_wconf 94' lang='lat' dir='ltr'><em>i.</em></span> <span class='ocrx_word' id='word_1_418' title='bbox 1998 2544 2034 2573; x_wconf 83' lang='grc'><em>3.</em></span> 
     </span>
     <span class='ocr_line' id='line_1_71' title="bbox 1196 2582 2036 2658; baseline -0.005 -28"><span class='ocrx_word' id='word_1_419' title='bbox 1196 2582 1544 2658; x_wconf 86' lang='grc' dir='ltr'><em>διαλεγόμενοι.</em></span> <span class='ocrx_word' id='word_1_420' title='bbox 1591 2588 1763 2628; x_wconf 79' lang='lat' dir='ltr'>Theaet.</span> <span class='ocrx_word' id='word_1_421' title='bbox 1805 2601 1846 2652; x_wconf 91' lang='lat' dir='ltr'>p.</span> <span class='ocrx_word' id='word_1_422' title='bbox 1891 2589 1971 2629; x_wconf 85' lang='grc'><em>168</em></span> <span class='ocrx_word' id='word_1_423' title='bbox 2000 2586 2036 2626; x_wconf 91' lang='lat' dir='ltr'>D</span> 
     </span>
     <span class='ocr_line' id='line_1_72' title="bbox 1196 2637 2038 2713; baseline -0.001 -27"><span class='ocrx_word' id='word_1_424' title='bbox 1196 2639 1275 2713; x_wconf 75' lang='grc' dir='ltr'><em>ἐμε</em></span> <span class='ocrx_word' id='word_1_425' title='bbox 1303 2642 1387 2686; x_wconf 83' lang='grc' dir='ltr'><em>καὶ</em></span> <span class='ocrx_word' id='word_1_426' title='bbox 1417 2640 1467 2686; x_wconf 86' lang='grc' dir='ltr'><em>σε</em></span> <span class='ocrx_word' id='word_1_427' title='bbox 1497 2643 1578 2686; x_wconf 86' lang='grc' dir='ltr'><em>δεῖ</em></span> <span class='ocrx_word' id='word_1_428' title='bbox 1595 2637 1862 2708; x_wconf 82' lang='grc' dir='ltr'><em>ἐρωτῶντάς</em></span> <span class='ocrx_word' id='word_1_429' title='bbox 1883 2656 1933 2684; x_wconf 89' lang='grc' dir='ltr'><em>τε</em></span> <span class='ocrx_word' id='word_1_430' title='bbox 1954 2640 2038 2685; x_wconf 81' lang='grc' dir='ltr'><em>καὶ</em></span> 
     </span>
     <span class='ocr_line' id='line_1_73' title="bbox 1194 2693 2038 2810; baseline -0.001 -12"><span class='ocrx_word' id='word_1_431' title='bbox 1194 2693 1862 2810; x_wconf 54' lang='grc' dir='ltr'><em>ἔὲἒέῗινέἕῗέἕυῖηῖῒλητέοἰς</em></span> <span class='ocrx_word' id='word_1_432' title='bbox 1881 2711 2038 2810; x_wconf 56' lang='lat' dir='ltr'><em>{³0⁷}ssssss</em></span> 
     </span>
     <span class='ocr_line' id='line_1_74' title="bbox 1196 2813 2035 2867; baseline 0 -13"><span class='ocrx_word' id='word_1_433' title='bbox 1196 2814 1352 2854; x_wconf 73' lang='lat' dir='ltr'>Ciiton.</span> <span class='ocrx_word' id='word_1_434' title='bbox 1393 2827 1435 2867; x_wconf 93' lang='lat' dir='ltr'>p.</span> <span class='ocrx_word' id='word_1_435' title='bbox 1466 2815 1519 2854; x_wconf 84' lang='lat'>50</span> <span class='ocrx_word' id='word_1_436' title='bbox 1543 2814 1588 2856; x_wconf 86' lang='lat' dir='ltr'><em>C.</em></span> <span class='ocrx_word' id='word_1_437' title='bbox 1639 2813 1767 2854; x_wconf 83' lang='lat' dir='ltr'>Laeh.</span> <span class='ocrx_word' id='word_1_438' title='bbox 1798 2824 1851 2866; x_wconf 89' lang='lat' dir='ltr'><em>·.p</em></span> <span class='ocrx_word' id='word_1_439' title='bbox 1886 2814 1965 2854; x_wconf 82' lang='lat'><em>187</em></span> <span class='ocrx_word' id='word_1_440' title='bbox 1990 2814 2035 2855; x_wconf 90' lang='lat' dir='ltr'><em>C.</em></span> 
     </span>
     <span class='ocr_line' id='line_1_75' title="bbox 1192 2870 1737 2940; baseline 0 -31"><span class='ocrx_word' id='word_1_441' title='bbox 1192 2870 1254 2909; x_wconf 80' lang='lat' dir='ltr'><em>De</em></span> <span class='ocrx_word' id='word_1_442' title='bbox 1275 2871 1379 2940; x_wconf 78' lang='lat' dir='ltr'>Rep.</span> <span class='ocrx_word' id='word_1_443' title='bbox 1404 2871 1496 2912; x_wconf 55' lang='lat'><em>&amp;11</em></span> <span class='ocrx_word' id='word_1_444' title='bbox 1519 2883 1561 2935; x_wconf 88' lang='lat' dir='ltr'><em>p.</em></span> <span class='ocrx_word' id='word_1_445' title='bbox 1585 2870 1737 2912; x_wconf 85' lang='lat' dir='ltr'>534D.</span> 
     </span>
    </p>

    <p class='ocr_par' dir='ltr' id='par_1_24' title="bbox 1186 2918 2036 3545">
     <span class='ocr_line' id='line_1_76' title="bbox 1249 2918 2036 2980; baseline 0 -13"><span class='ocrx_word' id='word_1_446' title='bbox 1249 2928 1359 2967; x_wconf 88' lang='grc' dir='ltr'><em>Και</em></span> <span class='ocrx_word' id='word_1_447' title='bbox 1390 2922 1573 2980; x_wconf 85' lang='grc' dir='ltr'><em>εἰμεν</em></span> <span class='ocrx_word' id='word_1_448' title='bbox 1601 2939 1660 2980; x_wconf 81' lang='grc' dir='ltr'><em>γε</em></span> <span class='ocrx_word' id='word_1_449' title='bbox 1683 2918 2036 2978; x_wconf 86' lang='grc' dir='ltr'><em>λαβόντες-</em></span> 
     </span>
     <span class='ocr_line' id='line_1_77' title="bbox 1195 2978 2034 3048; baseline 0 -24"><span class='ocrx_word' id='word_1_450' title='bbox 1195 2978 1440 3047; x_wconf 83' lang='grc' dir='ltr'><em>εἰδέναι]</em></span> <span class='ocrx_word' id='word_1_451' title='bbox 1489 2983 1661 3023; x_wconf 72' lang='lat' dir='ltr'>Dixeiat</span> <span class='ocrx_word' id='word_1_452' title='bbox 1677 2995 1843 3048; x_wconf 81' lang='lat' dir='ltr'>supra:</span> <span class='ocrx_word' id='word_1_453' title='bbox 1877 2979 1921 3024; x_wconf 82' lang='grc' dir='ltr'><em>εἰ</em></span> <span class='ocrx_word' id='word_1_454' title='bbox 1953 2983 2034 3024; x_wconf 84' lang='grc' dir='ltr'><em>λα-</em></span> 
     </span>
     <span class='ocr_line' id='line_1_78' title="bbox 1193 3033 2035 3106; baseline 0 -26"><span class='ocrx_word' id='word_1_455' title='bbox 1193 3033 1357 3103; x_wconf 85' lang='grc' dir='ltr'><em>βόντες</em></span> <span class='ocrx_word' id='word_1_456' title='bbox 1408 3034 1588 3106; x_wconf 84' lang='grc' dir='ltr'><em>ταύτην</em></span> <span class='ocrx_word' id='word_1_457' title='bbox 1636 3054 1661 3080; x_wconf 88' lang='grc' dir='ltr'><em>τ</em></span> <span class='ocrx_word' id='word_1_458' title='bbox 1697 3054 1724 3081; x_wconf 86' lang='grc' dir='ltr'><em>ν</em></span> <span class='ocrx_word' id='word_1_459' title='bbox 1771 3033 1939 3081; x_wconf 80' lang='grc' dir='ltr'><em>ἐπιστ’</em></span> <span class='ocrx_word' id='word_1_460' title='bbox 1975 3053 2035 3093; x_wconf 87' lang='grc' dir='ltr'><em>ην</em></span> 
     </span>
     <span class='ocr_line' id='line_1_79' title="bbox 1192 3089 2034 3161; baseline 0.001 -25"><span class='ocrx_word' id='word_1_461' title='bbox 1192 3089 1282 3161; x_wconf 86' lang='grc' dir='ltr'><em>πρὸ</em></span> <span class='ocrx_word' id='word_1_462' title='bbox 1307 3094 1390 3137; x_wconf 82' lang='grc' dir='ltr'><em>τοῦ</em></span> <span class='ocrx_word' id='word_1_463' title='bbox 1413 3092 1662 3161; x_wconf 76' lang='grc' dir='ltr'><em>γενέσθαι</em></span> <span class='ocrx_word' id='word_1_464' title='bbox 1685 3092 1897 3150; x_wconf 87' lang='grc' dir='ltr'><em>χοντες</em></span> <span class='ocrx_word' id='word_1_465' title='bbox 1952 3108 2034 3150; x_wconf 79' lang='grc' dir='ltr'><em>γε·</em></span> 
     </span>
     <span class='ocr_line' id='line_1_80' title="bbox 1193 3146 2034 3219; baseline 0 -27"><span class='ocrx_word' id='word_1_466' title='bbox 1193 3166 1220 3193; x_wconf 86' lang='grc' dir='ltr'><em>ν</em></span> <span class='ocrx_word' id='word_1_467' title='bbox 1234 3146 1258 3192; x_wconf 88' lang='grc' dir='ltr'><em>ό</em></span> <span class='ocrx_word' id='word_1_468' title='bbox 1269 3166 1300 3218; x_wconf 88' lang='grc' dir='ltr'><em>μ</em></span> <span class='ocrx_word' id='word_1_469' title='bbox 1314 3154 1381 3194; x_wconf 87' lang='grc' dir='ltr'><em>εθ</em></span> <span class='ocrx_word' id='word_1_470' title='bbox 1394 3166 1450 3206; x_wconf 80' lang='grc' dir='ltr'><em>α,</em></span> <span class='ocrx_word' id='word_1_471' title='bbox 1486 3146 1795 3219; x_wconf 78' lang='grc' dir='ltr'><em>ἠπιστάμεθα</em></span> <span class='ocrx_word' id='word_1_472' title='bbox 1816 3149 1899 3193; x_wconf 80' lang='grc' dir='ltr'><em>καὶ.</em></span> <span class='ocrx_word' id='word_1_473' title='bbox 1921 3149 2034 3206; x_wconf 81' lang='grc' dir='ltr'><em>πρὶν</em></span> 
     </span>
     <span class='ocr_line' id='line_1_81' title="bbox 1186 3185 2030 3263; baseline -0.001 -13"><span class='ocrx_word' id='word_1_474' title='bbox 1186 3205 1417 3263; x_wconf 77' lang='grc' dir='ltr'><em>γενέσθαι</em></span> <span class='ocrx_word' id='word_1_475' title='bbox 1438 3185 1540 3250; x_wconf 82' lang='grc' dir='ltr'><em>καὶ</em></span> <span class='ocrx_word' id='word_1_476' title='bbox 1584 3202 1735 3256; x_wconf 78' lang='grc' dir='ltr'><em>εὐθυς</em></span> <span class='ocrx_word' id='word_1_477' title='bbox 1767 3202 2030 3262; x_wconf 81' lang='grc' dir='ltr'><em>γενόμενοι.</em></span> 
     </span>
     <span class='ocr_line' id='line_1_82' title="bbox 1187 3266 2030 3318; baseline -0.001 -14"><span class='ocrx_word' id='word_1_478' title='bbox 1187 3267 1321 3315; x_wconf 83' lang='lat' dir='ltr'>Quam</span> <span class='ocrx_word' id='word_1_479' title='bbox 1344 3267 1512 3317; x_wconf 86' lang='lat' dir='ltr'>quidem</span> <span class='ocrx_word' id='word_1_480' title='bbox 1532 3266 1783 3306; x_wconf 81' lang='lat' dir='ltr'>sententiam</span> <span class='ocrx_word' id='word_1_481' title='bbox 1803 3277 1914 3305; x_wconf 82' lang='lat' dir='ltr'>nuno</span> <span class='ocrx_word' id='word_1_482' title='bbox 1935 3278 2030 3318; x_wconf 85' lang='lat' dir='ltr'>per-</span> 
     </span>
     <span class='ocr_line' id='line_1_83' title="bbox 1186 3322 2028 3375; baseline -0.004 -12"><span class='ocrx_word' id='word_1_483' title='bbox 1186 3323 1379 3372; x_wconf 81' lang='lat' dir='ltr'>sequitm</span> <span class='ocrx_word' id='word_1_484' title='bbox 1421 3323 1677 3375; x_wconf 74' lang='lat' dir='ltr'>diligentius.</span> <span class='ocrx_word' id='word_1_485' title='bbox 1755 3322 1808 3361; x_wconf 87' lang='lat' dir='ltr'><em>Et</em></span> <span class='ocrx_word' id='word_1_486' title='bbox 1853 3322 2028 3362; x_wconf 85' lang='lat' dir='ltr'>alterurn</span> 
     </span>
     <span class='ocr_line' id='line_1_84' title="bbox 1187 3379 2032 3431; baseline -0.002 -12"><span class='ocrx_word' id='word_1_487' title='bbox 1187 3379 1357 3431; x_wconf 80' lang='lat' dir='ltr'>quidem</span> <span class='ocrx_word' id='word_1_488' title='bbox 1387 3379 1511 3429; x_wconf 87' lang='lat' dir='ltr'>illud,</span> <span class='ocrx_word' id='word_1_489' title='bbox 1540 3379 1677 3431; x_wconf 87' lang='lat' dir='ltr'>quod,</span> <span class='ocrx_word' id='word_1_490' title='bbox 1707 3384 1930 3430; x_wconf 82' lang='lat' dir='ltr'>antequam</span> <span class='ocrx_word' id='word_1_491' title='bbox 1960 3390 2032 3417; x_wconf 82' lang='grc'><strong>113-</strong></span> 
     </span>
     <span class='ocr_line' id='line_1_85' title="bbox 1187 3435 2031 3485; baseline -0.002 -9"><span class='ocrx_word' id='word_1_492' title='bbox 1187 3443 1378 3485; x_wconf 77' lang='lat' dir='ltr'>scamur,</span> <span class='ocrx_word' id='word_1_493' title='bbox 1408 3436 1600 3477; x_wconf 86' lang='lat' dir='ltr'>idearum</span> <span class='ocrx_word' id='word_1_494' title='bbox 1628 3435 1783 3475; x_wconf 79' lang='lat' dir='ltr'>habere</span> <span class='ocrx_word' id='word_1_495' title='bbox 1811 3435 2031 3475; x_wconf 82' lang='lat' dir='ltr'>videamur</span> 
     </span>
     <span class='ocr_line' id='line_1_86' title="bbox 1189 3491 2034 3545; baseline -0.004 -11"><span class='ocrx_word' id='word_1_496' title='bbox 1189 3494 1490 3545; x_wconf 84' lang='lat' dir='ltr'>cognitionem,</span> <span class='ocrx_word' id='word_1_497' title='bbox 1520 3492 1660 3532; x_wconf 85' lang='lat' dir='ltr'>denuo</span> <span class='ocrx_word' id='word_1_498' title='bbox 1682 3491 1850 3544; x_wconf 77' lang='lat' dir='ltr'><em>attingit</em></span> <span class='ocrx_word' id='word_1_499' title='bbox 1872 3491 2034 3532; x_wconf 78' lang='lat' dir='ltr'>verbis:</span> 
     </span>
    </p>
   </div>
  </div>
 </body>
</html>
