2158 3718
266 129 334 182 26
900 132 1390 183 PROLE'GOMENA

408 275 639 325 Videntur
666 276 779 340 quid
807 277 878 325 rei
907 277 968 326 sit
995 276 1186 326 duobus
1213 276 1372 326 verbis
1399 292 1543 342 posse
1570 277 1858 340 significare.
1882 278 2037 342 ‘Agi-

269 351 364 395 tur
416 348 572 396 enim
625 354 838 395 nostro
902 347 1144 395 iudicio
1194 363 1373 396 causa
1437 347 1930 398 immortalitatis
1978 350 2038 397 in

268 417 596 466 Phaedone
624 433 740 465 non
767 418 945 466 modo
974 415 1335 475 dialectice,
1379 419 1567 468 sicuti
1601 417 1780 482 vulgo
1817 419 2038 468 existi-

267 495 489 536 matum
534 493 646 543 est,
687 503 891 536 verum
939 489 1118 536 etiam
1159 488 1384 538 ethice.
1460 488 1651 553 Quippe
1698 488 2039 539 dialectice

265 556 345 606 illa
386 557 663 606 defenditur
708 575 792 613 eo,
831 558 962 620 quod
990 564 1279 621 argumenta
1316 575 1374 608 ex
1401 560 1548 608 animi
1573 565 1746 608 natura
1773 561 1920 622 petita
1948 575 2040 624 pro

265 627 345 676 illa
397 629 682 678 afferuntur.
747 628 964 676 Ethice
1015 635 1175 677 autem
1226 628 1306 677 illa
1359 635 1622 687 tractatu-r,
1676 636 1917 694 quatenus
1966 629 2041 679 vel

267 698 492 762 exemplo
530 705 576 746 et
612 697 831 747 moribus
866 698 1082 747 Socratis
1126 698 1196 747 vel
1247 700 1389 748 etiam
1436 702 1710 764 praeceptis
1754 701 1944 748 virtutis
1994 705 2041 748 et

265 770 535 832 sapientiae
571 768 630 816 ab
670 784 725 817 eo
761 769 841 817 hic
881 775 927 818 et
961 769 1060 818 illic
1095 771 1359 833 propositis
1410 770 1613 819 docetur
1661 772 1848 820 virtutis
1895 776 2040 833 atque

266 840 481 888 veritatis
519 840 829 903 quaerendae
866 846 1010 903 atque
1048 840 1391 905 adipiscendae
1437 841 1740 904 disciplinam
1788 841 2038 906 haudqua-

266 925 409 974 quam
448 925 591 974 posse
631 911 923 967 consistere,
964 912 1056 960 nisi
1083 912 1270 959 animos
1297 911 1599 961 immortales
1627 927 1734 961 esse
1761 911 1903 961 nobis
1928 927 2040 976 per-

264 981 570 1030 suadeamus,
624 981 684 1029 Et
710 981 770 1029 de
797 980 1064 1031 dialecticis
1091 982 1287 1046 quidem
1316 982 1727 1047 disputationibus
1753 982 1813 1031 ad
1839 983 2040 1032 immor-

265 1050 496 1100 talitatem
549 1051 854 1115 probandam
905 1053 1232 1102 accomodatis
1273 1060 1441 1117 postea
1487 1053 1677 1102 dicetur
1721 1053 2039 1118 explanatius,

263 1122 432 1187 Itaque
458 1122 552 1170 hoc
577 1122 685 1171 loco
722 1123 767 1171 id
797 1138 948 1171 unum
985 1124 1229 1187 agendum
1257 1124 1459 1182 videtur,
1490 1131 1543 1173 ut
1577 1131 1817 1188 quatenus
1851 1121 2040 1188 reliqua

267 1193 438 1241 eodem
467 1194 671 1249 faciant,
700 1192 912 1243 breviter
939 1195 1240 1243 ostendatur.

406 1265 543 1313 Facit
568 1270 729 1313 autem
766 1264 861 1312 huc
888 1271 999 1314 ante
1025 1266 1187 1314 omnia
1216 1266 1431 1314 Socratis
1468 1266 1722 1315 morientis
1758 1266 2038 1329 descripti0,

267 1335 317 1385 in
342 1350 438 1398 quo
466 1342 714 1397 tamquam
744 1336 847 1383 viva
890 1336 1128 1398 quaedam
1166 1337 1327 1399 imago
1364 1337 1595 1400 sapientis
1623 1351 1851 1400 expressa
1880 1337 2040 1386 cerni-

266 1412 369 1459 tur,
417 1406 498 1470 qui
542 1421 640 1454 non
686 1406 831 1454 modo
874 1412 1039 1455 mente
1082 1412 1126 1455 et
1180 1406 1532 1469 intellegentia,
1572 1407 1658 1456 sed
1697 1408 1839 1456 etiam
1877 1408 2040 1456 animo

268 1483 413 1540 atque
449 1483 650 1540 pectore
676 1491 814 1540 spem
851 1476 1232 1525 immortalitatis
1259 1478 1379 1526 adeo
1408 1479 1612 1526 firmiter
1640 1479 1948 1542 conceperit,
1988 1483 2040 1526 ut

265 1548 418 1610 ipsius
446 1547 669 1610 exemplo
699 1546 840 1596 facile
868 1553 1208 1609 cognoscatur,
1232 1553 1466 1612 quantum
1497 1548 1746 1598 divinioris
1772 1549 1900 1598 vitae
1929 1563 2042 1613 spes

266 1623 314 1665 et
339 1617 514 1666 fiducia
542 1633 641 1666 non
670 1617 814 1666 modo
841 1618 899 1666 ad
928 1617 1055 1668 hene
1082 1619 1365 1677 vivendum,
1404 1619 1488 1669 sed
1523 1621 1668 1668 etiam
1696 1619 1756 1668 ad
1782 1618 1910 1668 bene
1935 1635 2040 1668 mo·

266 1687 493 1737 riendum
532 1688 699 1738 valeat.
750 1689 858 1737 Huc
896 1690 1025 1737 enim
1052 1691 1288 1753 pertinet,
1328 1690 1459 1754 quod
1487 1690 1713 1739 Socrates
1738 1691 1781 1738 is
1805 1689 2041 1738 informa-

267 1766 369 1815 tur,
399 1759 480 1822 qui
507 1765 642 1809 recte
670 1759 912 1808 factorum
941 1761 1236 1809 conscientia
1264 1766 1562 1810 sustentatus
1589 1768 1735 1825 atque
1774 1762 2042 1826 sapientiae

267 1829 516 1892 disciplina
554 1829 612 1878 ad
652 1845 789 1894 spem
829 1831 1021 1880 futurae
1056 1837 1167 1896 post
1203 1838 1408 1880 mortem
1449 1832 1691 1881 beatitatis
1719 1837 1912 1881 erectus
1934 1846 2041 1880 mo-

267 1900 426 1949 riendi
453 1901 792 1949 necessitatem
830 1902 1027 1950 iamiam
1063 1903 1396 1951 imminentem
1427 1918 1525 1952 non
1552 1902 1700 1952 modo
1728 1917 1826 1951 non
1853 1902 2038 1959 horret,

267 1971 352 2020 sed
382 1972 525 2020 etiam
553 1971 680 2020 laeto
709 1987 766 2020 ac
791 1971 1052 2037 tranquillo
1080 1974 1240 2022 animo
1269 1980 1544 2037 exspectat,
1580 1980 1634 2022 ut
1667 1973 1790 2023 adeo
1818 1972 2042 2037 lugentes

267 2043 449 2092 amicos
477 2050 696 2091 amanter
724 2042 1005 2092 consoletur
1033 2051 1178 2109 atque
1203 2045 1331 2093 inter
1359 2060 1527 2094 omnes
1556 2059 1680 2093 unus
1707 2046 1790 2101 sit,
1820 2045 1903 2109 qui
1928 2059 2040 2108 per-

268 2119 415 2176 petuo
452 2119 647 2162 tueatur
683 2115 833 2162 animi
870 2116 1192 2163 constantiam
1221 2131 1276 2163 ac
1302 2115 1654 2164 for-titudinem.
1706 2115 1814 2164 Huc
1838 2119 2040 2179 spectat,

268 2184 398 2247 quod
426 2199 579 2248 aequa
608 2191 771 2233 mente
798 2200 978 2234 uxores
1004 2201 1060 2233 ac
1085 2185 1294 2244 liberos,
1333 2186 1445 2234 dum
1476 2201 1730 2236 sermones
1756 2186 1815 2235 de
1841 2186 2042 2234 immor-

269 2253 450 2304 talitate
477 2256 789 2304 instituturus
816 2263 912 2312 est,
942 2256 1196 2306 discedere
1222 2256 1378 2313 iubet,
1408 2273 1469 2306 ne
1496 2256 1709 2321 querelis
1736 2262 1783 2306 et
1806 2256 2042 2307 lamenta-

267 2325 483 2375 tionibus
534 2341 705 2375 eorum
756 2327 1119 2376 sanctissimum
1172 2328 1265 2377 hoc
1309 2335 1508 2392 tempus
1552 2335 1803 2391 ‘tamquam
1845 2327 2042 2376 vocibus

268 2395 393 2446 male
430 2398 656 2446 omInatis
691 2396 1069 2454 interturbetur,
1114 2399 1342 2463 quodque
1386 2398 1532 2455 lenis,
1581 2400 1733 2455 mitis,
1779 2397 2043 2447 benevolus

268 2483 383 2530 erga
423 2483 594 2517 omnes
631 2476 726 2524 est,
766 2470 847 2531 qui
883 2470 934 2517 in
970 2483 1171 2518 carcere
1204 2476 1489 2533 praesentes
1517 2469 1718 2526 adsunt,
1747 2485 1808 2518 ne
1834 2470 2042 2518 ianitore

269 2538 465 2602 quidem
487 2545 631 2603 atque
653 2540 877 2588 ministro
898 2539 1348 2589 undecimvirorum
1373 2547 1591 2604 excepto,
1616 2541 1699 2604 qui
1726 2540 1768 2588 ei
1794 2539 2041 2589 letiferum

269 2610 455 2658 cicutae
491 2609 723 2673 poculum
756 2616 1079 2674 porrecturus
1114 2616 1201 2659 est.
1280 2610 1384 2660 Huc
1419 2612 1652 2674 pertinet,
1702 2610 1832 2673 quod
1867 2609 2043 2674 plenus

269 2686 341 2727 est
377 2680 455 2743 pia
495 2694 611 2744 erga
646 2680 764 2728 deos
798 2681 1095 2737 reverentia,
1134 2695 1343 2743 quorum
1383 2680 1616 2729 voluntati
1651 2695 1740 2743 per
1767 2681 1925 2729 omnia
1954 2680 2041 2729 ob·

270 2756 549 2813 temperare
584 2756 843 2814 promptus
880 2755 928 2799 et
964 2756 1160 2813 paratus
1190 2757 1261 2799 est
1286 2766 1506 2815 quosque
1533 2757 1629 2799 tam
1658 2751 1885 2813 religiose
1913 2751 2040 2807 colit,

273 2828 324 2868 ut
361 2819 434 2867 vel
470 2821 517 2868 in
556 2827 775 2869 extremo
822 2822 944 2869 vitae
983 2822 1191 2869 termino
1228 2823 1520 2870 constitutus
1547 2820 1724 2884 gallum
1753 2820 2041 2885 Aesculapio

271 2889 382 2938 olim
426 2897 533 2938 voto
568 2891 864 2953 promissum
893 2890 1135 2939 immolari
1171 2891 1336 2940 iubeat
1362 2899 1408 2940 et
1434 2893 1482 2939 in
1512 2907 1764 2940 carcerem
1792 2893 2042 2952 coniectus

269 2967 493 3026 poemata
519 2967 722 3025 pangat,
753 2962 792 3008 si
819 2962 945 3009 forte
971 2964 1188 3011 animum
1217 2963 1306 3010 isto
1336 2963 1480 3011 modo
1519 2962 1754 3024 religione
1782 2963 1935 3027 possit
1960 2978 2041 3011 ex-

269 3031 473 3080 solvere.
547 3032 653 3080 Huc
689 3031 899 3095 denique
936 3033 1193 3081 referenda
1233 3040 1305 3081 est
1341 3039 1535 3096 praeter
1571 3032 1662 3081 alia
1701 3032 1847 3082 multa
1899 3034 2039 3083 etiam

270 3101 569 3151 admirabilis
600 3101 679 3150 illa
718 3104 868 3151 animi
903 3104 1140 3153 serenitas
1182 3110 1228 3151 et
1262 3103 1605 3169 tranquillitaS,
1652 3118 1745 3167 qua
1792 3109 2041 3165 postremo

272 3180 482 3222 mortem
510 3174 574 3221 ita
603 3174 809 3238 oppetit,
841 3181 890 3221 ut
916 3189 1024 3223 sese
1053 3189 1162 3223 cum
1191 3174 1280 3223 diis
1316 3174 1420 3223 fore
1449 3175 1834 3223 coniunctiorem
1863 3174 2039 3238 planis·

269 3244 391 3292 sime
418 3252 582 3306 speret
609 3249 656 3292 et
682 3243 906 3292 confidat.

414 3315 482 3362 Ex
512 3315 585 3362 his
612 3313 839 3363 omnihus
866 3330 980 3364 vero
1008 3316 1114 3379 quis
1143 3321 1234 3371 est,
1265 3316 1382 3380 quin
1409 3322 1646 3380 protenus
1673 3314 2038 3371 animadvertat,

271 3390 507 3450 quantum
546 3385 775 3448 praesidii
818 3386 921 3448 spei
957 3385 1331 3435 immortalitatis
1377 3386 1598 3440 accedat,
1646 3384 2039 3449 quandoquidem

270 3457 362 3506 isto
413 3461 554 3520 pacto
604 3457 839 3504 interiore
883 3457 1021 3520 quasi
1065 3458 1226 3505 animo
1271 3458 1506 3505 sentimus
1548 3456 1810 3505 humanam
1853 3455 2039 3504 vivendi
