2158 3718
249 109 362 167 290

983 80 1307 157 mrmms

255 253 335 317 εἰς
370 252 547 307 τόπον
583 235 761 322 μέγᾶν
792 253 932 322 πυρὶ
967 251 1159 321 πολλῷ
1186 238 1485 320 καόμενον,
1524 252 1618 304 καὶ
1656 253 1860 320 λίμνην
1896 260 2054 308 ποιεῖ

255 339 418 408 μείζω
466 340 565 411 τῆς
609 335 744 406 παρ’
782 333 918 406 ἡμῖν
963 333 1246 402 θαλάττης
1290 335 1524 400 ζέουσαν
1561 333 1768 398 ὕδατος
1803 337 1899 389 καὶ
1935 354 2043 406 πη-

188 440 225 480 Β
255 425 385 476 λοῦ·
455 423 728 476 ἐντεῦθεν
777 421 839 474 δὲ
887 426 1062 488 χωρεῖ
1101 418 1293 489 κύκλῳ
1339 418 1580 489 θολερὸς
1633 421 1726 472 καὶ
1763 420 2043 489 πηλώδης,

258 506 742 576 περιελιττόμενος
779 504 841 557 δὲ
878 506 946 573 ’τῇ
983 506 1056 573 γῇ
1096 500 1306 556 ἄλλοσέ
1336 522 1398 556 τε
1435 501 1753 572 ἀφικνεῖται
1788 504 1883 557 καὶ
1907 502 2045 573 παρ’

358 673 417 721 Ῥ.
443 679 538 720 113.
577 667 895 740 noeoffisvov]
917 675 1034 716 Libri
1070 667 1344 729 καιόμενον,
1374 684 1420 715 ut
1451 676 1596 717 scribit
1624 676 1748 716 etiam
1775 676 1916 716 Herm.
1959 674 2048 716 Sea

258 734 387 774 iidem
409 747 454 787 p.
478 734 558 774 115
579 733 613 774 Ε
633 744 875 785 καομενον
896 730 1162 773 confirmant.
1186 731 1239 772 cf.
1263 731 1454 773 Pierson.
1476 733 1531 772 ad
1551 731 1682 774 Moer.
1705 745 1748 785 p.
1771 733 1868 775 231.

371 803 420 846 Β.
452 802 516 856 τῇ
539 800 624 857 γῇ]
649 815 733 843 om.
755 802 912 843 Euseb.
938 807 977 842 et
998 801 1249 843 Theodoret.
1273 795 1362 854 τὴν
1383 800 1474 856 »γῆν
1498 801 1622 842 Coisl.
1643 802 1738 846 Par.
1761 801 1797 843 G
1816 802 1928 844 Flor.
1947 802 1992 842 d.

317 957 418 1012 τῆς
446 949 578 1010 παρ’
608 951 747 1012 ἡμῖν
787 948 1107 1011 θαλάττης]
1140 1006 1146 1009 ,

256 1016 286 1056 i.
310 1027 346 1055 e.
382 1015 516 1055 'mari
558 1016 786 1063 interno,
830 1015 945 1066 quod
979 1015 1109 1066 vulgo

258 1072 715 1113 mediterraneum
755 1070 984 1123 appellant.
1047 1070 1111 1109 De

259 1128 462 1182 genetivo
503 1118 683 1174 ὕδατος
731 1124 816 1167 καὶ
863 1125 1020 1180 πηλοῦ
1071 1139 1110 1165 V.

259 1183 516 1226 Matthiae
539 1183 578 1234 ἓ.
602 1185 700 1225 375.
723 1194 821 1226 ann.
847 1184 887 1233 2,
919 1183 1110 1234 quicum

263 1254 317 1282 ex
340 1240 512 1294 λίμνην
536 1252 796 1293 suspensum
820 1251 915 1280 esse
936 1244 1070 1291 putat.

317 1297 366 1341 Β.
396 1288 914 1349 περιελιττόμενος
946 1290 1006 1336 δὲ
1044 1292 1108 1348 τῇ

261 1352 330 1409 γῇ
360 1344 567 1395 ἄλλοσέ
597 1365 655 1394 τε
683 1350 758 1407 -]
801 1353 936 1392 Abest
965 1349 1021 1405 τῇ
1052 1349 1111 1405 γῇ

261 1413 307 1451 in
327 1410 446 1451 libris
467 1409 720 1461 quibusdam
736 1408 908 1449 Eusebii
925 1406 1113 1447 etTheo-

263 1466 413 1509 doreti.
460 1466 514 1506 Et
549 1466 686 1506 omitti
712 1464 820 1505 illud
854 1464 946 1504 vult
986 1465 1111 1503 etiam

261 1521 559 1576 Heindorf„
580 1522 782 1573 quoniam
803 1532 888 1561 non
910 1521 963 1560 de
983 1520 1112 1560 fluvio

263 1586 485 1621 externam
512 1585 669 1618 terram
699 1578 910 1618 ambiente
945 1582 1111 1630 agatur,

263 1637 343 1678 sed
378 1636 431 1676 de
465 1640 609 1675 meatu
637 1635 783 1675 subter
814 1641 967 1673 terram
997 1634 1112 1685 cogi-

261 1693 441 1735 tandum
481 1693 549 1732 sit.
596 1688 800 1742 Alioquin
841 1690 1012 1729 criticus
1053 1689 1115 1728 le-

263 1749 450 1805 gendum
480 1747 572 1788 sore
593 1753 740 1787 censet
766 1744 852 1799 τῆς
872 1744 975 1800 γῆς,
1003 1745 1118 1795 quod

266 1819 321 1846 ex
348 1796 520 1846 ἄλλοσε
549 1803 754 1857 pendeat:
799 1810 848 1842 et
886 1803 939 1842 in
979 1802 1115 1842 alias

264 1870 442 1902 terrae
483 1868 680 1913 partes.
738 1857 814 1899 Cui
852 1858 1009 1899 iudicio
1051 1870 1116 1898 as-

265 1918 383 1959 sensi
412 1925 512 1958 sunt
531 1916 741 1967 Aetius,
767 1915 1115 1965 Hermannus,

265 1975 340 2017 alii
367 1986 418 2015 ac
448 1984 526 2014 nos
554 1973 637 2027 ipsi
665 1984 835 2024 quoque
857 1971 957 2012 olim
978 1969 1034 2026 τῇ
1058 1968 1116 2025 γῇ

227 2077 230 2081 .
266 2029 639 2073 exterminandum
677 2029 976 2069 iudicavimus.
1035 2027 1119 2068 De-

264 2088 403 2129 fendit
461 2093 604 2127 tamen
664 2097 800 2139 nuper
847 2083 904 2138 τῇ
954 2082 1013 2138 γῇ
1069 2083 1118 2122 Η.

269 2143 521 2186 Schmidt.
563 2143 666 2184 Krit.
709 2143 944 2183 Comment.
978 2142 1030 2182 ΙΙ.
1073 2153 1116 2193 p.

267 2202 351 2242 112
408 2199 671 2240 contendens
728 2198 948 2238 Platonem
994 2197 1118 2237 etiam

266 2254 716 2311 Pyriphlegethonoem
737 2253 915 2294 finxisse
936 2253 1119 2303 aliquam

270 2320 430 2368 partem
461 2318 601 2352 terrae
630 2310 870 2364 superficiei
901 2321 1121 2363 permeare

267 2370 414 2421 ibique
436 2369 490 2410 ad
505 2368 710 2422 paludem
730 2367 1022 2415 Acherusiam,
1046 2366 1122 2406 sed

271 2438 365 2466 eam
396 2437 627 2479 supernam
665 2431 705 2464 et
740 2436 836 2463 cum
866 2423 1122 2476 cognomine

268 2483 428 2536 palude
455 2481 623 2522 inferna
661 2479 959 2521 cohaerentem
987 2491 1121 2532 prope

269 2539 487 2582 accedere.
528 2537 593 2577 De
615 2549 697 2588 quo
725 2548 802 2576 nos
824 2536 1006 2576 fatemur
1026 2548 1121 2575 cum

275 2596 363 2635 viro
386 2595 509 2635 docto
531 2594 718 2633 maxime
739 2593 979 2634 dissentire.
1015 2592 1120 2631 Nam

272 2651 454 2703 primum
473 2651 642 2700 quidem
666 2649 763 2700 quis
785 2660 944 2700 quaeso
968 2654 1031 2687 est
1054 2648 1125 2698 qul

274 2706 356 2747 sibi
396 2707 653 2758 persuadeat
691 2705 911 2744 Platonem
953 2704 1126 2743 fluvium

271 2761 520 2802 infernalem
552 2762 725 2813 igneum
745 2767 913 2814 praeter
934 2771 1121 2799 commu-

274 2830 370 2859 nem
393 2819 581 2858 omnium
605 2818 847 2870 opinionem
875 2828 969 2855 eum
990 2815 1122 2855 infor-

273 2887 429 2922 masse,
455 2874 525 2926 qui
547 2874 697 2927 partim
721 2874 762 2911 in
786 2872 1020 2925 superioris
1042 2879 1123 2911 ter-

274 2943 348 2972 rae
389 2929 612 2984 superficie
651 2929 870 2968 manaret?
918 2928 1123 2968 Nimirum

273 2987 430 3028 fuisset.
475 2987 556 3027 hoc
604 2991 888 3026 commentum
937 2985 1127 3037 profecto

275 3045 405 3096 longe
445 3043 818 3091 absurdissimum,
875 3042 1125 3094 praesertim

277 3113 377 3140 cum
416 3099 522 3140 illud
563 3100 689 3140 etiam
728 3098 812 3151 ipsi
852 3097 1127 3150 Pyriplrlege-

276 3157 437 3197 thontis
478 3163 653 3196 naturae
702 3155 967 3195 adversetur.
1029 3155 1124 3194 Alia

276 3222 391 3253 certe
412 3213 518 3253 ratio
543 3224 685 3253 eorum
706 3211 927 3252 fluviorum
952 3217 1029 3261 est,
1053 3212 1126 3261 qui

275 3283 354 3324 per
401 3269 670 3323 superficiem
723 3275 858 3307 terrae
916 3266 1127 3307 inferioris

279 3327 411 3366 fluere
451 3327 662 3368 dicuntur.
722 3323 898 3364 Manent
938 3325 1047 3363 enim
1086 3324 1129 3362 hi

279 3382 398 3423 fluvii
427 3383 493 3422 vel
521 3390 610 3423 tum
632 3380 875 3431 infernales,
901 3380 935 3420 si
958 3380 1127 3420 inferio-

264 3438 337 3480 ris
372 3447 508 3480 terrae
537 3437 892 3494 superficiem
915 3437 1127 3489 quandam

1191 956 1406 1011 'perfluere
1427 955 1658 1009 finguntur,
1685 963 1911 1010 propterea
1933 955 2049 1006 quot}

1198 1025 1283 1054 non
1312 1026 1389 1067 per
1418 1025 1631 1067 superam,
1662 1013 1738 1053 sed
1759 1024 1835 1065 per
1865 1010 2049 1052 inferam

1196 1079 1352 1110 terram
1372 1069 1565 1109 feruntur
1586 1077 1712 1121 atque
1732 1067 1949 1108 hominum
1971 1068 2050 1108 ad-

1198 1126 1363 1180 spectui
1385 1125 1510 1179 plane
1531 1126 1731 1166 subducti
1751 1132 1864 1168 sunt.
1885 1123 2052 1164 Deinde

1200 1194 1299 1223 vero
1323 1183 1448 1222 etiam
1469 1188 1635 1236 praeter
1655 1181 1843 1221 Platonis
1864 1187 2048 1220 mentem

1200 1240 1379 1280 sumitur
1420 1251 1469 1279 ac
1510 1239 1731 1286 statuitur,
1771 1237 1886 1289 quod
1925 1235 2051 1276 finxit

1200 1295 1534 1336 Schmidtius
1594 1294 1795 1347 paludem
1854 1292 2050 1332 Acheru-

1200 1353 1306 1392 siam
1328 1352 1454 1391 etiam
1480 1352 1524 1391 in
1555 1359 1692 1391 terrae
1715 1349 1951 1404 superioris
1973 1361 2046 1389 su-

1199 1407 1371 1462 perficie
1408 1419 1505 1448 esse
1532 1407 1806 1461 conspicuam
1834 1406 1878 1445 in
1915 1415 2056 1455 eaque

1200 1465 1430 1518 superioris
1458 1471 1594 1504 terrae
1622 1471 1742 1517 parte
1770 1460 2048 1515 Pyriphlege-

1200 1520 1392 1561 thontem
1414 1520 1452 1559 ei
1472 1520 1661 1560 vicinum
1683 1531 1794 1562 esse.
1825 1518 1914 1558 Hoc
1935 1518 2050 1558 enim

1202 1589 1330 1629 quam
1364 1576 1473 1617 falso
1507 1577 1567 1617 ita
1602 1582 1827 1627 statuatur,
1858 1585 1955 1614 cum
1983 1573 2053 1613 vel

1204 1646 1257 1674 ex
1279 1645 1326 1673 eo
1349 1641 1563 1686 appareat,
1601 1633 1723 1685 quod·
1742 1644 1811 1672 res
1839 1643 1893 1670 ne
1924 1631 2057 1671 verbo

1203 1690 1374 1742 quidem
1410 1690 1464 1729 ab
1499 1691 1594 1743 ipso
1632 1689 1839 1741 scriptore
1868 1687 2055 1727 indicata

1204 1754 1282 1797 est,
1304 1754 1396 1785 tum
1417 1747 1604 1786 maxime
1625 1758 1679 1786 ex
1700 1758 1742 1798 p.
1777 1745 1858 1785 114
1878 1742 1958 1784 AB
1986 1743 2054 1782 in·

1202 1803 1432 1855 tellegitur,
1471 1803 1545 1842 ubi
1572 1801 1756 1855 improbi
1785 1806 1826 1840 et
1854 1798 2055 1852 flagitiosi

1203 1860 1248 1899 in
1277 1859 1432 1900 Orcum
1462 1859 1636 1899 deducti
1662 1858 1815 1911 partim
1839 1869 1893 1896 ex
1913 1855 2052 1895 Ache-

1202 1923 1325 1956 ronte
1363 1915 1518 1968 partim
1561 1928 1614 1955 ex
1649 1911 2059 1966 Pyriphlegethonte

1204 1972 1356 2026 partim
1381 1983 1433 2011 ex
1452 1969 1610 2024 Cocyto
1632 1971 1673 2010 in
1696 1970 1897 2023 paludem
1915 1966 2055 2008 Ache—

1205 2030 1369 2069 rusiam
1389 2027 1615 2067 vehuntur.
1647 2026 1768 2075 Quod
1790 2026 1863 2077 qui
1885 2024 2056 2065 tandem

1206 2086 1267 2126 ita
1306 2084 1399 2123 fieri
1437 2096 1567 2136 posse
1614 2083 1978 2130 existimabimus,
2018 2081 2054 2120 si

1205 2140 1568 2194 Pyriphlegethon
1598 2140 1652 2180 ad
1671 2138 1951 2180 Acherusiam
1977 2148 2059 2191 pa-

1207 2198 1348 2238 ludem
1378 2198 1422 2237 in
1450 2203 1587 2244 terrae
1616 2207 1797 2249 superae
1831 2193 2060 2246 superficie

1208 2254 1386 2308 propius
1409 2254 1612 2294 accedere
1635 2250 1929 2293 existimetur?
1969 2248 2057 2290 Sed

1209 2318 1307 2351 cum
1330 2309 1655 2351 Schmidtius
1677 2309 1829 2348 mirum
1851 2311 2056 2358 quantum

1209 2379 1233 2406 a
1249 2379 1349 2407 vero
1368 2367 1629 2407 aberraverit
1643 2377 1692 2405 ac
1707 2373 1895 2405 veterem
1912 2362 2055 2402 lectio-

1209 2436 1307 2463 nem
1328 2423 1531 2464 librorum
1554 2434 1707 2476 parum
1728 2422 1831 2461 scite
1853 2418 2055 2460 defende·

1209 2480 1277 2531 rit,
1308 2487 1448 2520 tamen
1484 2477 1539 2532 τῇ
1572 2477 1630 2533 γῇ
1659 2477 1931 2519 verissimum
1959 2486 2058 2515 esse
2089 2517 2094 2522 ,

1210 2537 1333 2576 nobis
1368 2536 1494 2589 plane
1528 2535 1834 2587 persuasimus.
1883 2530 2056 2584 Signifi-

1212 2599 1330 2632 catur
1349 2593 1461 2631 enim
1485 2589 1929 2644 Pyriphlegethontem
1953 2587 2056 2627 sub-

1211 2655 1274 2688 ter
1290 2655 1442 2687 terram
1460 2649 1501 2686 in
1522 2648 1664 2687 orbem
1686 2646 1858 2698 saepius
1879 2645 2059 2684 circum-

1212 2704 1327 2743 volvi
1362 2703 1600 2756 superficiei
1630 2703 1767 2755 ipsius
1802 2701 2058 2755 propiorem,

1212 2760 1326 2800 unde
1348 2761 1473 2798 etiam
1496 2760 1679 2799 subinde
1699 2759 1742 2798 in
1759 2765 1912 2797 terram
1932 2768 2060 2809 supe-

1211 2829 1298 2857 ram
1317 2816 1543 2855 eiacalatur
1559 2816 1687 2868 ignea
1697 2814 1923 2868 fragmina.
1936 2812 2060 2861 Quod

1209 2873 1446 2913 rectissime
1472 2871 1662 2925 profecto
1701 2871 1786 2911 dici
1813 2870 1951 2924 potuit
1975 2880 2058 2911 πε-

1211 2922 1559 2982 ριελιττόμενος
1609 2926 1664 2981 τῇ
1714 2925 1797 2982 γῇ,
1850 2926 2060 2978 siquidem

1213 2986 1369 3026 fluvius
1410 2985 1475 3025 vel
1517 2986 1579 3026 sic
1618 2984 1820 3024 ambire
1866 2989 2061 3022 terram

1211 3043 1328 3081 intus
1350 3043 1393 3081 in
1417 3042 1509 3095 ipsa
1531 3039 1839 3082 existimandus
1863 3044 1941 3080 est.
1974 3037 2062 3078 Sed

1210 3099 1324 3138 idem
1344 3099 1414 3138 ille
1436 3099 1592 3138 fluvius
1615 3097 1767 3138 deinde
1786 3095 1942 3136 multos
1963 3101 2064 3148 post

1213 3156 1413 3195 circuitus
1455 3147 1549 3196 ’ὑπὸ
1593 3153 1679 3207 γῆς
1718 3153 1760 3195 h.
1785 3165 1820 3195 e.
1860 3152 1906 3190 in
1938 3162 2061 3204 pro·

1215 3211 1380 3252 fundo
1410 3218 1582 3252 terrae
1610 3210 1787 3250 infe‘rius
1811 3207 1998 3248 exundat
2017 3207 2061 3246 in

1216 3270 1503 3308 Tartarum.
1561 3268 1627 3308 Ex
1667 3278 1749 3318 quo
1792 3271 1905 3318 patet
1942 3263 2062 3304 istud

1215 3318 1309 3366 ὑπὸ
1333 3323 1419 3378 γῆς
1443 3324 1603 3378 opponi
1625 3321 1836 3376 superiori
1857 3320 1938 3360 illi:
1975 3331 2060 3361 πε-

1216 3375 1561 3434 ριελιττόμενος
1596 3378 1651 3432 τῇ
1697 3377 1754 3433 γῇ
1792 3389 1930 3428 neque
1966 3377 2060 3416 sine

1219 3450 1347 3479 causa
1364 3431 1821 3491 subiunginoctcotapoe
1836 3431 1919 3475 τοῦ
1936 3433 2062 3484 Ταρ-
