2158 3718
746 173 826 209 AD
867 172 1228 211 SYMPOSIUM.
1706 176 1825 214 va

130 298 186 351 in
225 296 486 353 Convivio
522 307 706 357 contra
741 298 797 350 id
822 300 910 370 agi
946 307 1142 364 censet,
1180 306 1239 352 ut
1262 314 1494 351 amorem
1518 300 1829 352 ostendatur

130 385 199 422 ex
234 369 416 423 nativo
452 369 562 422 indi
607 368 782 422 entiae
820 379 873 420 et
907 369 1119 439 inopiae
1156 386 1316 422 sensu
1352 369 1544 422 animis
1581 369 1827 422 humanis

129 440 182 491 in
225 449 440 493 enerato
467 389 682 509 prodire
710 457 936 507 eumque
979 458 1193 492 sensum
1227 438 1499 509 pertinere
1536 441 1828 509 aequaliter

129 459 223 562 af
235 518 345 563 tres
381 509 543 562 animi
579 517 761 580 partes
797 508 853 561 in
879 508 1127 562 Phaedro
1164 508 1481 578 descriptae,
1520 510 1595 562 ita
1632 519 1693 563 ut
1730 510 1826 563 de-

128 579 290 648 nique
337 578 406 631 ad
451 580 628 650 ipsam
673 579 847 648 pulcri
895 579 1116 648 perfecti
1165 578 1398 649 speciem
1443 588 1497 632 et
1539 581 1828 652 imaginem

128 649 504 720 perducamur,
539 649 597 702 in
633 667 741 718 qua
775 649 1032 702 intuenda
1059 658 1219 718 atque
1244 649 1654 720 contemplanda
1677 670 1829 703 amor

128 718 432 789 philosophi
470 719 806 772 contineatur
841 720 921 789 (p.
959 720 1062 772 522
1102 720 1263 789 sqq.).
1319 719 1435 773 Nos
1472 739 1600 774 vero
1638 740 1825 790 quem—

127 789 416 845 admodum
459 790 527 843 de
563 797 879 861 argumento
916 789 1194 858 utriusque
1208 788 1431 861 *dialogi
1466 790 1630 844 multo
1674 791 1829 844 aliter

128 859 511 924 existimamus,
558 861 634 912 ita
680 859 841 912 etiam
885 859 951 912 de
996 859 1370 913 coniunctione
1415 869 1468 912 et
1503 879 1667 924 nexu,
1719 880 1826 930 quo

127 929 354 983 alterum
390 948 528 1000 opus
567 930 900 983 contineatur
936 946 1058 982 cum
1094 930 1276 991 alter0,
1316 929 1393 983 sic
1430 931 1730 994 statuimuS,
1769 940 1828 984 ut

128 1008 370 1053 nostrum
417 1019 480 1052 ea
517 1000 584 1053 de
628 1017 688 1053 re
732 999 989 1052 iudicium
1038 998 1106 1051 ab
1152 999 1293 1052 illius
1345 1001 1608 1054 sententia
1645 1001 1826 1055 seiun-

128 1070 364 1140 gendum
401 1078 713 1123 statuamus

196 1139 382 1193 Habet
433 1158 562 1194 vero
607 1137 956 1209 Symposium
1014 1157 1136 1192 cum
1180 1139 1427 1193 Phaedro
1473 1139 1827 1194 arctissimam

125 1210 575 1264 necessitudinem
611 1218 663 1263 et
698 1209 1088 1280 cognationem,
1134 1227 1272 1278 quae
1308 1211 1394 1264 vel
1431 1228 1499 1263 ex
1535 1228 1597 1263 eo
1631 1209 1826 1263 intelli-

125 1280 291 1352 gitur,
327 1280 473 1348 quod
507 1298 616 1333 non
654 1280 826 1334 sol'um
859 1279 916 1332 in
939 1288 1168 1348 utroque
1192 1298 1353 1350 opere
1378 1280 1653 1334 doctrinae
1678 1299 1826 1333 ama-

126 1350 295 1404 toriae
328 1350 574 1410 Platonis
623 1359 895 1418 tamquam
939 1349 1160 1419 propria
1206 1350 1361 1403 sedes
1405 1350 1692 1403 constituta
1729 1360 1828 1414 est,

127 1421 226 1474 sed
261 1421 422 1474 etiam
457 1418 842 1490 inhSymposio
878 1439 932 1490 p.
962 1422 1080 1473 182.
1114 1418 1186 1471 A.
1225 1419 1507 1472 manifesto
1545 1420 1829 1500 respicitur

89 1531 91 1533 ψ
126 1489 506 1560 adLysianam
524 1490 818 1543 orationem
834 1490 891 1542 in
902 1489 1150 1543 Phaedro
1170 1490 1459 1542 recitatam.
1500 1488 1650 1556 Quin
1669 1491 1829 1543 etiam

127 1561 406 1614 verissime
443 1560 709 1613 affirmare
732 1559 876 1623 licet,
915 1557 1263 1630 Symposium
1286 1578 1393 1613 non
1415 1579 1577 1631 posse
1600 1561 1829 1631 intelligi

126 1631 231 1684 nisi
267 1631 335 1685 ab
371 1631 473 1694 iis,
505 1630 599 1699 qui
634 1629 944 1683 Phaedrum
989 1647 1203 1699 quoque
1247 1638 1494 1683 accurate
1529 1639 1826 1701 pertracta-

127 1701 318 1766 verint,
367 1719 432 1754 ac
475 1700 711 1754 vicissim
745 1699 980 1753 Phaedri
1026 1700 1310 1753 lectionem
1354 1700 1659 1754 necessario
1705 1720 1827 1754 cum

124 1771 353 1824 lectione
372 1769 646 1841 Symposii
670 1770 1096 1840 coniungendam
1121 1789 1256 1824 esse.
1298 1768 1659 1836 Quamobrem
1685 1779 1829 1823 certe

125 1860 235 1894 non
269 1841 458 1895 inutile
493 1841 596 1894 erit
629 1841 818 1912 paucis
855 1840 1262 1912 significavisse,
1312 1840 1566 1907 quidnam
1613 1841 1827 1893 tandem

75 1928 78 1931 ·
128 1912 214 1976 sit,
261 1912 319 1964 in
352 1930 460 1981 quo
501 1912 608 1964 ista
642 1911 894 1984 cognatio
937 1911 1216 1980 utriusque
1262 1910 1442 1979 operis
1479 1911 1834 1963 contineaturg

130 1980 473 2050 Quamquam
526 1999 590 2035 ea
643 1982 711 2034 de
763 2000 823 2035 re
878 1981 1110 2034 breviter
1164 1988 1370 2032 tantum
1420 1980 1827 2050 explicabimus,

127 2051 561 2120 quandoquidem
603 2051 883 2123 angustiae
926 2051 1085 2104 huius
1129 2049 1294 2103 libelli
1341 2058 1519 2103 tantae
1574 2050 1824 2120 amplitu-

129 2122 271 2175 dinis
308 2122 722 2192 disputationem
756 2121 1170 2190 haudquaquam
1208 2120 1442 2190 capiunt.

198 2191 392 2259 Itaque
435 2192 670 2261 primum
693 2220 702 2234 =-
712 2191 928 2259 quidem
963 2190 1427 2243 animadversione
1464 2189 1687 2259 dignum
1725 2199 1824 2253 est,
1880 2248 1883 2252 ⁴

128 2261 275 2330 quod
308 2261 366 2313 in
399 2269 626 2329 utroque
663 2279 824 2330 opere
859 2260 916 2311 id
953 2259 1293 2329 potissimum
1328 2260 1525 2330 agitur,
1553 2267 1624 2310 -ut
1659 2258 1828 2312 divini

129 2330 325 2384 amoris
359 2331 443 2384 vis
480 2339 534 2382 et
568 2338 762 2383 natura
797 2329 1068 2399 aperiatur
1102 2338 1155 2381 et
1188 2336 1388 2397 quanta
1421 2328 1491 2381 sit
1514 2328 1631 2381 eius
1656 2328 1823 2380 maie-

130 2411 246 2454 stas·
286 2408 446 2469 atque
492 2397 743 2472 dignitas,
792 2399 985 2471 grandi
1019 2399 1255 2451 oratione
1292 2399 1606 2451 declaretur.
1664 2395 1827 2463 Quod

130 2479 270 2524 certe
316 2470 403 2523 vel
449 2470 621 2523 solum
667 2468 862 2522 sufficit
918 2468 988 2520 ad
1034 2468 1502 2520 demonstrandam
1549 2467 1826 2536 utriusque

127 2540 251 2594 libri
286 2539 736 2593 necessitudinem
771 2537 1139 2601 arctissimam,
1166 2537 1598 2605 quandoquidem
1634 2537 1690 2589 in
1725 2537 1828 2590 hoc

128 2611 247 2680 ipso
294 2611 409 2663 sine
457 2609 621 2662 dubio
657 2607 910 2679 primaria
951 2626 1078 2677 pars
1127 2607 1448 2678 argumenti,
1496 2607 1553 2658 in
1597 2624 1703 2674 quo
1749 2607 1828 2661 illi

128 2679 443 2734 illustrando
479 2687 779 2742 versantur,
805 2677 1126 2746 *quaerenda
1169 2685 1264 2730 est.
1326 2675 1467 2728 Nam
1510 2676 1827 2746 gravissime

130 2750 369 2821 profecto
415 2756 659 2802 errarunt
710 2747 804 2817 qui
845 2748 903 2801 in
945 2746 1193 2800 Phaedro
1249 2745 1669 2817 disputationem
1722 2765 1826 2817 pu—

130 2829 312 2873 tarunt
358 2819 516 2873 unice
562 2826 806 2889 spectare
849 2818 920 2871 ad
964 2817 1295 2889 arguendam
1338 2816 1630 2870 rhetorices
1673 2816 1825 2868 vani-

134 2898 320 2952 tatem,
379 2889 455 2941 ita
508 2898 571 2941 ut
617 2888 885 2941 orationes
939 2905 1076 2955 quae
1133 2887 1494 2940 declamantur
1539 2887 1827 2939 amatoriae

133 2977 230 3028 pro
267 2958 526 3027 exemplis
564 2958 896 3026 eloquentiae
931 2956 1208 3010 habendae
1235 2958 1357 3011 sint.
1416 2955 1541 3023 Qua
1577 2957 1825 3027 opinione

133 3027 267 3080 nihil
304 3045 421 3079 esse
455 3028 762 3095 perversius
798 3026 855 3079 in
877 3026 1282 3098 Prolegomenis
1306 3027 1375 3080 ad
1399 3028 1620 3080 alteram
1644 3026 1821 3077 Phae-

134 3098 219 3150 dri
255 3096 541 3150 editionem
577 3096 938 3149 demonstrare
976 3096 1364 3150 constituimus.
1402 3097 1518 3149 Iam
1553 3114 1679 3149 vero
1718 3102 1825 3144 tam

133 3168 191 3220 in
229 3165 363 3235 Sym
404 3165 516 3219 osio
550 3183 711 3233 quam
746 3165 804 3217 in
838 3164 1083 3219 Phaedro
1119 3166 1275 3220 etiam
1311 3167 1613 3220 divinarum
1648 3180 1825 3215 rerum

135 3237 303 3290 amori
339 3185 669 3306 philosophis
705 3235 923 3305 proprio
962 3243 1231 3304 tamquam
1280 3255 1310 3290 e
1346 3255 1402 3289 re
1444 3236 1562 3287 ione
1600 3232 1823 3285 colloca-

136 3316 223 3358 tur
258 3324 407 3359 amor
443 3305 712 3358 masculus
748 3305 901 3372 isque
928 3313 1124 3370 castuS,
1161 3307 1382 3376 probus,
1458 3311 1692 3366 onestus,
1732 3302 1824 3370 qui

192 3380 303 3438 PJflf·
337 3380 444 3432 Opp.
476 3378 633 3420 V01.1.
666 3378 878 3422 Sect.111.
1306 3375 1486 3405 *****
