2158 3718
233 136 339 191 206
382 135 384 138 ’
957 141 1277 187 PLA'roms

232 277 557 347 καταψήσας
593 273 701 332 οὖν
737 299 847 349 μου
883 277 986 349 τὴν
1024 279 1277 351 κεφαλὴν
1311 284 1405 336 καὶ
1441 283 1742 354 ξυμπιέσας
1778 283 1877 350 τοὶς4
1913 289 2007 342 ἐπὶ

230 364 309 433 τῷ
356 358 550 431 αὐχένι
595 368 785 433 τρίχας
823 396 886 405 --
929 364 1119 418 εἰώθει
1162 365 1299 436 γάρ,
1350 365 1516 422 ὁπότε
1565 369 1751 439 τύχοι,
1791 373 2008 438 παίζειν

230 465 341 515 μου
380 447 457 509 εἰς
492 444 590 510 τὰς
625 451 815 517 τρίχας
839 480 909 488 —
933 446 1155 517 Αὔριον
1193 450 1281 519 δή,
1320 453 1447 522 ἔφη,
1488 457 1638 522 ἴσως,
1678 446 1725 506 ὦ
1753 455 2011 524 Φαίδων,

228 527 336 593 τὰς,
361 529 538 594 καλὰς,
579 532 784 595 ταύτας
821 532 993 601 κόμας
1030 530 1308 603 ἀποκερεῖ.
1368 533 1619 607 ”Εοικεν,
1667 532 1739 607 ἦν
1777 537 1828 591 δ’
1871 540 2013 609 ἐγώ,

229 606 281 666 αἱ
313 614 630 685 Σώκρατες.
708 615 849 686 Οὔκ,
889 615 960 670 ἄν
995 637 1060 685 γε
1099 618 1223 687 ἐμοὶ
1259 607 1447 690 πείθῃ.
1514 619 1678 675 Ἀλλά
1716 625 1794 687 τί;
1835 616 1907 692 ἧν
1947 623 2002 677 δ’

229 698 359 767 ἐγώ.
442 700 713 770 Τήμερον,
767 703 903 770 ἔφη,
959 699 1110 770 κάγώ
1166 700 1262 765 τὰς
1319 701 1451 773 ἐμὰς
1505 706 1599 758 καὶ
1655 704 1727 759 σύ
1778 707 2006 777 ταύτας,

229 783 436 853 ἐάνπερ
489 804 554 852 γε
607 782 742 854 ἡμῖν
792 783 822 838 ὁ
876 785 1041 854 λόγος
1087 788 1389 858 τελευτήσῃ
1437 790 1531 842 καὶ
1574 789 1647 859 μὴ
1697 791 2000 860 δυνώμεθα

175 866 402 921 Οαῦτόν
449 867 900 942 ἅναβιιόσασθαι,
951 872 1045 924 καὶ
1091 870 1256 940 ἔγωγ’
1297 870 1395 941 ἅν,
1446 875 1496 926 εἰ
1531 872 1604 927 σύ
1645 879 1765 943 εἴην
1802 878 1901 928 καί
1932 896 2001 946 με

227 952 527 1022 διαφεύγοι
564 952 594 1008 ὁ
632 955 823 1024 λόγος,
874 958 1112 1026 ἔνορκον
1150 955 1221 1009 ὀὲν
1258 960 1622 1027 ποιησαίμην,
1662 957 1842 1029 ὥςπερ
1876 959 2003 1029 Ἀρ·-

223 1046 384 1106 γεῖοι,
423 1037 496 1108 μὴ
534 1039 810 1110 πρότερον
847 1041 1147 1111 κομήσειν,1
1180 1042 1315 1111 πρὶν
1354 1039 1425 1095 ἂν
1462 1043 1674 1112 νικήσω
1712 1041 1997 1113 ἀναμαχό-

223 1142 390 1192 μενος
424 1122 526 1177 τὸν
564 1128 810 1194 Σιμμίου
847 1146 906 1179 τε
942 1127 1036 1179 καὶ
1071 1126 1319 1195 Κέβητος
1365 1127 1553 1195 λόγον.

1626 1125 1804 1197 Ἀλλ’.
1831 1122 1905 1197 ἦν
1944 1128 1998 1182 δ’

225 1206 364 1277 ἐγώ,
411 1207 550 1278 πρὸς
597 1209 700 1263 δύο
748 1211 964 1278 λέγεται
1012 1208 1137 1263 οὐδ’
1179 1209 1208 1264 ὁ
1238 1209 1516 1281 Ἡρακλῆς
1563 1204 1678 1275 οἷός
1724 1233 1784 1266 τε
1832 1210 1994 1268 εἶναι.

335 1380 404 1408 αν
424 1380 483 1421 ys
506 1360 662 1434 ἐμοί]
688 1369 786 1411 Vat.
808 1368 938 1409 vind.
961 1367 1000 1409 Φ
1025 1369 1167 1409 Ambr.
1189 1370 1295 1412 Ven.
1318 1359 1444 1411 Πόἶν
1467 1365 1639 1424 ε’μοιγε.

316 1416 470 1476 ἡμῖν
510 1417 533 1464 ὁ
559 1417 758 1490 λόγος]
790 1426 839 1464 V.
863 1419 998 1478 ἡμῶν
1027 1425 1170 1464 invitis
1202 1426 1437 1468 codicibus.
1482 1427 1674 1467 Dativum
1700 1426 1823 1467 etiam
1845 1427 1944 1470 Bas.
1969 1431 2001 1469 2

222 1473 902 1548 11101111.Μο11αναβιώσεσθαι
924 1482 1020 1521 Vat.
1044 1482 1153 1526 Ven.
1176 1480 1332 1528 ΞΡετ.
1357 1483 1406 1524 C.

335 1535 381 1579 C.
413 1532 733 1592 ὃιαφεύγοι
767 1532 792 1579 ὁ
823 1532 1153 1592 λόγος]Βο(11
1177 1552 1242 1593 pr.
1264 1551 1320 1583 m.
1342 1540 1450 1582 Ven
1469 1539 1664 1580 HVind.
1682 1533 2001 1595 Τὸιαφύγοι,

218 1590 334 1644 quod
357 1594 571 1661 praetulit
577 1594 716 1634 Herm.
750 1596 801 1635 ob
822 1594 943 1636 Bodl.
968 1606 1031 1646 pr.
1054 1607 1109 1634 m.
1132 1596 1293 1636 scilicet
1313 1596 1577 1648 gravitatem.

333 1641 458 1690 οὐδ’
501 1644 524 1691 ὁ
560 1644 809 1705 Ηρακλη
824 1650 861 1705 ς]
906 1651 1139 1692 Articulum
1169 1652 1268 1693 add.
1300 1652 1427 1693 Coisl.
1458 1652 1554 1693 Vat.
1586 1653 1693 1695 Tub.
1715 1646 1822 1695 Ven.
1851 1652 1999 1702 ΔΞΠ

217 1705 413 1749 Vind.¹1·
447 1706 539 1747 Par.
562 1706 758 1748 AGGHI
787 1709 931 1751 Ambr
969 1708 1079 1751 Flor.
1096 1721 1121 1749 a
1141 1710 1166 1749 b
1188 1721 1210 1748 c
1232 1709 1288 1748 d
1278 1721 1291 1748 1
1311 1721 1353 1748 111
1382 1709 1477 1749 Ζ111.
1527 1709 1816 1749 Nihilominus
1849 1710 1995 1751 Herm

274 1825 454 1887 κόμας
514 1826 814 1889 ἄποκερεῑ]
879 1836 1061 1875 deton-

217 1889 330 1929 deri
371 1890 472 1929 tibi
512 1891 736 1931 iubebis.
788 1892 876 1932 Hoc
918 1900 1060 1931 autem

214 1945 353 1985 facere
374 1946 417 1985 in
440 1946 553 1986 luctu
575 1947 782 1987 solebant.
805 1960 846 1990 v,
873 1949 1024 1988 Iuniu
1039 1961 1059 1989 s

214 2002 288 2042 Der
317 2014 438 2043 coma
477 2015 512 2044 s.
544 2016 586 2046 v,
625 2003 955 2045 Kirchmann.
999 2004 1060 2044 De

211 2058 434 2100 funeribus
465 2061 515 2104 11.
541 2061 592 2101 13
624 2069 663 2100 et
688 2061 872 2114 interpp.
901 2061 955 2102 ad
978 2062 1060 2101 Ae-

214 2115 315 2162 lian.
352 2115 404 2156 V.
446 2115 495 2159 H.
537 2117 630 2156 VII.
674 2118 714 2157 8.
766 2117 969 2170 Taylor.
1006 2119 1060 2158 ad

212 2172 370 2215 Aesch.
394 2173 492 2213 adv·
516 2171 702 2226 ctesiph.
735 2173 848 2217 Orat.
873 2174 942 2215 Gr.
964 2175 1059 2214 Vol.

212 2229 286 2273 111.
318 2242 358 2283 p.
393 2230 489 2271 605.
538 2229 641 2269 Nam
682 2230 789 2271 alias
829 2232 1060 2271 caesariem

213 2285 397 2328 alebant.
430 2285 695 2336 Quamquam
724 2287 899 2341 ephebis
930 2288 1058 2328 moris

214 2350 301 2383 erat
349 2354 509 2383 comam
561 2343 803 2386 detondere.
853 2357 893 2384 v-.
930 2345 1059 2384 Her-

211 2411 376 2440 mann.
412 2399 722 2443 Privatalterth.
767 2401 807 2441 d.
851 2399 1056 2440 Griechen
1092 2412 1096 2417 ’

212 2455 254 2504 §.
277 2458 345 2497 23.
386 2468 484 2497 ann.
516 2458 568 2496 17
611 2465 650 2496 et
680 2459 751 2510 18,
782 2458 894 2498 unde
924 2470 1053 2511 nuper

210 2511 480 2553 Phaedonem
502 2520 658 2553 temere
689 2513 949 2566 collegerunt
969 2525 1054 2555 turn

211 2570 399 2610 nondum
418 2570 778 2611 undevicesimum
800 2571 948 2611 aetatis
979 2583 1053 2610 an·

212 2637 314 2665 num
331 2626 543 2692 attigisse.

268 2674 410 2734 Οὔκ,
453 2677 523 2722 ἄν
563 2694 620 2736 γε
671 2675 796 2735 ε’μοὶ
837 2682 1053 2751 πείθή.]

210 2736 280 2777 Sic
309 2738 370 2777 De
399 2738 504 2791 11η).
528 2738 580 2785 V.
610 2751 652 2790 p.
682 2740 766 2779 480
788 2740 823 2778 A
852 2751 962 2791 ουκ,
993 2753 1054 2779 αν

208 2785 420 2858 γ’ἐμοὶ
421 2793 705 2860 πείθωνται.
747 2795 856 2837 Xen.
888 2770 992 2834 Heli.
1025 2797 1051 2835 1.

209 2851 334 2899 7,19
363 2863 473 2898 ουκ,
509 2840 570 2890 ἂν
599 2843 734 2903 ὑμεῖς
763 2846 815 2905 γε’
844 2863 924 2902 μοι
951 2850 1055 2892 πεί-

190 2905 405 2975 θησθε.

263 2957 411 3004 Amo}
441 2961 498 3003 τί
505 2960 535 3015 3]
568 2975 627 3003 so.
660 2957 820 3016 βούλει
850 2962 986 3005 ποιῶ.
1010 2977 1048 3006 ν.

205 3018 440 3072 Euthyphr.
473 3032 515 3072 p.
543 3021 595 3059 14
618 3019 650 3059 D
681 3029 720 3058 et
751 3032 859 3071 qnae
882 3021 1052 3073 collegit

204 3075 476 3116 Heindorf
500 3076 616 3116 adh
643 3076 667 3118 1

263 3125 476 3196 ἐάνπερ
498 3145 558 3187 γε
579 3125 714 3186 ἡμῖν
736 3125 760 3173 ὁ
784 3126 949 3184 λόγος
972 3147 1050 3175 τε·

206 3182 474 3254 λεντήσῃ]
505 3189 611 3229 Nota
642 3195 705 3228 est
735 3190 860 3229 dictio
893 3197 929 3229 et
954 3190 1045 3229 Pla-

205 3246 291 3285 toni
324 3245 585 3296 frequentata
615 3241 639 3286 ὁ
672 3238 808 3311 λόγος
848 3244 1046 3309 οἴχεται,

203 3293 228 3341 ὁ
261 3294 398 3356 λόγος
428 3294 719 3356 ἐκφεύγει,“
698 3315 723 3342 ο
756 3295 891 3366 λόγος
914 3297 1049 3352 σώζε-

204 3360 1048 3469 {22²⁹10¹³5?ss93³5&ssssssssssssss5322225

206 3470 290 3510 alia
311 3472 452 3512 minus
474 3473 643 3512 usitata.
669 3472 886 3513 Sententia
906 3481 1046 3513 autem

1144 1836 1251 1875 haec
1272 1841 1357 1875 est:
1389 1836 1431 1875 si
1459 1848 1662 1889 apparu
1678 1836 1995 1890 erit'dispu-

1146 1893 1401 1932 tationem
1431 1892 1492 1931 de
1522 1892 1681 1931 animi
1720 1893 1988 1933 immorta-

1146 1949 1300 1989 litate
1327 1949 1630 1988 institutam
1660 1961 1844 1989 vanam
1868 1962 1993 1992 esse

1148 2014 1196 2045 et
1235 2005 1445 2056 falsam,
1475 2005 1546 2044 ita
1574 2012 1626 2044 ut
1660 2005 1804 2046 nullo
1840 2007 2006 2047 modo.

1147 2064 1206 2102 ab
1234 2061 1344 2102 illis
1373 2061 1804 2102 dubitationibus
1833 2070 1880 2103 et
1907 2075 1992 2103 re-

1146 2117 1598 2171 prehensionibus
1638 2119 1812 2171 possit
1852 2119 1987 2160 libe·

1147 2175 1252 2214 rari
1274 2186 1330 2214 ac
1350 2174 1630 2214 vindicari.

1206 2231 1254 2272 C.
1288 2227 1406 2273 εἰ-
1425 2243 1489 2285 με
1511 2223 1872 2285 ὃιαφεύγοι
1851 2245 1876 2272 ο
1900 2207 1991 2274 λό-

1146 2286 1258 2342 γος]
1282 2288 1324 2328 11.
1348 2301 1385 2328 e.
1409 2289 1451 2328 si
1479 2295 1622 2327 recta
1650 2290 1783 2327 ratio
1806 2300 1881 2328 me
1909 2287 1991 2328 fu·-

1145 2352 1292 2396 geret
1329 2352 1376 2384 et
1410 2344 1559 2396 quasi
1598 2344 1918 2395 elaberetur,
1953 2346 1990 2384 si

1145 2413 1228 2441 non
1245 2413 1414 2454 possem
1435 2401 1693 2454 argumentis
1721 2400 1888 2440 idoneis
1911 2401 1986 2442 do-

1144 2470 1237 2497 cere
1267 2458 1452 2497 animum
1476 2470 1571 2498 esse
1590 2457 1883 2500 immortalem.

1200 2510 1445 2569 ε’νορκον
1486 2527 1556 2556 αν
1603 2510 1983 2567 ποιησαίμην]

1141 2571 1486 2611 iureiurando
1548 2583 1622 2610 me
1682 2570 1986 2622 obstringe-

1143 2640 1259 2667 1em.

1198 2675 1379 2735 ὥςπερ
1418 2675 1668 2737 Ἀργεῖοι]
1711 2682 1762 2720 Hi
1798 2682 1907 2722 enim
1932 2683 1984 2723 ab

1140 2739 1483 2779 Lacedaemoniis
1524 2739 1636 2786 victi,
1679 2750 1773 2777 cum
1797 2737 1985 2790 Thyreae

1141 2795 1382 2835 amisissent
1409 2807 1446 2838 a.
1474 2794 1567 2835 Chr.
1591 2808 1631 2834 n.
1656 2795 1752 2844 546,
1775 2795 1982 2835 constitu·

1141 2859 1262 2891 erunt
1283 2863 1362 2891 non
1387 2852 1504 2904 prius
1526 2864 1668 2892 comas
1689 2850 1822 2900 alere,
1855 2863 1982 2902 quam

1138 2909 1352 2947 victoriam
1411 2915 1715 2972 reportassent,
1785 2915 1982 2947 narrante

1139 2964 1235 3006 Her.
1280 2966 1308 3004 1.
1350 2965 1419 3008 82.
1482 2965 1541 3004 De
1579 2957 1809 3030 πρότερον
1849 2963 1979 3028 πρίν,

1136 3019 1321 3073 πρῶτον
1349 3020 1483 3074 πρίν,
1513 3016 1697 3074 πρόσθε
1726 3019 1860 3074 πρίν,
1891 3033 1982 3061 πα-

1138 3090 1217 3131 ρος
1245 3077 1358 3130 πρίν
1387 3091 1427 3120 v.
1455 3079 1635 3118 Duker.
1666 3079 1719 3117 ad
1743 3077 1876 3119 Thuo.
1905 3078 1978 3118 VI.

1137 3136 1189 3175 57
1234 3143 1273 3173 et
1314 3135 1584 3203 Ruhnken.
1623 3134 1675 3174 ad
1705 3134 1825 3174 Hom.
1858 3133 1898 3176 11.
1935 3134 1979 3173 111

1138 3190 1277 3233 Ce1er.
1294 3203 1332 3231 v.
1343 3194 1439 3235 333.
1453 3186 1977 3244 -οέναμαχόμενος,

1135 3260 1357 3312 pugnam
1390 3250 1786 3314 iedintegrans.

1190 3297 1327 3357 πρὸς
1351 3300 1455 3345 δύο
1477 3295 1602 3346 ουδ’
1623 3297 1647 3344 ὁ
1667 3297 1974 3366 Ηρακλῆς]

1133 3361 1347 3400 Proverbii
1386 3363 1504 3414 origo
1544 3361 1723 3409 incerta,
1765 3359 1977 3399 sententia

1134 3418 1237 3458 satis
1263 3429 1409 3471 aperta
1439 3424 1515 3459 est.
1549 3429 1588 3459 v,
1614 3416 1896 3457 Scholiast.
1920 3415 1975 3455 ad

1132 3474 1175 3519 h.
1198 3474 1250 3527 l.‚
1281 3487 1406 3527 quem
1434 3475 1556 3515 docta
1583 3473 1853 3513 annotatione
1878 3471 1975 3512 illu-
