<?xml version="1.0" encoding="UTF-8"?>
<!DOCTYPE html PUBLIC "-//W3C//DTD XHTML 1.0 Transitional//EN"
    "http://www.w3.org/TR/xhtml1/DTD/xhtml1-transitional.dtd">
<html xmlns="http://www.w3.org/1999/xhtml" xml:lang="en" lang="en">
 <head>
  <title>
</title>
<meta http-equiv="Content-Type" content="text/html;charset=utf-8" />
  <meta name='ocr-system' content='tesseract 3.04.00' />
  <meta name='ocr-capabilities' content='ocr_page ocr_carea ocr_par ocr_line ocrx_word'/>
</head>
<body>
  <div class='ocr_page' id='page_1' title='image "./operaomniarecens01platuoft/operaomniarecens01platuoft_0426.png"; bbox 0 0 2158 3718; ppageno 0'>
   <div class='ocr_carea' id='block_1_1' title="bbox 227 63 1272 152">
    <p class='ocr_par' dir='ltr' id='par_1_1' title="bbox 227 63 1272 152">
     <span class='ocr_line' id='line_1_1' title="bbox 227 63 1272 152; baseline 0.003 -11"><span class='ocrx_word' id='word_1_1' title='bbox 227 97 298 152; x_wconf 83' lang='lat'><strong>90</strong></span> <span class='ocrx_word' id='word_1_2' title='bbox 952 63 1272 144; x_wconf 70' lang='lat' dir='ltr'><strong>PLAToms</strong></span> 
     </span>
    </p>
   </div>
   <div class='ocr_carea' id='block_1_2' title="bbox 227 236 2004 482">
    <p class='ocr_par' dir='ltr' id='par_1_2' title="bbox 227 236 2004 482">
     <span class='ocr_line' id='line_1_2' title="bbox 227 236 2002 311; baseline 0.001 -18"><span class='ocrx_word' id='word_1_3' title='bbox 227 238 500 295; x_wconf 73' lang='grc' dir='ltr'><strong><em>Αἰσώπου</em></strong></span> <span class='ocrx_word' id='word_1_4' title='bbox 546 240 751 309; x_wconf 80' lang='grc' dir='ltr'><em>λόγους</em></span> <span class='ocrx_word' id='word_1_5' title='bbox 798 242 891 295; x_wconf 82' lang='grc' dir='ltr'><strong>καὶ</strong></span> <span class='ocrx_word' id='word_1_6' title='bbox 938 236 999 294; x_wconf 84' lang='grc' dir='ltr'>τὸ</span> <span class='ocrx_word' id='word_1_7' title='bbox 1040 242 1119 304; x_wconf 76' lang='grc' dir='ltr'><strong>εἰς</strong></span> <span class='ocrx_word' id='word_1_8' title='bbox 1154 239 1254 295; x_wconf 84' lang='grc' dir='ltr'><strong>τὸν</strong></span> <span class='ocrx_word' id='word_1_9' title='bbox 1287 239 1535 296; x_wconf 84' lang='grc' dir='ltr'><strong><em>Ἀπόλλω</em></strong></span> <span class='ocrx_word' id='word_1_10' title='bbox 1574 242 1871 311; x_wconf 78' lang='grc' dir='ltr'><strong><em>προοίμιον</em></strong></span> <span class='ocrx_word' id='word_1_11' title='bbox 1908 242 2002 295; x_wconf 76' lang='grc' dir='ltr'><strong>καὶ</strong></span> 
     </span>
     <span class='ocr_line' id='line_1_3' title="bbox 228 323 2004 397; baseline 0.001 -18"><span class='ocrx_word' id='word_1_12' title='bbox 228 323 390 381; x_wconf 78' lang='grc' dir='ltr'><strong><em>ἄλλοι</em></strong></span> <span class='ocrx_word' id='word_1_13' title='bbox 426 325 574 389; x_wconf 83' lang='grc' dir='ltr'><strong><em>τινές</em></strong></span> <span class='ocrx_word' id='word_1_14' title='bbox 608 347 675 396; x_wconf 84' lang='grc' dir='ltr'><strong>με</strong></span> <span class='ocrx_word' id='word_1_15' title='bbox 711 325 819 396; x_wconf 75' lang='grc' dir='ltr'><strong>ἤδη</strong></span> <span class='ocrx_word' id='word_1_16' title='bbox 856 326 1089 396; x_wconf 79' lang='grc' dir='ltr'><strong><em>ἤροντο,</em></strong></span> <span class='ocrx_word' id='word_1_17' title='bbox 1138 323 1278 397; x_wconf 74' lang='grc' dir='ltr'><strong>ἀτὰρ</strong></span> <span class='ocrx_word' id='word_1_18' title='bbox 1317 327 1410 380; x_wconf 81' lang='grc' dir='ltr'><strong>καὶ</strong></span> <span class='ocrx_word' id='word_1_19' title='bbox 1448 324 1670 396; x_wconf 83' lang='grc' dir='ltr'><strong><em>Εὐηνὸς</em></strong></span> <span class='ocrx_word' id='word_1_20' title='bbox 1706 325 1932 396; x_wconf 71' lang='grc' dir='ltr'><strong><em>πρώην,</em></strong></span> <span class='ocrx_word' id='word_1_21' title='bbox 1971 324 2004 380; x_wconf 82' lang='grc' dir='ltr'>ὅ</span> 
     </span>
     <span class='ocr_line' id='line_1_4' title="bbox 227 405 2001 482; baseline 0 -17"><span class='ocrx_word' id='word_1_22' title='bbox 227 431 280 466; x_wconf 79' lang='grc' dir='ltr'><strong>τι</strong></span> <span class='ocrx_word' id='word_1_23' title='bbox 317 411 449 466; x_wconf 80' lang='grc' dir='ltr'><strong><em>ποτὲ</em></strong></span> <span class='ocrx_word' id='word_1_24' title='bbox 487 412 828 482; x_wconf 78' lang='grc' dir='ltr'><strong><em>διανοηθείς,</em></strong></span> <span class='ocrx_word' id='word_1_25' title='bbox 868 409 1060 482; x_wconf 77' lang='grc' dir='ltr'><strong><em>ἐπειδὴ</em></strong></span> <span class='ocrx_word' id='word_1_26' title='bbox 1100 412 1270 480; x_wconf 77' lang='grc' dir='ltr'><strong><em>δεῦρο</em></strong></span> <span class='ocrx_word' id='word_1_27' title='bbox 1307 405 1497 482; x_wconf 79' lang='grc' dir='ltr'><strong><em>ἦλθες,</em></strong></span> <span class='ocrx_word' id='word_1_28' title='bbox 1539 412 1803 481; x_wconf 82' lang='grc' dir='ltr'><strong><em>ἐποίησας</em></strong></span> <span class='ocrx_word' id='word_1_29' title='bbox 1840 409 2001 480; x_wconf 73' lang='grc' dir='ltr'><strong><em>αὐτοὶ,</em></strong></span> 
     </span>
    </p>
   </div>
   <div class='ocr_carea' id='block_1_3' title="bbox 226 556 1085 3500">
    <p class='ocr_par' dir='ltr' id='par_1_3' title="bbox 226 556 1085 3500">
     <span class='ocr_line' id='line_1_5' title="bbox 226 556 1071 600; baseline -0.005 0"><span class='ocrx_word' id='word_1_30' title='bbox 226 559 320 600; x_wconf 91' lang='lat' dir='ltr'><strong>loco</strong></span> <span class='ocrx_word' id='word_1_31' title='bbox 349 558 600 598; x_wconf 88' lang='lat' dir='ltr'><strong>memoravit</strong></span> <span class='ocrx_word' id='word_1_32' title='bbox 626 557 736 600; x_wconf 88' lang='lat' dir='ltr'><strong>Plut.</strong></span> <span class='ocrx_word' id='word_1_33' title='bbox 766 558 828 597; x_wconf 89' lang='lat' dir='ltr'><strong>De</strong></span> <span class='ocrx_word' id='word_1_34' title='bbox 847 556 1071 597; x_wconf 87' lang='lat' dir='ltr'><strong>audiendis</strong></span> 
     </span>
     <span class='ocr_line' id='line_1_6' title="bbox 227 607 1072 683; baseline -0.002 -27"><span class='ocrx_word' id='word_1_35' title='bbox 227 615 375 683; x_wconf 86' lang='lat' dir='ltr'><strong>poetis</strong></span> <span class='ocrx_word' id='word_1_36' title='bbox 388 627 430 668; x_wconf 91' lang='lat' dir='ltr'><strong>p.</strong></span> <span class='ocrx_word' id='word_1_37' title='bbox 455 616 506 654; x_wconf 91' lang='grc'><strong>16</strong></span> <span class='ocrx_word' id='word_1_38' title='bbox 530 614 575 657; x_wconf 88' lang='lat' dir='ltr'><strong>C.</strong></span> <span class='ocrx_word' id='word_1_39' title='bbox 616 608 728 662; x_wconf 82' lang='grc' dir='ltr'><strong><em>τοὺς</em></strong></span> <span class='ocrx_word' id='word_1_40' title='bbox 770 608 823 655; x_wconf 76' lang='grc' dir='ltr'><strong>δὲ</strong></span> <span class='ocrx_word' id='word_1_41' title='bbox 853 607 1072 655; x_wconf 77' lang='grc' dir='ltr'><strong><em>Αἰσώπου</em></strong></span> 
     </span>
     <span class='ocr_line' id='line_1_7' title="bbox 227 663 1073 738; baseline -0.006 -23"><span class='ocrx_word' id='word_1_42' title='bbox 227 674 328 721; x_wconf 82' lang='grc' dir='ltr'><strong><em>τοῖς</em></strong></span> <span class='ocrx_word' id='word_1_43' title='bbox 349 666 510 713; x_wconf 77' lang='grc' dir='ltr'><strong><em>ἔπεσιν</em></strong></span> <span class='ocrx_word' id='word_1_44' title='bbox 529 664 720 738; x_wconf 79' lang='grc' dir='ltr'><strong><em>μύθους</em></strong></span> <span class='ocrx_word' id='word_1_45' title='bbox 742 663 978 725; x_wconf 79' lang='grc' dir='ltr'><strong><em>ἐνόμιζεν,</em></strong></span> <span class='ocrx_word' id='word_1_46' title='bbox 999 671 1073 711; x_wconf 89' lang='lat' dir='ltr'><strong>ubi</strong></span> 
     </span>
     <span class='ocr_line' id='line_1_8' title="bbox 227 720 1070 791; baseline -0.004 -22"><span class='ocrx_word' id='word_1_47' title='bbox 227 727 588 782; x_wconf 87' lang='lat' dir='ltr'><strong>Wyttenbach.</strong></span> <span class='ocrx_word' id='word_1_48' title='bbox 602 720 856 791; x_wconf 80' lang='grc' dir='ltr'><strong><em>ἐνήρμοζεν</em></strong></span> <span class='ocrx_word' id='word_1_49' title='bbox 874 727 1070 778; x_wconf 80' lang='lat' dir='ltr'><strong>conexit,</strong></span> 
     </span>
     <span class='ocr_line' id='line_1_9' title="bbox 226 777 1021 850; baseline -0.004 -24"><span class='ocrx_word' id='word_1_50' title='bbox 226 787 450 826; x_wconf 89' lang='lat' dir='ltr'><strong>immemor</strong></span> <span class='ocrx_word' id='word_1_51' title='bbox 469 783 554 825; x_wconf 87' lang='grc' dir='ltr'><strong>τοῦ</strong></span> <span class='ocrx_word' id='word_1_52' title='bbox 575 777 726 850; x_wconf 80' lang='grc' dir='ltr'><strong><em>νόμον</em></strong></span> <span class='ocrx_word' id='word_1_53' title='bbox 748 784 1021 826; x_wconf 86' lang='lat' dir='ltr'><strong>musicorum.</strong></span> 
     </span>
     <span class='ocr_line' id='line_1_10' title="bbox 286 833 1071 894; baseline -0.003 -10"><span class='ocrx_word' id='word_1_54' title='bbox 286 838 374 889; x_wconf 81' lang='grc' dir='ltr'><strong>εἰς</strong></span> <span class='ocrx_word' id='word_1_55' title='bbox 432 834 529 882; x_wconf 86' lang='grc' dir='ltr'><strong>τὸν</strong></span> <span class='ocrx_word' id='word_1_56' title='bbox 575 833 813 882; x_wconf 80' lang='grc' dir='ltr'><strong><em>Ἀπόλλω</em></strong></span> <span class='ocrx_word' id='word_1_57' title='bbox 873 839 1071 894; x_wconf 80' lang='grc' dir='ltr'><strong><em>προοί-</em></strong></span> 
     </span>
     <span class='ocr_line' id='line_1_11' title="bbox 226 897 1074 953; baseline -0.005 -13"><span class='ocrx_word' id='word_1_58' title='bbox 226 897 383 953; x_wconf 85' lang='grc' dir='ltr'><strong><em>μιον]</em></strong></span> <span class='ocrx_word' id='word_1_59' title='bbox 447 898 723 938; x_wconf 87' lang='lat' dir='ltr'><strong>Prooemia</strong></span> <span class='ocrx_word' id='word_1_60' title='bbox 769 911 804 940; x_wconf 90' lang='grc'><strong>5.</strong></span> <span class='ocrx_word' id='word_1_61' title='bbox 850 897 1074 937; x_wconf 87' lang='lat' dir='ltr'><strong>exordia</strong></span> 
     </span>
     <span class='ocr_line' id='line_1_12' title="bbox 228 954 1072 1009; baseline -0.004 -13"><span class='ocrx_word' id='word_1_62' title='bbox 228 956 397 1009; x_wconf 86' lang='lat' dir='ltr'><strong>vulgato</strong></span> <span class='ocrx_word' id='word_1_63' title='bbox 440 967 522 994; x_wconf 88' lang='lat' dir='ltr'><strong>usu</strong></span> <span class='ocrx_word' id='word_1_64' title='bbox 562 954 733 994; x_wconf 89' lang='lat' dir='ltr'><strong>omnino</strong></span> <span class='ocrx_word' id='word_1_65' title='bbox 775 954 970 995; x_wconf 88' lang='lat' dir='ltr'><strong>dicuntur</strong></span> <span class='ocrx_word' id='word_1_66' title='bbox 996 966 1072 1008; x_wconf 89' lang='lat' dir='ltr'><strong>pro</strong></span> 
     </span>
     <span class='ocr_line' id='line_1_13' title="bbox 226 1011 1073 1066; baseline -0.002 -14"><span class='ocrx_word' id='word_1_67' title='bbox 226 1013 341 1066; x_wconf 92' lang='lat' dir='ltr'><strong>hym</strong></span> <span class='ocrx_word' id='word_1_68' title='bbox 356 1012 436 1052; x_wconf 88' lang='lat' dir='ltr'><strong>nis</strong></span> <span class='ocrx_word' id='word_1_69' title='bbox 458 1012 500 1051; x_wconf 91' lang='lat' dir='ltr'><strong>in</strong></span> <span class='ocrx_word' id='word_1_70' title='bbox 522 1011 692 1051; x_wconf 89' lang='lat' dir='ltr'><strong>laudem</strong></span> <span class='ocrx_word' id='word_1_71' title='bbox 713 1011 902 1063; x_wconf 87' lang='lat' dir='ltr'><strong>deorum,</strong></span> <span class='ocrx_word' id='word_1_72' title='bbox 926 1011 1073 1065; x_wconf 89' lang='lat' dir='ltr'><strong>impri—</strong></span> 
     </span>
     <span class='ocr_line' id='line_1_14' title="bbox 226 1067 1069 1122; baseline 0 -12"><span class='ocrx_word' id='word_1_73' title='bbox 226 1073 306 1110; x_wconf 85' lang='lat' dir='ltr'><strong>mis</strong></span> <span class='ocrx_word' id='word_1_74' title='bbox 347 1068 574 1122; x_wconf 80' lang='lat' dir='ltr'>Apollinis,</span> <span class='ocrx_word' id='word_1_75' title='bbox 616 1067 865 1110; x_wconf 84' lang='lat' dir='ltr'><strong>decautatis.</strong></span> <span class='ocrx_word' id='word_1_76' title='bbox 929 1068 1069 1110; x_wconf 86' lang='lat' dir='ltr'><strong>Schol.</strong></span> 
     </span>
     <span class='ocr_line' id='line_1_15' title="bbox 226 1123 1071 1178; baseline -0.004 -11"><span class='ocrx_word' id='word_1_77' title='bbox 226 1127 281 1167; x_wconf 87' lang='lat' dir='ltr'><strong>ad</strong></span> <span class='ocrx_word' id='word_1_78' title='bbox 300 1125 432 1167; x_wconf 89' lang='lat' dir='ltr'><strong>Thuc.</strong></span> <span class='ocrx_word' id='word_1_79' title='bbox 455 1126 526 1167; x_wconf 87' lang='lat' dir='ltr'><strong>III.</strong></span> <span class='ocrx_word' id='word_1_80' title='bbox 553 1125 698 1176; x_wconf 84' lang='lat'><strong>104‚3,</strong></span> <span class='ocrx_word' id='word_1_81' title='bbox 722 1123 940 1168; x_wconf 88' lang='lat' dir='ltr'><strong>adAesch.</strong></span> <span class='ocrx_word' id='word_1_82' title='bbox 955 1123 1071 1178; x_wconf 86' lang='lat' dir='ltr'><strong>Sept.</strong></span> 
     </span>
     <span class='ocr_line' id='line_1_16' title="bbox 227 1180 1074 1235; baseline -0.004 -12"><span class='ocrx_word' id='word_1_83' title='bbox 227 1197 263 1226; x_wconf 89' lang='lat' dir='ltr'><strong>c.</strong></span> <span class='ocrx_word' id='word_1_84' title='bbox 288 1182 418 1225; x_wconf 84' lang='lat' dir='ltr'>Theb.</span> <span class='ocrx_word' id='word_1_85' title='bbox 444 1183 484 1223; x_wconf 80' lang='lat'>7.</span> <span class='ocrx_word' id='word_1_86' title='bbox 516 1180 745 1235; x_wconf 88' lang='lat' dir='ltr'><strong>Spanhem.</strong></span> <span class='ocrx_word' id='word_1_87' title='bbox 766 1181 822 1221; x_wconf 89' lang='lat' dir='ltr'><strong>ad</strong></span> <span class='ocrx_word' id='word_1_88' title='bbox 844 1181 1006 1224; x_wconf 82' lang='lat' dir='ltr'><strong>Gallim.</strong></span> <span class='ocrx_word' id='word_1_89' title='bbox 1028 1182 1074 1221; x_wconf 89' lang='lat' dir='ltr'><strong>in</strong></span> 
     </span>
     <span class='ocr_line' id='line_1_17' title="bbox 227 1237 1074 1290; baseline -0.001 -10"><span class='ocrx_word' id='word_1_90' title='bbox 227 1242 316 1282; x_wconf 87' lang='lat' dir='ltr'><strong>Iov.</strong></span> <span class='ocrx_word' id='word_1_91' title='bbox 332 1242 383 1286; x_wconf 93' lang='lat'><strong>1.,</strong></span> <span class='ocrx_word' id='word_1_92' title='bbox 406 1239 572 1290; x_wconf 82' lang='lat' dir='ltr'><strong>Menag.</strong></span> <span class='ocrx_word' id='word_1_93' title='bbox 593 1238 648 1278; x_wconf 88' lang='lat' dir='ltr'><strong>ad</strong></span> <span class='ocrx_word' id='word_1_94' title='bbox 669 1237 791 1290; x_wconf 83' lang='lat' dir='ltr'><strong>Diog.</strong></span> <span class='ocrx_word' id='word_1_95' title='bbox 813 1238 1074 1279; x_wconf 82' lang='lat' dir='ltr'><strong>Laert.VIIl.</strong></span> 
     </span>
     <span class='ocr_line' id='line_1_18' title="bbox 227 1295 1076 1346; baseline -0.005 -8"><span class='ocrx_word' id='word_1_96' title='bbox 227 1298 297 1340; x_wconf 82' lang='lat'><strong>57.</strong></span> <span class='ocrx_word' id='word_1_97' title='bbox 339 1295 419 1344; x_wconf 79' lang='lat' dir='ltr'><strong>Qui</strong></span> <span class='ocrx_word' id='word_1_98' title='bbox 439 1307 543 1336; x_wconf 89' lang='lat' dir='ltr'><strong>usus</strong></span> <span class='ocrx_word' id='word_1_99' title='bbox 568 1295 769 1346; x_wconf 89' lang='lat' dir='ltr'><strong>loquendi</strong></span> <span class='ocrx_word' id='word_1_100' title='bbox 791 1295 888 1334; x_wconf 88' lang='lat' dir='ltr'><strong>inde</strong></span> <span class='ocrx_word' id='word_1_101' title='bbox 910 1295 1076 1335; x_wconf 86' lang='lat' dir='ltr'><strong>videtur</strong></span> 
     </span>
     <span class='ocr_line' id='line_1_19' title="bbox 226 1351 1078 1406; baseline -0.004 -13"><span class='ocrx_word' id='word_1_102' title='bbox 226 1352 484 1406; x_wconf 88' lang='lat' dir='ltr'><strong>repetendus</strong></span> <span class='ocrx_word' id='word_1_103' title='bbox 514 1364 622 1400; x_wconf 89' lang='lat' dir='ltr'><strong>esse,</strong></span> <span class='ocrx_word' id='word_1_104' title='bbox 652 1351 766 1402; x_wconf 89' lang='lat' dir='ltr'><strong>quod</strong></span> <span class='ocrx_word' id='word_1_105' title='bbox 795 1351 901 1392; x_wconf 87' lang='lat' dir='ltr'><strong>tales</strong></span> <span class='ocrx_word' id='word_1_106' title='bbox 929 1351 1078 1404; x_wconf 90' lang='lat' dir='ltr'><strong>hymni</strong></span> 
     </span>
     <span class='ocr_line' id='line_1_20' title="bbox 230 1408 1076 1462; baseline -0.002 -12"><span class='ocrx_word' id='word_1_107' title='bbox 230 1409 474 1451; x_wconf 85' lang='lat' dir='ltr'><strong>solemniter</strong></span> <span class='ocrx_word' id='word_1_108' title='bbox 502 1408 793 1462; x_wconf 82' lang='lat' dir='ltr'>praemissi</span> <span class='ocrx_word' id='word_1_109' title='bbox 821 1412 919 1448; x_wconf 88' lang='lat' dir='ltr'><strong>suut</strong></span> <span class='ocrx_word' id='word_1_110' title='bbox 942 1408 1076 1448; x_wconf 90' lang='lat' dir='ltr'><strong>sacris</strong></span> 
     </span>
     <span class='ocr_line' id='line_1_21' title="bbox 226 1464 1074 1507; baseline -0.004 0"><span class='ocrx_word' id='word_1_111' title='bbox 226 1467 267 1507; x_wconf 89' lang='lat' dir='ltr'><strong>in</strong></span> <span class='ocrx_word' id='word_1_112' title='bbox 312 1466 486 1506; x_wconf 88' lang='lat' dir='ltr'><strong>deorum</strong></span> <span class='ocrx_word' id='word_1_113' title='bbox 534 1464 738 1505; x_wconf 80' lang='lat' dir='ltr'>honorem</span> <span class='ocrx_word' id='word_1_114' title='bbox 786 1465 1074 1505; x_wconf 77' lang='lat' dir='ltr'>instituendis.</span> 
     </span>
     <span class='ocr_line' id='line_1_22' title="bbox 228 1520 1076 1575; baseline -0.004 -12"><span class='ocrx_word' id='word_1_115' title='bbox 228 1523 336 1564; x_wconf 90' lang='lat' dir='ltr'><strong>Nam</strong></span> <span class='ocrx_word' id='word_1_116' title='bbox 365 1520 636 1575; x_wconf 85' lang='grc' dir='ltr'><strong><em>προοίμιον,</em></strong></span> <span class='ocrx_word' id='word_1_117' title='bbox 668 1521 782 1571; x_wconf 87' lang='lat' dir='ltr'><strong>quod</strong></span> <span class='ocrx_word' id='word_1_118' title='bbox 810 1522 984 1562; x_wconf 86' lang='lat' dir='ltr'><strong>ductum</strong></span> <span class='ocrx_word' id='word_1_119' title='bbox 1012 1528 1076 1561; x_wconf 86' lang='lat' dir='ltr'><strong>est</strong></span> 
     </span>
     <span class='ocr_line' id='line_1_23' title="bbox 229 1577 1075 1633; baseline -0.005 -12"><span class='ocrx_word' id='word_1_120' title='bbox 229 1581 282 1620; x_wconf 89' lang='lat' dir='ltr'><strong>ab</strong></span> <span class='ocrx_word' id='word_1_121' title='bbox 305 1577 433 1633; x_wconf 81' lang='grc' dir='ltr'><strong><em>οἴμη,</em></strong></span> <span class='ocrx_word' id='word_1_122' title='bbox 450 1578 612 1619; x_wconf 86' lang='lat' dir='ltr'><strong>indicat</strong></span> <span class='ocrx_word' id='word_1_123' title='bbox 628 1590 731 1618; x_wconf 89' lang='lat' dir='ltr'><strong>sane</strong></span> <span class='ocrx_word' id='word_1_124' title='bbox 753 1578 959 1629; x_wconf 88' lang='lat' dir='ltr'><strong>quidquid</strong></span> <span class='ocrx_word' id='word_1_125' title='bbox 978 1583 1075 1618; x_wconf 90' lang='lat' dir='ltr'><strong>ante</strong></span> 
     </span>
     <span class='ocr_line' id='line_1_24' title="bbox 228 1634 1076 1690; baseline -0.002 -14"><span class='ocrx_word' id='word_1_126' title='bbox 228 1638 469 1690; x_wconf 88' lang='lat' dir='ltr'><strong>ingressum</strong></span> <span class='ocrx_word' id='word_1_127' title='bbox 508 1635 569 1674; x_wconf 91' lang='lat' dir='ltr'><strong>rei</strong></span> <span class='ocrx_word' id='word_1_128' title='bbox 608 1635 836 1689; x_wconf 80' lang='lat' dir='ltr'>peragitur.</span> <span class='ocrx_word' id='word_1_129' title='bbox 880 1634 1001 1675; x_wconf 83' lang='lat' dir='ltr'><strong>Unde</strong></span> <span class='ocrx_word' id='word_1_130' title='bbox 1036 1642 1076 1674; x_wconf 86' lang='lat' dir='ltr'><strong>et</strong></span> 
     </span>
     <span class='ocr_line' id='line_1_25' title="bbox 229 1691 1076 1757; baseline -0.005 -23"><span class='ocrx_word' id='word_1_131' title='bbox 229 1693 405 1734; x_wconf 86' lang='lat' dir='ltr'><strong>exordia</strong></span> <span class='ocrx_word' id='word_1_132' title='bbox 443 1691 796 1742; x_wconf 88' lang='lat' dir='ltr'><strong>citharoedorum,</strong></span> <span class='ocrx_word' id='word_1_133' title='bbox 839 1703 961 1757; x_wconf 87' lang='lat' dir='ltr'><strong>quae</strong></span> <span class='ocrx_word' id='word_1_134' title='bbox 982 1704 1076 1732; x_wconf 88' lang='lat' dir='ltr'><strong>car-</strong></span> 
     </span>
     <span class='ocr_line' id='line_1_26' title="bbox 229 1740 1074 1803; baseline -0.001 -13"><span class='ocrx_word' id='word_1_135' title='bbox 229 1751 391 1790; x_wconf 89' lang='lat' dir='ltr'><strong>minum</strong></span> <span class='ocrx_word' id='word_1_136' title='bbox 420 1749 637 1803; x_wconf 84' lang='lat' dir='ltr'>epicorum</span> <span class='ocrx_word' id='word_1_137' title='bbox 671 1748 910 1788; x_wconf 77' lang='lat' dir='ltr'><strong>recitationi</strong></span> <span class='ocrx_word' id='word_1_138' title='bbox 938 1740 1074 1802; x_wconf 76' lang='grc' dir='ltr'><strong><em>ὑμνι-</em></strong></span> 
     </span>
     <span class='ocr_line' id='line_1_27' title="bbox 229 1804 1075 1860; baseline -0.007 -11"><span class='ocrx_word' id='word_1_139' title='bbox 229 1806 322 1855; x_wconf 74' lang='grc' dir='ltr'><strong>πῶς</strong></span> <span class='ocrx_word' id='word_1_140' title='bbox 362 1806 737 1860; x_wconf 30' lang='lat' dir='ltr'><strong>piwaemittebantui</strong></span> <span class='ocrx_word' id='word_1_141' title='bbox 747 1836 759 1857; x_wconf 89' lang='lat'><strong>,</strong></span> <span class='ocrx_word' id='word_1_142' title='bbox 812 1816 861 1844; x_wconf 89' lang='lat' dir='ltr'><strong>eo</strong></span> <span class='ocrx_word' id='word_1_143' title='bbox 903 1804 1075 1845; x_wconf 88' lang='lat' dir='ltr'><strong>nomine</strong></span> 
     </span>
     <span class='ocr_line' id='line_1_28' title="bbox 228 1860 1076 1917; baseline -0.002 -14"><span class='ocrx_word' id='word_1_144' title='bbox 228 1863 441 1917; x_wconf 78' lang='lat' dir='ltr'><strong>appellata</strong></span> <span class='ocrx_word' id='word_1_145' title='bbox 468 1867 567 1903; x_wconf 85' lang='lat' dir='ltr'><strong>sunt</strong></span> <span class='ocrx_word' id='word_1_146' title='bbox 594 1861 744 1914; x_wconf 86' lang='lat' dir='ltr'><strong>(Arist.</strong></span> <span class='ocrx_word' id='word_1_147' title='bbox 766 1860 888 1901; x_wconf 90' lang='lat' dir='ltr'><strong>Rhet.</strong></span> <span class='ocrx_word' id='word_1_148' title='bbox 912 1863 984 1905; x_wconf 88' lang='grc' dir='ltr'><strong>ΙΙΙ.</strong></span> <span class='ocrx_word' id='word_1_149' title='bbox 1009 1862 1076 1912; x_wconf 85' lang='grc'><strong>14,</strong></span> 
     </span>
     <span class='ocr_line' id='line_1_29' title="bbox 232 1917 1075 1969; baseline 0 -8"><span class='ocrx_word' id='word_1_150' title='bbox 232 1923 271 1964; x_wconf 79' lang='grc'><strong>1.</strong></span> <span class='ocrx_word' id='word_1_151' title='bbox 315 1919 487 1969; x_wconf 86' lang='lat' dir='ltr'><strong>Quintil.</strong></span> <span class='ocrx_word' id='word_1_152' title='bbox 524 1918 597 1961; x_wconf 91' lang='lat' dir='ltr'><strong>IV.</strong></span> <span class='ocrx_word' id='word_1_153' title='bbox 633 1919 678 1966; x_wconf 83' lang='lat'><strong>1,</strong></span> <span class='ocrx_word' id='word_1_154' title='bbox 711 1919 748 1958; x_wconf 90' lang='lat'><strong>1.</strong></span> <span class='ocrx_word' id='word_1_155' title='bbox 792 1918 888 1961; x_wconf 91' lang='lat' dir='ltr'><strong>coll.</strong></span> <span class='ocrx_word' id='word_1_156' title='bbox 920 1917 1075 1961; x_wconf 82' lang='lat' dir='ltr'>Wolf.</span> 
     </span>
     <span class='ocr_line' id='line_1_30' title="bbox 229 1972 1079 2030; baseline -0.005 -12"><span class='ocrx_word' id='word_1_157' title='bbox 229 1977 424 2030; x_wconf 84' lang='lat' dir='ltr'><strong>Prolegg.</strong></span> <span class='ocrx_word' id='word_1_158' title='bbox 456 1977 511 2016; x_wconf 84' lang='lat' dir='ltr'><strong>ad</strong></span> <span class='ocrx_word' id='word_1_159' title='bbox 551 1975 673 2019; x_wconf 88' lang='lat' dir='ltr'><strong>Hom.</strong></span> <span class='ocrx_word' id='word_1_160' title='bbox 705 1987 747 2028; x_wconf 84' lang='lat' dir='ltr'><strong>p.</strong></span> <span class='ocrx_word' id='word_1_161' title='bbox 782 1976 863 2016; x_wconf 87' lang='lat'><strong>106</strong></span> <span class='ocrx_word' id='word_1_162' title='bbox 892 1972 1009 2027; x_wconf 88' lang='lat' dir='ltr'>sqq.)</span> <span class='ocrx_word' id='word_1_163' title='bbox 1039 1981 1079 2014; x_wconf 89' lang='lat' dir='ltr'><strong>et</strong></span> 
     </span>
     <span class='ocr_line' id='line_1_31' title="bbox 231 2031 1075 2084; baseline -0.004 -10"><span class='ocrx_word' id='word_1_164' title='bbox 231 2046 330 2074; x_wconf 90' lang='lat' dir='ltr'><strong>vero</strong></span> <span class='ocrx_word' id='word_1_165' title='bbox 362 2033 485 2073; x_wconf 88' lang='lat' dir='ltr'><strong>etiam</strong></span> <span class='ocrx_word' id='word_1_166' title='bbox 513 2031 674 2084; x_wconf 84' lang='lat' dir='ltr'><strong>hymni,</strong></span> <span class='ocrx_word' id='word_1_167' title='bbox 705 2031 779 2083; x_wconf 92' lang='lat' dir='ltr'><strong>qui</strong></span> <span class='ocrx_word' id='word_1_168' title='bbox 808 2032 985 2072; x_wconf 90' lang='lat' dir='ltr'><strong>deorum</strong></span> <span class='ocrx_word' id='word_1_169' title='bbox 1008 2043 1075 2072; x_wconf 83' lang='lat' dir='ltr'><strong>sa-</strong></span> 
     </span>
     <span class='ocr_line' id='line_1_32' title="bbox 230 2088 1078 2142; baseline -0.004 -11"><span class='ocrx_word' id='word_1_170' title='bbox 230 2091 327 2142; x_wconf 90' lang='lat' dir='ltr'><strong>cris,</strong></span> <span class='ocrx_word' id='word_1_171' title='bbox 360 2089 569 2142; x_wconf 84' lang='lat' dir='ltr'><strong>imprimis</strong></span> <span class='ocrx_word' id='word_1_172' title='bbox 599 2089 665 2136; x_wconf 90' lang='lat' dir='ltr'><strong>iis,</strong></span> <span class='ocrx_word' id='word_1_173' title='bbox 695 2100 804 2140; x_wconf 88' lang='lat' dir='ltr'><strong>quae</strong></span> <span class='ocrx_word' id='word_1_174' title='bbox 834 2088 1078 2129; x_wconf 83' lang='lat' dir='ltr'><strong>memoriam</strong></span> 
     </span>
     <span class='ocr_line' id='line_1_33' title="bbox 231 2144 1077 2196; baseline -0.005 -8"><span class='ocrx_word' id='word_1_175' title='bbox 231 2146 458 2196; x_wconf 85' lang='lat' dir='ltr'><strong>natalium,</strong></span> <span class='ocrx_word' id='word_1_176' title='bbox 487 2145 824 2186; x_wconf 72' lang='lat' dir='ltr'><strong>memorabilium</strong></span> <span class='ocrx_word' id='word_1_177' title='bbox 859 2144 1077 2194; x_wconf 86' lang='lat' dir='ltr'><strong>factorum,</strong></span> 
     </span>
     <span class='ocr_line' id='line_1_34' title="bbox 230 2202 1078 2258; baseline -0.004 -13"><span class='ocrx_word' id='word_1_178' title='bbox 230 2205 513 2258; x_wconf 87' lang='lat' dir='ltr'><strong>gloriosorum</strong></span> <span class='ocrx_word' id='word_1_179' title='bbox 543 2202 777 2242; x_wconf 82' lang='lat' dir='ltr'><strong>facinorum</strong></span> <span class='ocrx_word' id='word_1_180' title='bbox 800 2202 1078 2251; x_wconf 80' lang='lat' dir='ltr'><strong>renovabant,</strong></span> 
     </span>
     <span class='ocr_line' id='line_1_35' title="bbox 231 2258 1078 2312; baseline -0.004 -11"><span class='ocrx_word' id='word_1_181' title='bbox 231 2260 482 2301; x_wconf 75' lang='lat' dir='ltr'><strong>antecedere</strong></span> <span class='ocrx_word' id='word_1_182' title='bbox 503 2258 710 2310; x_wconf 88' lang='lat' dir='ltr'><strong>solebant,</strong></span> <span class='ocrx_word' id='word_1_183' title='bbox 742 2259 801 2299; x_wconf 90' lang='lat' dir='ltr'><strong>ita</strong></span> <span class='ocrx_word' id='word_1_184' title='bbox 821 2264 868 2300; x_wconf 84' lang='lat' dir='ltr'><strong>ut</strong></span> <span class='ocrx_word' id='word_1_185' title='bbox 887 2259 1078 2312; x_wconf 90' lang='lat' dir='ltr'><strong>ipsorum</strong></span> 
     </span>
     <span class='ocr_line' id='line_1_36' title="bbox 231 2315 1080 2369; baseline -0.005 -10"><span class='ocrx_word' id='word_1_186' title='bbox 231 2329 447 2360; x_wconf 89' lang='lat' dir='ltr'><strong>sacrorum</strong></span> <span class='ocrx_word' id='word_1_187' title='bbox 478 2316 600 2367; x_wconf 87' lang='lat' dir='ltr'><strong>quasi</strong></span> <span class='ocrx_word' id='word_1_188' title='bbox 630 2316 838 2366; x_wconf 83' lang='lat' dir='ltr'><strong>quaedam</strong></span> <span class='ocrx_word' id='word_1_189' title='bbox 872 2315 1080 2369; x_wconf 89' lang='lat' dir='ltr'><strong>principia</strong></span> 
     </span>
     <span class='ocr_line' id='line_1_37' title="bbox 232 2371 1082 2426; baseline -0.004 -11"><span class='ocrx_word' id='word_1_190' title='bbox 232 2381 375 2416; x_wconf 84' lang='lat' dir='ltr'><strong>essent</strong></span> <span class='ocrx_word' id='word_1_191' title='bbox 421 2385 470 2413; x_wconf 86' lang='lat' dir='ltr'><strong>ac</strong></span> <span class='ocrx_word' id='word_1_192' title='bbox 516 2373 762 2426; x_wconf 88' lang='lat' dir='ltr'><strong>primordia.</strong></span> <span class='ocrx_word' id='word_1_193' title='bbox 834 2371 1082 2413; x_wconf 86' lang='lat' dir='ltr'><strong>Cuiusmodi</strong></span> 
     </span>
     <span class='ocr_line' id='line_1_38' title="bbox 230 2428 1081 2485; baseline -0.004 -14"><span class='ocrx_word' id='word_1_194' title='bbox 230 2432 412 2485; x_wconf 79' lang='lat' dir='ltr'><strong>hymnos</strong></span> <span class='ocrx_word' id='word_1_195' title='bbox 444 2431 568 2470; x_wconf 88' lang='lat' dir='ltr'><strong>etiam</strong></span> <span class='ocrx_word' id='word_1_196' title='bbox 598 2442 708 2470; x_wconf 89' lang='lat' dir='ltr'><strong>nunc</strong></span> <span class='ocrx_word' id='word_1_197' title='bbox 735 2428 943 2469; x_wconf 86' lang='lat' dir='ltr'><strong>habemus</strong></span> <span class='ocrx_word' id='word_1_198' title='bbox 972 2429 1081 2469; x_wconf 88' lang='lat' dir='ltr'><strong>inter</strong></span> 
     </span>
     <span class='ocr_line' id='line_1_39' title="bbox 230 2485 1081 2539; baseline -0.004 -10"><span class='ocrx_word' id='word_1_199' title='bbox 230 2487 474 2529; x_wconf 80' lang='lat' dir='ltr'><strong>Homericos</strong></span> <span class='ocrx_word' id='word_1_200' title='bbox 503 2486 772 2539; x_wconf 78' lang='lat' dir='ltr'><strong>superstites,</strong></span> <span class='ocrx_word' id='word_1_201' title='bbox 803 2497 981 2537; x_wconf 89' lang='lat' dir='ltr'><strong>quorum</strong></span> <span class='ocrx_word' id='word_1_202' title='bbox 1009 2485 1081 2526; x_wconf 89' lang='lat' dir='ltr'><strong>alii</strong></span> 
     </span>
     <span class='ocr_line' id='line_1_40' title="bbox 233 2543 1080 2591; baseline -0.002 -6"><span class='ocrx_word' id='word_1_203' title='bbox 233 2550 335 2585; x_wconf 86' lang='lat' dir='ltr'><strong>sunt</strong></span> <span class='ocrx_word' id='word_1_204' title='bbox 355 2543 640 2591; x_wconf 86' lang='lat' dir='ltr'><strong>citharoedici,</strong></span> <span class='ocrx_word' id='word_1_205' title='bbox 653 2543 722 2583; x_wconf 86' lang='lat' dir='ltr'><strong>alii</strong></span> <span class='ocrx_word' id='word_1_206' title='bbox 745 2553 962 2583; x_wconf 86' lang='lat' dir='ltr'><strong>sacrorum</strong></span> <span class='ocrx_word' id='word_1_207' title='bbox 983 2543 1080 2583; x_wconf 87' lang='lat' dir='ltr'><strong>usui</strong></span> 
     </span>
     <span class='ocr_line' id='line_1_41' title="bbox 233 2599 1080 2642; baseline -0.002 0"><span class='ocrx_word' id='word_1_208' title='bbox 233 2601 432 2642; x_wconf 84' lang='lat' dir='ltr'><strong>destinati</strong></span> <span class='ocrx_word' id='word_1_209' title='bbox 461 2607 502 2640; x_wconf 91' lang='lat' dir='ltr'><strong>et</strong></span> <span class='ocrx_word' id='word_1_210' title='bbox 528 2612 624 2640; x_wconf 89' lang='lat' dir='ltr'><strong>cum</strong></span> <span class='ocrx_word' id='word_1_211' title='bbox 654 2599 735 2639; x_wconf 87' lang='lat' dir='ltr'><strong>illis</strong></span> <span class='ocrx_word' id='word_1_212' title='bbox 766 2611 850 2639; x_wconf 91' lang='lat' dir='ltr'><strong>non</strong></span> <span class='ocrx_word' id='word_1_213' title='bbox 879 2599 1005 2639; x_wconf 89' lang='lat' dir='ltr'><strong>aliam</strong></span> <span class='ocrx_word' id='word_1_214' title='bbox 1027 2601 1080 2640; x_wconf 92' lang='lat' dir='ltr'><strong>ob</strong></span> 
     </span>
     <span class='ocr_line' id='line_1_42' title="bbox 233 2656 1077 2708; baseline -0.002 -12"><span class='ocrx_word' id='word_1_215' title='bbox 233 2670 420 2705; x_wconf 84' lang='lat' dir='ltr'><strong>causam,</strong></span> <span class='ocrx_word' id='word_1_216' title='bbox 444 2657 606 2708; x_wconf 86' lang='lat' dir='ltr'><strong>opinor,</strong></span> <span class='ocrx_word' id='word_1_217' title='bbox 628 2656 672 2695; x_wconf 87' lang='lat' dir='ltr'><strong>in</strong></span> <span class='ocrx_word' id='word_1_218' title='bbox 696 2668 827 2695; x_wconf 89' lang='lat' dir='ltr'><strong>unum</strong></span> <span class='ocrx_word' id='word_1_219' title='bbox 847 2656 1077 2706; x_wconf 88' lang='lat' dir='ltr'><strong>coniuncti,</strong></span> 
     </span>
     <span class='ocr_line' id='line_1_43' title="bbox 235 2712 1082 2766; baseline -0.005 -11"><span class='ocrx_word' id='word_1_220' title='bbox 235 2727 361 2766; x_wconf 89' lang='lat' dir='ltr'><strong>quam</strong></span> <span class='ocrx_word' id='word_1_221' title='bbox 383 2713 498 2766; x_wconf 87' lang='lat' dir='ltr'><strong>quod</strong></span> <span class='ocrx_word' id='word_1_222' title='bbox 519 2712 688 2763; x_wconf 86' lang='lat' dir='ltr'><strong>utrique</strong></span> <span class='ocrx_word' id='word_1_223' title='bbox 710 2717 750 2752; x_wconf 90' lang='lat' dir='ltr'><strong>et</strong></span> <span class='ocrx_word' id='word_1_224' title='bbox 771 2712 983 2752; x_wconf 87' lang='lat' dir='ltr'><strong>communi</strong></span> <span class='ocrx_word' id='word_1_225' title='bbox 1005 2723 1082 2751; x_wconf 88' lang='lat' dir='ltr'><strong>no—</strong></span> 
     </span>
     <span class='ocr_line' id='line_1_44' title="bbox 232 2767 1080 2823; baseline -0.005 -12"><span class='ocrx_word' id='word_1_226' title='bbox 232 2771 345 2811; x_wconf 84' lang='lat' dir='ltr'><strong>mine</strong></span> <span class='ocrx_word' id='word_1_227' title='bbox 402 2768 717 2823; x_wconf 87' lang='lat' dir='ltr'><strong>prooemiorum</strong></span> <span class='ocrx_word' id='word_1_228' title='bbox 785 2767 1080 2820; x_wconf 87' lang='lat' dir='ltr'><strong>comprehensi</strong></span> 
     </span>
     <span class='ocr_line' id='line_1_45' title="bbox 233 2824 1077 2878; baseline -0.004 -10"><span class='ocrx_word' id='word_1_229' title='bbox 233 2828 420 2878; x_wconf 84' lang='lat' dir='ltr'><strong>fuerunt,</strong></span> <span class='ocrx_word' id='word_1_230' title='bbox 463 2832 504 2865; x_wconf 90' lang='lat' dir='ltr'><strong>et</strong></span> <span class='ocrx_word' id='word_1_231' title='bbox 542 2831 767 2866; x_wconf 88' lang='lat' dir='ltr'><strong>versantur</strong></span> <span class='ocrx_word' id='word_1_232' title='bbox 806 2825 850 2864; x_wconf 90' lang='lat' dir='ltr'><strong>in</strong></span> <span class='ocrx_word' id='word_1_233' title='bbox 881 2824 1077 2865; x_wconf 84' lang='lat' dir='ltr'><strong>laudibus</strong></span> 
     </span>
     <span class='ocr_line' id='line_1_46' title="bbox 235 2881 1078 2935; baseline -0.004 -11"><span class='ocrx_word' id='word_1_234' title='bbox 235 2885 409 2925; x_wconf 87' lang='lat' dir='ltr'><strong>deorum</strong></span> <span class='ocrx_word' id='word_1_235' title='bbox 450 2882 515 2922; x_wconf 89' lang='lat' dir='ltr'><strong>vel</strong></span> <span class='ocrx_word' id='word_1_236' title='bbox 556 2882 725 2922; x_wconf 86' lang='lat' dir='ltr'><strong>brevius</strong></span> <span class='ocrx_word' id='word_1_237' title='bbox 757 2881 823 2922; x_wconf 91' lang='lat' dir='ltr'><strong>vel</strong></span> <span class='ocrx_word' id='word_1_238' title='bbox 862 2881 1078 2935; x_wconf 87' lang='lat' dir='ltr'><strong>copiosius</strong></span> 
     </span>
     <span class='ocr_line' id='line_1_47' title="bbox 234 2937 1080 2995; baseline -0.004 -15"><span class='ocrx_word' id='word_1_239' title='bbox 234 2939 542 2995; x_wconf 83' lang='lat' dir='ltr'><strong>praedicandis.</strong></span> <span class='ocrx_word' id='word_1_240' title='bbox 583 2937 690 2978; x_wconf 90' lang='lat' dir='ltr'><strong>Nam</strong></span> <span class='ocrx_word' id='word_1_241' title='bbox 719 2938 881 2991; x_wconf 90' lang='lat' dir='ltr'><strong>primus</strong></span> <span class='ocrx_word' id='word_1_242' title='bbox 911 2937 1080 2987; x_wconf 90' lang='lat' dir='ltr'><strong>quidem</strong></span> 
     </span>
     <span class='ocr_line' id='line_1_48' title="bbox 236 2994 1082 3048; baseline -0.006 -10"><span class='ocrx_word' id='word_1_243' title='bbox 236 3005 276 3038; x_wconf 91' lang='lat' dir='ltr'><strong>et</strong></span> <span class='ocrx_word' id='word_1_244' title='bbox 297 2996 509 3038; x_wconf 84' lang='lat' dir='ltr'><strong>secundus</strong></span> <span class='ocrx_word' id='word_1_245' title='bbox 530 2994 713 3048; x_wconf 88' lang='lat' dir='ltr'><strong>hymnus</strong></span> <span class='ocrx_word' id='word_1_246' title='bbox 742 2994 1005 3045; x_wconf 85' lang='lat' dir='ltr'><strong>Homericus,</strong></span> <span class='ocrx_word' id='word_1_247' title='bbox 1036 3000 1082 3034; x_wconf 93' lang='lat' dir='ltr'><strong>ut</strong></span> 
     </span>
     <span class='ocr_line' id='line_1_49' title="bbox 235 3050 1082 3106; baseline -0.005 -12"><span class='ocrx_word' id='word_1_248' title='bbox 235 3054 316 3094; x_wconf 88' lang='lat' dir='ltr'><strong>hoc</strong></span> <span class='ocrx_word' id='word_1_249' title='bbox 346 3052 540 3106; x_wconf 87' lang='lat' dir='ltr'><strong>exemplo</strong></span> <span class='ocrx_word' id='word_1_250' title='bbox 575 3058 763 3102; x_wconf 86' lang='lat' dir='ltr'><strong>utamur,</strong></span> <span class='ocrx_word' id='word_1_251' title='bbox 799 3051 841 3091; x_wconf 89' lang='lat' dir='ltr'><strong>in</strong></span> <span class='ocrx_word' id='word_1_252' title='bbox 873 3050 1082 3105; x_wconf 84' lang='lat' dir='ltr'><strong>Apollinis</strong></span> 
     </span>
     <span class='ocr_line' id='line_1_50' title="bbox 234 3107 1083 3160; baseline -0.006 -9"><span class='ocrx_word' id='word_1_253' title='bbox 234 3110 405 3151; x_wconf 84' lang='lat' dir='ltr'><strong>laudem</strong></span> <span class='ocrx_word' id='word_1_254' title='bbox 461 3109 555 3149; x_wconf 88' lang='lat' dir='ltr'><strong>ideo</strong></span> <span class='ocrx_word' id='word_1_255' title='bbox 605 3108 770 3149; x_wconf 89' lang='lat' dir='ltr'><strong>videtur</strong></span> <span class='ocrx_word' id='word_1_256' title='bbox 823 3107 1083 3160; x_wconf 87' lang='lat' dir='ltr'><strong>compositus</strong></span> 
     </span>
     <span class='ocr_line' id='line_1_51' title="bbox 237 3163 1083 3219; baseline -0.005 -12"><span class='ocrx_word' id='word_1_257' title='bbox 237 3179 356 3218; x_wconf 88' lang='lat' dir='ltr'><strong>esse,</strong></span> <span class='ocrx_word' id='word_1_258' title='bbox 396 3172 443 3206; x_wconf 91' lang='lat' dir='ltr'><strong>ut</strong></span> <span class='ocrx_word' id='word_1_259' title='bbox 483 3165 615 3207; x_wconf 82' lang='lat' dir='ltr'><strong>sacris</strong></span> <span class='ocrx_word' id='word_1_260' title='bbox 654 3163 864 3219; x_wconf 87' lang='lat' dir='ltr'><strong>Apollinis</strong></span> <span class='ocrx_word' id='word_1_261' title='bbox 905 3163 1083 3204; x_wconf 84' lang='lat' dir='ltr'><strong>Deliacis</strong></span> 
     </span>
     <span class='ocr_line' id='line_1_52' title="bbox 236 3220 1084 3275; baseline -0.004 -12"><span class='ocrx_word' id='word_1_262' title='bbox 236 3231 363 3273; x_wconf 81' lang='lat' dir='ltr'><strong>atque</strong></span> <span class='ocrx_word' id='word_1_263' title='bbox 390 3221 577 3275; x_wconf 78' lang='lat' dir='ltr'><strong>Pythicis</strong></span> <span class='ocrx_word' id='word_1_264' title='bbox 617 3221 947 3275; x_wconf 85' lang='lat' dir='ltr'><strong>praeluderetur.</strong></span> <span class='ocrx_word' id='word_1_265' title='bbox 988 3220 1084 3260; x_wconf 85' lang='lat' dir='ltr'><strong>Alia</strong></span> 
     </span>
     <span class='ocr_line' id='line_1_53' title="bbox 237 3276 1082 3332; baseline -0.005 -12"><span class='ocrx_word' id='word_1_266' title='bbox 237 3280 275 3320; x_wconf 89' lang='lat' dir='ltr'><strong>si</strong></span> <span class='ocrx_word' id='word_1_267' title='bbox 295 3280 355 3319; x_wconf 90' lang='lat' dir='ltr'><strong>rei</strong></span> <span class='ocrx_word' id='word_1_268' title='bbox 377 3278 572 3332; x_wconf 86' lang='lat' dir='ltr'><strong>exempla</strong></span> <span class='ocrx_word' id='word_1_269' title='bbox 592 3277 782 3330; x_wconf 87' lang='lat' dir='ltr'><strong>requiris,</strong></span> <span class='ocrx_word' id='word_1_270' title='bbox 805 3276 1082 3330; x_wconf 87' lang='lat' dir='ltr'><strong>Empedocles</strong></span> 
     </span>
     <span class='ocr_line' id='line_1_54' title="bbox 239 3331 1084 3386; baseline -0.004 -9"><span class='ocrx_word' id='word_1_271' title='bbox 239 3343 347 3377; x_wconf 88' lang='lat' dir='ltr'><strong>teste</strong></span> <span class='ocrx_word' id='word_1_272' title='bbox 375 3335 514 3376; x_wconf 86' lang='lat' dir='ltr'><strong>Laert.</strong></span> <span class='ocrx_word' id='word_1_273' title='bbox 544 3336 657 3375; x_wconf 92' lang='lat' dir='ltr'><strong>VlII.</strong></span> <span class='ocrx_word' id='word_1_274' title='bbox 690 3336 758 3376; x_wconf 82' lang='lat'><strong>5⁷.</strong></span> <span class='ocrx_word' id='word_1_275' title='bbox 795 3333 895 3374; x_wconf 87' lang='lat' dir='ltr'><strong>fecit</strong></span> <span class='ocrx_word' id='word_1_276' title='bbox 920 3331 1084 3386; x_wconf 84' lang='grc' dir='ltr'><strong><em>προοί-</em></strong></span> 
     </span>
     <span class='ocr_line' id='line_1_55' title="bbox 239 3385 1081 3446; baseline -0.005 -13"><span class='ocrx_word' id='word_1_277' title='bbox 239 3405 350 3446; x_wconf 88' lang='grc' dir='ltr'><strong><em>μιον</em></strong></span> <span class='ocrx_word' id='word_1_278' title='bbox 380 3387 447 3439; x_wconf 80' lang='grc' dir='ltr'><strong>εἰς</strong></span> <span class='ocrx_word' id='word_1_279' title='bbox 480 3385 766 3444; x_wconf 79' lang='grc' dir='ltr'><strong><em>Ἀπόλλωνα,</em></strong></span> <span class='ocrx_word' id='word_1_280' title='bbox 797 3390 980 3442; x_wconf 83' lang='lat' dir='ltr'><strong>itemque</strong></span> <span class='ocrx_word' id='word_1_281' title='bbox 1010 3389 1081 3429; x_wconf 91' lang='lat' dir='ltr'><strong>Al-</strong></span> 
     </span>
     <span class='ocr_line' id='line_1_56' title="bbox 241 3422 1085 3500; baseline -0.005 -9"><span class='ocrx_word' id='word_1_282' title='bbox 241 3461 366 3492; x_wconf 84' lang='lat' dir='ltr'><strong>caeus</strong></span> <span class='ocrx_word' id='word_1_283' title='bbox 395 3454 501 3489; x_wconf 85' lang='lat' dir='ltr'><strong>teste</strong></span> <span class='ocrx_word' id='word_1_284' title='bbox 528 3447 654 3491; x_wconf 84' lang='lat' dir='ltr'><strong>Paus</strong></span> <span class='ocrx_word' id='word_1_285' title='bbox 680 3447 735 3492; x_wconf 90' lang='lat' dir='ltr'><strong>X.</strong></span> <span class='ocrx_word' id='word_1_286' title='bbox 755 3422 798 3489; x_wconf 89' lang='grc'><strong>8.</strong></span> <span class='ocrx_word' id='word_1_287' title='bbox 834 3444 1085 3500; x_wconf 80' lang='grc' dir='ltr'><strong><em>προοίμιον</em></strong></span> 
     </span>
    </p>
   </div>
   <div class='ocr_carea' id='block_1_4' title="bbox 1158 548 2005 780">
    <p class='ocr_par' dir='ltr' id='par_1_4' title="bbox 1158 548 2005 780">
     <span class='ocr_line' id='line_1_57' title="bbox 1161 548 2004 610; baseline -0.001 -12"><span class='ocrx_word' id='word_1_288' title='bbox 1161 551 1228 605; x_wconf 81' lang='grc' dir='ltr'><strong>εἰς</strong></span> <span class='ocrx_word' id='word_1_289' title='bbox 1245 548 1510 598; x_wconf 78' lang='grc' dir='ltr'><strong><em>Ἀπόλλωνα</em></strong></span> <span class='ocrx_word' id='word_1_290' title='bbox 1529 557 1693 602; x_wconf 82' lang='lat' dir='ltr'><strong>cecinit.</strong></span> <span class='ocrx_word' id='word_1_291' title='bbox 1715 557 1856 597; x_wconf 91' lang='lat' dir='ltr'><strong>Talem</strong></span> <span class='ocrx_word' id='word_1_292' title='bbox 1878 556 2004 610; x_wconf 87' lang='lat' dir='ltr'><strong>igitur</strong></span> 
     </span>
     <span class='ocr_line' id='line_1_58' title="bbox 1158 612 2003 668; baseline 0.004 -17"><span class='ocrx_word' id='word_1_293' title='bbox 1158 612 1361 665; x_wconf 84' lang='lat' dir='ltr'><strong>hymnum</strong></span> <span class='ocrx_word' id='word_1_294' title='bbox 1384 614 1448 654; x_wconf 90' lang='lat' dir='ltr'><strong>vel</strong></span> <span class='ocrx_word' id='word_1_295' title='bbox 1470 626 1675 667; x_wconf 89' lang='lat' dir='ltr'><strong>paeanem</strong></span> <span class='ocrx_word' id='word_1_296' title='bbox 1696 613 1737 653; x_wconf 89' lang='lat' dir='ltr'><strong>in</strong></span> <span class='ocrx_word' id='word_1_297' title='bbox 1761 613 2003 668; x_wconf 88' lang='lat' dir='ltr'><strong>Apollinem</strong></span> 
     </span>
     <span class='ocr_line' id='line_1_59' title="bbox 1159 669 2005 724; baseline 0.001 -14"><span class='ocrx_word' id='word_1_298' title='bbox 1159 669 1355 711; x_wconf 84' lang='lat' dir='ltr'><strong>Socrates</strong></span> <span class='ocrx_word' id='word_1_299' title='bbox 1378 682 1545 722; x_wconf 86' lang='lat' dir='ltr'><strong>quoque</strong></span> <span class='ocrx_word' id='word_1_300' title='bbox 1565 671 1822 724; x_wconf 78' lang='lat' dir='ltr'><strong>composuit,</strong></span> <span class='ocrx_word' id='word_1_301' title='bbox 1847 670 2005 724; x_wconf 91' lang='lat' dir='ltr'><strong>quippe</strong></span> 
     </span>
     <span class='ocr_line' id='line_1_60' title="bbox 1158 726 2005 780; baseline 0.001 -14"><span class='ocrx_word' id='word_1_302' title='bbox 1158 739 1254 767; x_wconf 85' lang='lat' dir='ltr'><strong>cum</strong></span> <span class='ocrx_word' id='word_1_303' title='bbox 1284 726 1497 780; x_wconf 88' lang='lat' dir='ltr'><strong>Apollinis</strong></span> <span class='ocrx_word' id='word_1_304' title='bbox 1529 739 1649 768; x_wconf 87' lang='lat' dir='ltr'><strong>sacra</strong></span> <span class='ocrx_word' id='word_1_305' title='bbox 1669 727 1840 768; x_wconf 89' lang='lat' dir='ltr'><strong>Deliaca</strong></span> <span class='ocrx_word' id='word_1_306' title='bbox 1862 733 2005 768; x_wconf 87' lang='lat' dir='ltr'><strong>essent</strong></span> 
     </span>
    </p>
   </div>
   <div class='ocr_carea' id='block_1_5' title="bbox 1135 783 2005 837">
    <p class='ocr_par' dir='ltr' id='par_1_5' title="bbox 1135 783 2005 837">
     <span class='ocr_line' id='line_1_61' title="bbox 1135 783 2005 837; baseline 0.001 -15"><span class='ocrx_word' id='word_1_307' title='bbox 1135 783 1373 835; x_wconf 80' lang='lat' dir='ltr'><strong>instituta,</strong></span> <span class='ocrx_word' id='word_1_308' title='bbox 1414 783 1599 823; x_wconf 89' lang='lat' dir='ltr'><strong>animum</strong></span> <span class='ocrx_word' id='word_1_309' title='bbox 1637 784 1762 824; x_wconf 89' lang='lat' dir='ltr'><strong>simul</strong></span> <span class='ocrx_word' id='word_1_310' title='bbox 1801 783 2005 837; x_wconf 86' lang='lat' dir='ltr'><strong>religione</strong></span> 
     </span>
    </p>
   </div>
   <div class='ocr_carea' id='block_1_6' title="bbox 1158 839 2015 3499">
    <p class='ocr_par' dir='ltr' id='par_1_6' title="bbox 1158 839 2007 1289">
     <span class='ocr_line' id='line_1_62' title="bbox 1158 839 2006 893; baseline 0.001 -14"><span class='ocrx_word' id='word_1_311' title='bbox 1158 839 1440 881; x_wconf 86' lang='lat' dir='ltr'><strong>exsoluturus.</strong></span> <span class='ocrx_word' id='word_1_312' title='bbox 1520 840 1748 893; x_wconf 84' lang='lat' dir='ltr'><strong>Egregium</strong></span> <span class='ocrx_word' id='word_1_313' title='bbox 1794 853 1892 880; x_wconf 89' lang='lat' dir='ltr'><strong>vero</strong></span> <span class='ocrx_word' id='word_1_314' title='bbox 1942 847 2006 880; x_wconf 88' lang='lat' dir='ltr'><strong>est</strong></span> 
     </span>
     <span class='ocr_line' id='line_1_63' title="bbox 1159 896 2006 951; baseline 0.001 -16"><span class='ocrx_word' id='word_1_315' title='bbox 1159 897 1276 937; x_wconf 87' lang='lat' dir='ltr'><strong>istud</strong></span> <span class='ocrx_word' id='word_1_316' title='bbox 1314 896 1538 950; x_wconf 82' lang='lat' dir='ltr'><strong>religiosae</strong></span> <span class='ocrx_word' id='word_1_317' title='bbox 1576 897 1749 951; x_wconf 84' lang='lat' dir='ltr'><strong>pietatis</strong></span> <span class='ocrx_word' id='word_1_318' title='bbox 1797 908 1846 936; x_wconf 89' lang='lat' dir='ltr'><strong>ac</strong></span> <span class='ocrx_word' id='word_1_319' title='bbox 1886 909 2006 937; x_wconf 88' lang='lat' dir='ltr'><strong>vere-</strong></span> 
     </span>
     <span class='ocr_line' id='line_1_64' title="bbox 1159 953 2006 1005; baseline -0.001 -12"><span class='ocrx_word' id='word_1_320' title='bbox 1159 953 1339 993; x_wconf 86' lang='lat' dir='ltr'><strong>cundiae</strong></span> <span class='ocrx_word' id='word_1_321' title='bbox 1387 953 1685 994; x_wconf 85' lang='lat' dir='ltr'><strong>documentum</strong></span> <span class='ocrx_word' id='word_1_322' title='bbox 1704 984 1715 1004; x_wconf 89' lang='lat'><strong>,</strong></span> <span class='ocrx_word' id='word_1_323' title='bbox 1767 953 1882 1005; x_wconf 90' lang='lat' dir='ltr'><strong>quod</strong></span> <span class='ocrx_word' id='word_1_324' title='bbox 1938 953 2006 993; x_wconf 87' lang='lat' dir='ltr'><strong>vel</strong></span> 
     </span>
     <span class='ocr_line' id='line_1_65' title="bbox 1162 1009 2005 1063; baseline -0.001 -13"><span class='ocrx_word' id='word_1_325' title='bbox 1162 1023 1292 1050; x_wconf 88' lang='lat' dir='ltr'><strong>unum</strong></span> <span class='ocrx_word' id='word_1_326' title='bbox 1313 1011 1415 1051; x_wconf 85' lang='lat' dir='ltr'><strong>satis</strong></span> <span class='ocrx_word' id='word_1_327' title='bbox 1437 1010 1574 1051; x_wconf 87' lang='lat' dir='ltr'><strong>valeat</strong></span> <span class='ocrx_word' id='word_1_328' title='bbox 1593 1010 1647 1050; x_wconf 88' lang='lat' dir='ltr'><strong>ad</strong></span> <span class='ocrx_word' id='word_1_329' title='bbox 1668 1009 2005 1063; x_wconf 86' lang='lat' dir='ltr'><strong>redarguendum</strong></span> 
     </span>
     <span class='ocr_line' id='line_1_66' title="bbox 1161 1067 2005 1119; baseline 0 -13"><span class='ocrx_word' id='word_1_330' title='bbox 1161 1068 1316 1107; x_wconf 86' lang='lat' dir='ltr'><strong>crimen</strong></span> <span class='ocrx_word' id='word_1_331' title='bbox 1371 1074 1687 1117; x_wconf 83' lang='lat' dir='ltr'><strong>accusatorum,</strong></span> <span class='ocrx_word' id='word_1_332' title='bbox 1749 1068 1821 1119; x_wconf 90' lang='lat' dir='ltr'><strong>qui</strong></span> <span class='ocrx_word' id='word_1_333' title='bbox 1871 1067 2005 1108; x_wconf 90' lang='lat' dir='ltr'><strong>virum</strong></span> 
     </span>
     <span class='ocr_line' id='line_1_67' title="bbox 1163 1123 2007 1178; baseline 0 -15"><span class='ocrx_word' id='word_1_334' title='bbox 1163 1124 1475 1164; x_wconf 86' lang='lat' dir='ltr'><strong>sanctissimum</strong></span> <span class='ocrx_word' id='word_1_335' title='bbox 1506 1123 1735 1178; x_wconf 88' lang='lat' dir='ltr'><strong>impietatis</strong></span> <span class='ocrx_word' id='word_1_336' title='bbox 1756 1136 1873 1164; x_wconf 89' lang='lat' dir='ltr'><strong>reum</strong></span> <span class='ocrx_word' id='word_1_337' title='bbox 1898 1123 2007 1177; x_wconf 87' lang='lat' dir='ltr'><strong>egis-</strong></span> 
     </span>
     <span class='ocr_line' id='line_1_68' title="bbox 1162 1179 2007 1250; baseline -0.002 -30"><span class='ocrx_word' id='word_1_338' title='bbox 1162 1187 1271 1220; x_wconf 88' lang='lat' dir='ltr'><strong>sent.</strong></span> <span class='ocrx_word' id='word_1_339' title='bbox 1319 1180 1379 1220; x_wconf 92' lang='lat' dir='ltr'><strong>De</strong></span> <span class='ocrx_word' id='word_1_340' title='bbox 1410 1179 1595 1221; x_wconf 89' lang='lat' dir='ltr'><strong>Soc1atis</strong></span> <span class='ocrx_word' id='word_1_341' title='bbox 1631 1186 1770 1221; x_wconf 90' lang='lat' dir='ltr'><strong>autem</strong></span> <span class='ocrx_word' id='word_1_342' title='bbox 1810 1186 2007 1250; x_wconf 85' lang='lat' dir='ltr'><strong>poemate</strong></span> 
     </span>
     <span class='ocr_line' id='line_1_69' title="bbox 1162 1233 2007 1289; baseline 0 -12"><span class='ocrx_word' id='word_1_343' title='bbox 1162 1238 1309 1278; x_wconf 87' lang='lat' dir='ltr'><strong>audias</strong></span> <span class='ocrx_word' id='word_1_344' title='bbox 1339 1237 1461 1289; x_wconf 88' lang='lat' dir='ltr'><strong>Diog.</strong></span> <span class='ocrx_word' id='word_1_345' title='bbox 1485 1237 1623 1279; x_wconf 83' lang='lat' dir='ltr'><strong>Laert.</strong></span> <span class='ocrx_word' id='word_1_346' title='bbox 1647 1239 1699 1281; x_wconf 89' lang='grc' dir='ltr'><strong>ΙΙ.</strong></span> <span class='ocrx_word' id='word_1_347' title='bbox 1719 1237 1788 1280; x_wconf 89' lang='grc'><strong>42.</strong></span> <span class='ocrx_word' id='word_1_348' title='bbox 1817 1233 1902 1278; x_wconf 81' lang='grc' dir='ltr'><strong>καὶ</strong></span> <span class='ocrx_word' id='word_1_349' title='bbox 1931 1234 2007 1277; x_wconf 78' lang='grc' dir='ltr'><strong>δε-</strong></span> 
     </span>
    </p>

    <p class='ocr_par' dir='ltr' id='par_1_7' title="bbox 1162 1290 2006 1347">
     <span class='ocr_line' id='line_1_70' title="bbox 1162 1290 2006 1347; baseline -0.001 -12"><span class='ocrx_word' id='word_1_350' title='bbox 1162 1291 1271 1342; x_wconf 79' lang='grc' dir='ltr'><strong><em>θεὶς</em></strong></span> <span class='ocrx_word' id='word_1_351' title='bbox 1294 1317 1345 1322; x_wconf 84' lang='lat'><strong>—</strong></span> <span class='ocrx_word' id='word_1_352' title='bbox 1367 1290 1450 1335; x_wconf 79' lang='grc' dir='ltr'><strong>καὶ</strong></span> <span class='ocrx_word' id='word_1_353' title='bbox 1471 1291 1696 1335; x_wconf 78' lang='grc' dir='ltr'><strong><em>παιᾶνα</em></strong></span> <span class='ocrx_word' id='word_1_354' title='bbox 1718 1294 1764 1344; x_wconf 90' lang='lat' dir='ltr'><strong>(i.</strong></span> <span class='ocrx_word' id='word_1_355' title='bbox 1782 1307 1822 1346; x_wconf 94' lang='lat' dir='ltr'>q</span> <span class='ocrx_word' id='word_1_356' title='bbox 1844 1290 2006 1347; x_wconf 84' lang='grc' dir='ltr'><strong><em>προοί-</em></strong></span> 
     </span>
    </p>

    <p class='ocr_par' dir='ltr' id='par_1_8' title="bbox 1162 1349 2007 1418">
     <span class='ocr_line' id='line_1_71' title="bbox 1162 1349 2007 1418; baseline -0.005 -26"><span class='ocrx_word' id='word_1_357' title='bbox 1162 1363 1272 1405; x_wconf 87' lang='grc' dir='ltr'><strong><em>μιον</em></strong></span> <span class='ocrx_word' id='word_1_358' title='bbox 1321 1363 1355 1393; x_wconf 90' lang='grc'><strong>5.</strong></span> <span class='ocrx_word' id='word_1_359' title='bbox 1408 1349 1657 1418; x_wconf 87' lang='lat' dir='ltr'><strong>hymnum</strong></span> <span class='ocrx_word' id='word_1_360' title='bbox 1705 1350 1750 1390; x_wconf 87' lang='lat' dir='ltr'><strong>in</strong></span> <span class='ocrx_word' id='word_1_361' title='bbox 1796 1349 2007 1416; x_wconf 87' lang='lat' dir='ltr'><strong>Apolli-</strong></span> 
     </span>
    </p>

    <p class='ocr_par' dir='ltr' id='par_1_9' title="bbox 1163 1394 2007 1518">
     <span class='ocr_line' id='line_1_72' title="bbox 1163 1394 2007 1482; baseline 0.002 -36"><span class='ocrx_word' id='word_1_362' title='bbox 1163 1405 1306 1482; x_wconf 44' lang='lat' dir='ltr'><strong>nem).</strong></span> <span class='ocrx_word' id='word_1_363' title='bbox 1320 1399 1445 1448; x_wconf 75' lang='grc' dir='ltr'><strong><em>κατά</em></strong></span> <span class='ocrx_word' id='word_1_364' title='bbox 1473 1421 1608 1473; x_wconf 86' lang='grc' dir='ltr'><strong><em>τινας</em></strong></span> <span class='ocrx_word' id='word_1_365' title='bbox 1631 1399 1869 1460; x_wconf 80' lang='grc' dir='ltr'><strong><em>ἐποίησεν,</em></strong></span> <span class='ocrx_word' id='word_1_366' title='bbox 1898 1394 1955 1448; x_wconf 80' lang='grc' dir='ltr'><strong>οὗ</strong></span> <span class='ocrx_word' id='word_1_367' title='bbox 1977 1399 2007 1459; x_wconf 85' lang='grc' dir='ltr'>ἡ</span> 
     </span>
     <span class='ocr_line' id='line_1_73' title="bbox 1163 1455 2007 1533; baseline -0.001 -28"><span class='ocrx_word' id='word_1_368' title='bbox 1163 1473 1306 1518; x_wconf 86' lang='grc' dir='ltr'><strong><em>αρχη·</em></strong></span> <span class='ocrx_word' id='word_1_369' title='bbox 1342 1456 1513 1533; x_wconf 67' lang='grc' dir='ltr'><em>Δήλι’</em></span> <span class='ocrx_word' id='word_1_370' title='bbox 1547 1455 1840 1516; x_wconf 76' lang='grc' dir='ltr'><strong><em>Ἄπολλον,</em></strong></span> <span class='ocrx_word' id='word_1_371' title='bbox 1882 1465 2007 1518; x_wconf 82' lang='grc' dir='ltr'><strong><em>χαῖ-</em></strong></span> 
     </span>
    </p>

    <p class='ocr_par' dir='ltr' id='par_1_10' title="bbox 1163 1514 2008 1574">
     <span class='ocr_line' id='line_1_74' title="bbox 1163 1514 2008 1574; baseline -0.001 -13"><span class='ocrx_word' id='word_1_372' title='bbox 1163 1533 1244 1573; x_wconf 84' lang='grc' dir='ltr'><strong>ρε,</strong></span> <span class='ocrx_word' id='word_1_373' title='bbox 1276 1517 1377 1561; x_wconf 82' lang='grc' dir='ltr'><strong>καὶ</strong></span> <span class='ocrx_word' id='word_1_374' title='bbox 1404 1514 1644 1574; x_wconf 75' lang='grc' dir='ltr'><strong><em>Ἄρτεμι,</em></strong></span> <span class='ocrx_word' id='word_1_375' title='bbox 1675 1518 1854 1561; x_wconf 80' lang='grc' dir='ltr'><em>παῖδε</em></span> <span class='ocrx_word' id='word_1_376' title='bbox 1881 1520 2008 1561; x_wconf 77' lang='grc' dir='ltr'><strong><em>κλε-</em></strong></span> 
     </span>
    </p>

    <p class='ocr_par' dir='ltr' id='par_1_11' title="bbox 1161 1570 2009 1687">
     <span class='ocr_line' id='line_1_75' title="bbox 1164 1570 2009 1630; baseline -0.004 -12"><span class='ocrx_word' id='word_1_377' title='bbox 1164 1570 1307 1618; x_wconf 81' lang='grc' dir='ltr'><strong>εινώ.</strong></span> <span class='ocrx_word' id='word_1_378' title='bbox 1338 1577 1541 1619; x_wconf 85' lang='lat' dir='ltr'><strong>Themist.</strong></span> <span class='ocrx_word' id='word_1_379' title='bbox 1565 1576 1677 1620; x_wconf 87' lang='lat' dir='ltr'><strong>Orat.</strong></span> <span class='ocrx_word' id='word_1_380' title='bbox 1698 1590 1741 1630; x_wconf 89' lang='lat' dir='ltr'><strong>p.</strong></span> <span class='ocrx_word' id='word_1_381' title='bbox 1763 1578 1832 1618; x_wconf 87' lang='grc'><strong>32.</strong></span> <span class='ocrx_word' id='word_1_382' title='bbox 1856 1577 1921 1617; x_wconf 87' lang='lat' dir='ltr'><strong>ed.</strong></span> <span class='ocrx_word' id='word_1_383' title='bbox 1942 1575 2009 1618; x_wconf 80' lang='lat' dir='ltr'><strong>Dr.</strong></span> 
     </span>
     <span class='ocr_line' id='line_1_76' title="bbox 1161 1627 2007 1702; baseline 0 -28"><span class='ocrx_word' id='word_1_384' title='bbox 1161 1630 1245 1674; x_wconf 77' lang='grc' dir='ltr'><strong>καὶ</strong></span> <span class='ocrx_word' id='word_1_385' title='bbox 1269 1629 1365 1675; x_wconf 76' lang='grc' dir='ltr'><strong><em>ἔστι</em></strong></span> <span class='ocrx_word' id='word_1_386' title='bbox 1386 1627 1643 1702; x_wconf 82' lang='grc' dir='ltr'><strong><em>Σωκρατει</em></strong></span> <span class='ocrx_word' id='word_1_387' title='bbox 1656 1632 1914 1701; x_wconf 84' lang='grc' dir='ltr'><strong><em>προοίμιον</em></strong></span> <span class='ocrx_word' id='word_1_388' title='bbox 1927 1645 2007 1674; x_wconf 81' lang='grc' dir='ltr'><strong>πε-</strong></span> 
     </span>
    </p>

    <p class='ocr_par' dir='ltr' id='par_1_12' title="bbox 1161 1681 2009 1857">
     <span class='ocr_line' id='line_1_77' title="bbox 1161 1681 2009 1756; baseline -0.001 -25"><span class='ocrx_word' id='word_1_389' title='bbox 1161 1685 1421 1756; x_wconf 85' lang='grc' dir='ltr'><strong><em>ποιημένον</em></strong></span> <span class='ocrx_word' id='word_1_390' title='bbox 1481 1683 1531 1732; x_wconf 76' lang='grc' dir='ltr'><strong>ἐν</strong></span> <span class='ocrx_word' id='word_1_391' title='bbox 1590 1682 1711 1743; x_wconf 83' lang='grc' dir='ltr'><strong><em>τόνῳ</em></strong></span> <span class='ocrx_word' id='word_1_392' title='bbox 1771 1681 2009 1743; x_wconf 71' lang='grc' dir='ltr'><strong><em>ἑξαμέτρῳ</em></strong></span> 
     </span>
     <span class='ocr_line' id='line_1_78' title="bbox 1161 1740 2009 1814; baseline -0.004 -26"><span class='ocrx_word' id='word_1_393' title='bbox 1161 1742 1279 1799; x_wconf 82' lang='grc' dir='ltr'><strong><em>πρὸς</em></strong></span> <span class='ocrx_word' id='word_1_394' title='bbox 1320 1740 1405 1788; x_wconf 86' lang='grc' dir='ltr'><strong>τὸν</strong></span> <span class='ocrx_word' id='word_1_395' title='bbox 1444 1740 1579 1789; x_wconf 79' lang='grc' dir='ltr'><strong><em>θεόν.</em></strong></span> <span class='ocrx_word' id='word_1_396' title='bbox 1583 1747 1802 1814; x_wconf 84' lang='lat' dir='ltr'><strong>Epictet</strong></span> <span class='ocrx_word' id='word_1_397' title='bbox 1834 1746 2009 1787; x_wconf 87' lang='lat' dir='ltr'><strong>Dissert.</strong></span> 
     </span>
     <span class='ocr_line' id='line_1_79' title="bbox 1164 1793 2008 1868; baseline -0.001 -24"><span class='ocrx_word' id='word_1_398' title='bbox 1164 1805 1235 1845; x_wconf 90' lang='lat' dir='ltr'><strong>IV.</strong></span> <span class='ocrx_word' id='word_1_399' title='bbox 1258 1804 1297 1847; x_wconf 87' lang='lat'><strong>4.</strong></span> <span class='ocrx_word' id='word_1_400' title='bbox 1321 1801 1404 1844; x_wconf 78' lang='grc' dir='ltr'><strong>καὶ</strong></span> <span class='ocrx_word' id='word_1_401' title='bbox 1433 1802 1532 1851; x_wconf 82' lang='grc' dir='ltr'><strong>πῶς</strong></span> <span class='ocrx_word' id='word_1_402' title='bbox 1561 1793 1621 1843; x_wconf 78' lang='grc' dir='ltr'><strong><em>ὂὶν</em></strong></span> <span class='ocrx_word' id='word_1_403' title='bbox 1643 1799 1711 1845; x_wconf 81' lang='grc' dir='ltr'><strong>ἐτι</strong></span> <span class='ocrx_word' id='word_1_404' title='bbox 1731 1817 1792 1857; x_wconf 90' lang='grc' dir='ltr'><strong>ην</strong></span> <span class='ocrx_word' id='word_1_405' title='bbox 1814 1795 2008 1868; x_wconf 62' lang='lat' dir='ltr'><strong>Zamuci-</strong></span> 
     </span>
    </p>

    <p class='ocr_par' dir='ltr' id='par_1_13' title="bbox 1164 1850 2012 2027">
     <span class='ocr_line' id='line_1_80' title="bbox 1164 1850 2010 1929; baseline 0 -28"><span class='ocrx_word' id='word_1_406' title='bbox 1164 1874 1264 1929; x_wconf 84' lang='grc' dir='ltr'><strong><em>της,</em></strong></span> <span class='ocrx_word' id='word_1_407' title='bbox 1297 1857 1341 1902; x_wconf 85' lang='grc' dir='ltr'><strong>εἰ</strong></span> <span class='ocrx_word' id='word_1_408' title='bbox 1366 1860 1521 1902; x_wconf 80' lang='grc' dir='ltr'><strong><em>ταῦτα</em></strong></span> <span class='ocrx_word' id='word_1_409' title='bbox 1552 1852 1782 1925; x_wconf 57' lang='grc' dir='ltr'><strong>ωὸιξρετο;</strong></span> <span class='ocrx_word' id='word_1_410' title='bbox 1820 1858 1919 1908; x_wconf 83' lang='grc' dir='ltr'><strong>πῶς</strong></span> <span class='ocrx_word' id='word_1_411' title='bbox 1948 1850 2010 1901; x_wconf 82' lang='grc' dir='ltr'><strong>οὶν</strong></span> 
     </span>
     <span class='ocr_line' id='line_1_81' title="bbox 1165 1909 2012 1986; baseline -0.001 -28"><span class='ocrx_word' id='word_1_412' title='bbox 1165 1912 1235 1959; x_wconf 77' lang='grc' dir='ltr'><strong>ἔτι</strong></span> <span class='ocrx_word' id='word_1_413' title='bbox 1257 1909 1307 1958; x_wconf 80' lang='grc' dir='ltr'><strong>ἐν</strong></span> <span class='ocrx_word' id='word_1_414' title='bbox 1324 1915 1524 1986; x_wconf 79' lang='grc' dir='ltr'><strong><em>φυλακῇ</em></strong></span> <span class='ocrx_word' id='word_1_415' title='bbox 1539 1916 1752 1982; x_wconf 76' lang='grc' dir='ltr'><strong><em>παιᾶνας</em></strong></span> <span class='ocrx_word' id='word_1_416' title='bbox 1759 1911 2010 1980; x_wconf 77' lang='grc' dir='ltr'><strong><em>ἔγραφεν</em></strong></span> <span class='ocrx_word' id='word_1_417' title='bbox 1999 1947 2012 1967; x_wconf 85' lang='grc'><strong>,</strong></span> 
     </span>
     <span class='ocr_line' id='line_1_82' title="bbox 1166 1965 2009 2036; baseline -0.001 -22"><span class='ocrx_word' id='word_1_418' title='bbox 1166 1974 1281 2014; x_wconf 88' lang='lat' dir='ltr'><strong>Idem</strong></span> <span class='ocrx_word' id='word_1_419' title='bbox 1303 1974 1354 2014; x_wconf 91' lang='grc' dir='ltr'><strong>ΙΙ.</strong></span> <span class='ocrx_word' id='word_1_420' title='bbox 1358 1975 1416 2014; x_wconf 84' lang='grc'><strong>-.6</strong></span> <span class='ocrx_word' id='word_1_421' title='bbox 1447 1970 1531 2015; x_wconf 83' lang='grc' dir='ltr'><strong>καὶ</strong></span> <span class='ocrx_word' id='word_1_422' title='bbox 1559 1965 1660 2014; x_wconf 86' lang='grc' dir='ltr'><strong><em>τότ’</em></strong></span> <span class='ocrx_word' id='word_1_423' title='bbox 1691 1966 1904 2036; x_wconf 80' lang='grc' dir='ltr'><em>ἐσόμεθα</em></span> <span class='ocrx_word' id='word_1_424' title='bbox 1933 1971 2009 2026; x_wconf 80' lang='grc' dir='ltr'><strong>ζη-</strong></span> 
     </span>
    </p>

    <p class='ocr_par' dir='ltr' id='par_1_14' title="bbox 1166 2020 2010 2096">
     <span class='ocr_line' id='line_1_83' title="bbox 1166 2020 2010 2096; baseline -0.002 -24"><span class='ocrx_word' id='word_1_425' title='bbox 1166 2027 1311 2072; x_wconf 82' lang='grc' dir='ltr'><strong><em>λωταὶ</em></strong></span> <span class='ocrx_word' id='word_1_426' title='bbox 1352 2023 1662 2096; x_wconf 77' lang='grc' dir='ltr'><em>Σωκράτους,</em></span> <span class='ocrx_word' id='word_1_427' title='bbox 1691 2020 1809 2071; x_wconf 77' lang='grc' dir='ltr'><strong><em>ὅταν</em></strong></span> <span class='ocrx_word' id='word_1_428' title='bbox 1838 2023 1891 2071; x_wconf 79' lang='grc' dir='ltr'><strong>ἐν</strong></span> <span class='ocrx_word' id='word_1_429' title='bbox 1918 2042 2010 2095; x_wconf 88' lang='grc' dir='ltr'><strong>φυ-</strong></span> 
     </span>
    </p>

    <p class='ocr_par' dir='ltr' id='par_1_15' title="bbox 1167 2081 2010 2197">
     <span class='ocr_line' id='line_1_84' title="bbox 1167 2081 2010 2141; baseline -0.002 -13"><span class='ocrx_word' id='word_1_430' title='bbox 1167 2085 1287 2140; x_wconf 75' lang='grc' dir='ltr'><strong>λακῇ</strong></span> <span class='ocrx_word' id='word_1_431' title='bbox 1317 2081 1581 2141; x_wconf 80' lang='grc' dir='ltr'><strong><em>δυνώμεθα</em></strong></span> <span class='ocrx_word' id='word_1_432' title='bbox 1616 2085 1871 2135; x_wconf 79' lang='grc' dir='ltr'><strong><em>παιᾶνας</em></strong></span> <span class='ocrx_word' id='word_1_433' title='bbox 1899 2099 2010 2140; x_wconf 70' lang='grc' dir='ltr'><strong><em>’γρα-</em></strong></span> 
     </span>
     <span class='ocr_line' id='line_1_85' title="bbox 1167 2136 2007 2197; baseline -0.005 -11"><span class='ocrx_word' id='word_1_434' title='bbox 1167 2156 1294 2197; x_wconf 84' lang='grc' dir='ltr'><strong><em>φειν.</em></strong></span> <span class='ocrx_word' id='word_1_435' title='bbox 1327 2144 1482 2185; x_wconf 86' lang='lat' dir='ltr'><strong>Suidas</strong></span> <span class='ocrx_word' id='word_1_436' title='bbox 1513 2144 1554 2183; x_wconf 92' lang='lat' dir='ltr'><strong>in</strong></span> <span class='ocrx_word' id='word_1_437' title='bbox 1578 2157 1617 2184; x_wconf 87' lang='lat' dir='ltr'><strong>v.</strong></span> <span class='ocrx_word' id='word_1_438' title='bbox 1640 2136 1900 2197; x_wconf 74' lang='grc' dir='ltr'><strong><em>Σωκράτης</em></strong></span> <span class='ocrx_word' id='word_1_439' title='bbox 1920 2155 2007 2182; x_wconf 90' lang='lat' dir='ltr'><strong>me-</strong></span> 
     </span>
    </p>

    <p class='ocr_par' dir='ltr' id='par_1_16' title="bbox 1164 2191 2013 2756">
     <span class='ocr_line' id='line_1_86' title="bbox 1166 2191 2011 2267; baseline 0 -26"><span class='ocrx_word' id='word_1_440' title='bbox 1166 2209 1301 2241; x_wconf 84' lang='lat' dir='ltr'><strong>morat</strong></span> <span class='ocrx_word' id='word_1_441' title='bbox 1360 2202 1459 2241; x_wconf 86' lang='lat' dir='ltr'><strong>item</strong></span> <span class='ocrx_word' id='word_1_442' title='bbox 1506 2191 1658 2267; x_wconf 76' lang='grc' dir='ltr'><strong><em>ὕμνον</em></strong></span> <span class='ocrx_word' id='word_1_443' title='bbox 1705 2199 1890 2241; x_wconf 83' lang='lat' dir='ltr'><strong>Socratis</strong></span> <span class='ocrx_word' id='word_1_444' title='bbox 1943 2195 2011 2248; x_wconf 82' lang='grc' dir='ltr'><strong>εἰς</strong></span> 
     </span>
     <span class='ocr_line' id='line_1_87' title="bbox 1160 2249 2009 2311; baseline -0.004 -11.975"><span class='ocrx_word' id='word_1_445' title='bbox 1160 2249 1427 2299; x_wconf 77' lang='grc' dir='ltr'><strong><em>Ἀπόλλωνα</em></strong></span> <span class='ocrx_word' id='word_1_446' title='bbox 1450 2253 1533 2299; x_wconf 75' lang='grc' dir='ltr'><strong>καὶ</strong></span> <span class='ocrx_word' id='word_1_447' title='bbox 1548 2249 1776 2311; x_wconf 69' lang='grc' dir='ltr'><strong><em>Ἄρτεμιν.</em></strong></span> <span class='ocrx_word' id='word_1_448' title='bbox 1818 2257 2009 2297; x_wconf 88' lang='lat' dir='ltr'><strong>Eundem</strong></span> 
     </span>
     <span class='ocr_line' id='line_1_88' title="bbox 1163 2313 2009 2368; baseline -0.001 -12.996"><span class='ocrx_word' id='word_1_449' title='bbox 1163 2320 1379 2368; x_wconf 89' lang='lat' dir='ltr'><strong>respectat</strong></span> <span class='ocrx_word' id='word_1_450' title='bbox 1420 2314 1547 2354; x_wconf 83' lang='lat' dir='ltr'><strong>etiam</strong></span> <span class='ocrx_word' id='word_1_451' title='bbox 1585 2314 1715 2368; x_wconf 90' lang='lat' dir='ltr'><strong>Apul.</strong></span> <span class='ocrx_word' id='word_1_452' title='bbox 1757 2313 1924 2354; x_wconf 82' lang='lat' dir='ltr'><strong>Florida</strong></span> <span class='ocrx_word' id='word_1_453' title='bbox 1966 2326 2009 2366; x_wconf 90' lang='lat' dir='ltr'><strong>p.</strong></span> 
     </span>
     <span class='ocr_line' id='line_1_89' title="bbox 1167 2370 2011 2415; baseline -0.002 -2"><span class='ocrx_word' id='word_1_454' title='bbox 1167 2373 1264 2415; x_wconf 88' lang='lat'><strong>303.</strong></span> <span class='ocrx_word' id='word_1_455' title='bbox 1309 2372 1375 2411; x_wconf 90' lang='lat' dir='ltr'><strong>ed.</strong></span> <span class='ocrx_word' id='word_1_456' title='bbox 1417 2371 1525 2412; x_wconf 84' lang='lat' dir='ltr'><strong>Elm.</strong></span> <span class='ocrx_word' id='word_1_457' title='bbox 1570 2371 1729 2411; x_wconf 86' lang='lat' dir='ltr'><strong>verbis:</strong></span> <span class='ocrx_word' id='word_1_458' title='bbox 1773 2370 1928 2411; x_wconf 82' lang='lat' dir='ltr'><strong>Canit</strong></span> <span class='ocrx_word' id='word_1_459' title='bbox 1959 2391 2011 2398; x_wconf 85' lang='lat'><strong>--</strong></span> 
     </span>
     <span class='ocr_line' id='line_1_90' title="bbox 1167 2424 2010 2481; baseline 0 -12"><span class='ocrx_word' id='word_1_460' title='bbox 1167 2428 1426 2470; x_wconf 80' lang='lat' dir='ltr'><strong>Socrates</strong></span> <span class='ocrx_word' id='word_1_461' title='bbox 1443 2426 1515 2480; x_wconf 89' lang='lat' dir='ltr'><strong>(in</strong></span> <span class='ocrx_word' id='word_1_462' title='bbox 1538 2424 2010 2481; x_wconf 59' lang='lat' dir='ltr'><strong>carcereffymnoa</strong></span> 
     </span>
     <span class='ocr_line' id='line_1_91' title="bbox 1170 2483 2013 2537; baseline -0.002 -12"><span class='ocrx_word' id='word_1_463' title='bbox 1170 2485 1364 2526; x_wconf 88' lang='lat' dir='ltr'><strong>Ceterum</strong></span> <span class='ocrx_word' id='word_1_464' title='bbox 1412 2484 1465 2525; x_wconf 88' lang='lat' dir='ltr'><strong>de</strong></span> <span class='ocrx_word' id='word_1_465' title='bbox 1512 2483 1760 2525; x_wconf 83' lang='lat' dir='ltr'><strong>auctoritate</strong></span> <span class='ocrx_word' id='word_1_466' title='bbox 1806 2483 2013 2537; x_wconf 79' lang='lat' dir='ltr'><strong>prooemii</strong></span> 
     </span>
     <span class='ocr_line' id='line_1_92' title="bbox 1166 2540 2013 2594; baseline -0.004 -12"><span class='ocrx_word' id='word_1_467' title='bbox 1166 2541 1380 2593; x_wconf 85' lang='lat' dir='ltr'><strong>quondam</strong></span> <span class='ocrx_word' id='word_1_468' title='bbox 1420 2541 1582 2582; x_wconf 88' lang='lat' dir='ltr'><strong>Socrati</strong></span> <span class='ocrx_word' id='word_1_469' title='bbox 1621 2540 1826 2594; x_wconf 87' lang='lat' dir='ltr'><strong>adscripti</strong></span> <span class='ocrx_word' id='word_1_470' title='bbox 1863 2540 1949 2580; x_wconf 86' lang='lat' dir='ltr'><strong>iam</strong></span> <span class='ocrx_word' id='word_1_471' title='bbox 1988 2552 2013 2578; x_wconf 80' lang='lat' dir='ltr'><strong>a</strong></span> 
     </span>
     <span class='ocr_line' id='line_1_93' title="bbox 1164 2597 2013 2651; baseline -0.004 -12"><span class='ocrx_word' id='word_1_472' title='bbox 1164 2598 1459 2651; x_wconf 80' lang='lat' dir='ltr'><strong>Dionysodoro</strong></span> <span class='ocrx_word' id='word_1_473' title='bbox 1501 2597 1737 2638; x_wconf 87' lang='lat' dir='ltr'><strong>dubitatum</strong></span> <span class='ocrx_word' id='word_1_474' title='bbox 1786 2608 1881 2637; x_wconf 88' lang='lat' dir='ltr'><strong>esse</strong></span> <span class='ocrx_word' id='word_1_475' title='bbox 1918 2597 2013 2650; x_wconf 87' lang='lat' dir='ltr'><strong>ipse</strong></span> 
     </span>
     <span class='ocr_line' id='line_1_94' title="bbox 1166 2653 2010 2707; baseline -0.002 -13"><span class='ocrx_word' id='word_1_476' title='bbox 1166 2662 1305 2695; x_wconf 87' lang='lat' dir='ltr'><strong>narrat</strong></span> <span class='ocrx_word' id='word_1_477' title='bbox 1343 2655 1568 2707; x_wconf 84' lang='lat' dir='ltr'><strong>Diogenes,</strong></span> <span class='ocrx_word' id='word_1_478' title='bbox 1611 2653 1682 2705; x_wconf 90' lang='lat' dir='ltr'><strong>qui</strong></span> <span class='ocrx_word' id='word_1_479' title='bbox 1714 2653 1803 2693; x_wconf 91' lang='lat' dir='ltr'><strong>eius</strong></span> <span class='ocrx_word' id='word_1_480' title='bbox 1843 2653 2010 2693; x_wconf 88' lang='lat' dir='ltr'><strong>initium</strong></span> 
     </span>
     <span class='ocr_line' id='line_1_95' title="bbox 1165 2711 1567 2756; baseline -0.007 -4"><span class='ocrx_word' id='word_1_481' title='bbox 1165 2711 1362 2752; x_wconf 87' lang='lat' dir='ltr'><strong>servavit.</strong></span> <span class='ocrx_word' id='word_1_482' title='bbox 1563 2752 1567 2756; x_wconf 61' lang='grc'>,</span> 
     </span>
    </p>

    <p class='ocr_par' dir='ltr' id='par_1_17' title="bbox 1166 2759 2015 3499">
     <span class='ocr_line' id='line_1_96' title="bbox 1222 2759 2014 2820; baseline -0.003 -11"><span class='ocrx_word' id='word_1_483' title='bbox 1222 2759 1471 2820; x_wconf 75' lang='grc' dir='ltr'><strong><em>Εὔηνός]</em></strong></span> <span class='ocrx_word' id='word_1_484' title='bbox 1506 2766 1566 2807; x_wconf 88' lang='lat' dir='ltr'><strong>De</strong></span> <span class='ocrx_word' id='word_1_485' title='bbox 1587 2766 1729 2807; x_wconf 88' lang='lat' dir='ltr'><strong>Eveno</strong></span> <span class='ocrx_word' id='word_1_486' title='bbox 1752 2765 1937 2807; x_wconf 85' lang='lat' dir='ltr'><strong>diximus</strong></span> <span class='ocrx_word' id='word_1_487' title='bbox 1959 2766 2014 2807; x_wconf 85' lang='lat' dir='ltr'><strong>ad</strong></span> 
     </span>
     <span class='ocr_line' id='line_1_97' title="bbox 1166 2821 2015 2877; baseline -0.001 -13"><span class='ocrx_word' id='word_1_488' title='bbox 1166 2824 1347 2877; x_wconf 84' lang='lat' dir='ltr'><strong>Apolog.</strong></span> <span class='ocrx_word' id='word_1_489' title='bbox 1379 2836 1421 2875; x_wconf 88' lang='lat' dir='ltr'><strong>p.</strong></span> <span class='ocrx_word' id='word_1_490' title='bbox 1445 2821 1571 2865; x_wconf 85' lang='lat' dir='ltr'><strong>20A.</strong></span> <span class='ocrx_word' id='word_1_491' title='bbox 1616 2822 1788 2864; x_wconf 80' lang='grc' dir='ltr'><strong><em>Ποιεῐν</em></strong></span> <span class='ocrx_word' id='word_1_492' title='bbox 1813 2822 2015 2876; x_wconf 86' lang='lat' dir='ltr'><strong>simplici-</strong></span> 
     </span>
     <span class='ocr_line' id='line_1_98' title="bbox 1167 2879 2014 2933; baseline -0.002 -12"><span class='ocrx_word' id='word_1_493' title='bbox 1167 2889 1230 2921; x_wconf 87' lang='lat' dir='ltr'><strong>ter</strong></span> <span class='ocrx_word' id='word_1_494' title='bbox 1248 2887 1478 2933; x_wconf 64' lang='lat' dir='ltr'><strong>usurpatur</strong></span> <span class='ocrx_word' id='word_1_495' title='bbox 1496 2879 1578 2920; x_wconf 83' lang='lat' dir='ltr'><strong>de&#39;</strong></span> <span class='ocrx_word' id='word_1_496' title='bbox 1570 2880 1642 2930; x_wconf 77' lang='lat' dir='ltr'><strong>lis,</strong></span> <span class='ocrx_word' id='word_1_497' title='bbox 1666 2880 1753 2931; x_wconf 90' lang='lat' dir='ltr'><strong>qui</strong></span> <span class='ocrx_word' id='word_1_498' title='bbox 1774 2886 2014 2933; x_wconf 82' lang='lat' dir='ltr'><strong>pangunt</strong></span> 
     </span>
     <span class='ocr_line' id='line_1_99' title="bbox 1169 2936 2014 3004; baseline -0.001 -28"><span class='ocrx_word' id='word_1_499' title='bbox 1169 2944 1217 2976; x_wconf 89' lang='lat' dir='ltr'><strong>et</strong></span> <span class='ocrx_word' id='word_1_500' title='bbox 1275 2942 1599 2990; x_wconf 91' lang='lat' dir='ltr'><strong>componunt</strong></span> <span class='ocrx_word' id='word_1_501' title='bbox 1647 2936 1907 3004; x_wconf 82' lang='lat' dir='ltr'><strong>carmina,</strong></span> <span class='ocrx_word' id='word_1_502' title='bbox 1969 2943 2014 2976; x_wconf 90' lang='lat' dir='ltr'><strong>ut</strong></span> 
     </span>
     <span class='ocr_line' id='line_1_100' title="bbox 1168 2984 2014 3057; baseline -0.002 -23"><span class='ocrx_word' id='word_1_503' title='bbox 1168 2993 1349 3057; x_wconf 83' lang='lat' dir='ltr'><strong>Apolog.</strong></span> <span class='ocrx_word' id='word_1_504' title='bbox 1382 3006 1424 3046; x_wconf 84' lang='lat' dir='ltr'><strong>p.</strong></span> <span class='ocrx_word' id='word_1_505' title='bbox 1448 2992 1570 3035; x_wconf 86' lang='grc' dir='ltr'><strong>22Β.</strong></span> <span class='ocrx_word' id='word_1_506' title='bbox 1606 2999 1645 3032; x_wconf 90' lang='lat' dir='ltr'><strong>et</strong></span> <span class='ocrx_word' id='word_1_507' title='bbox 1672 3004 1773 3033; x_wconf 84' lang='lat' dir='ltr'><strong>mox</strong></span> <span class='ocrx_word' id='word_1_508' title='bbox 1811 2984 2014 3046; x_wconf 77' lang='grc' dir='ltr'><strong><em>ἐποίησα</em></strong></span> 
     </span>
     <span class='ocr_line' id='line_1_101' title="bbox 1169 3047 2012 3102; baseline -0.002 -12"><span class='ocrx_word' id='word_1_509' title='bbox 1169 3047 1337 3092; x_wconf 85' lang='grc' dir='ltr'><strong><em>ταῦτα.</em></strong></span> <span class='ocrx_word' id='word_1_510' title='bbox 1371 3051 1460 3092; x_wconf 86' lang='lat' dir='ltr'><strong>Ion</strong></span> <span class='ocrx_word' id='word_1_511' title='bbox 1486 3062 1525 3102; x_wconf 90' lang='lat' dir='ltr'><strong>p</strong></span> <span class='ocrx_word' id='word_1_512' title='bbox 1552 3049 1728 3098; x_wconf 85' lang='grc' dir='ltr'><strong>534Β..</strong></span> <span class='ocrx_word' id='word_1_513' title='bbox 1751 3049 1822 3090; x_wconf 90' lang='lat' dir='ltr'><strong>ubi</strong></span> <span class='ocrx_word' id='word_1_514' title='bbox 1851 3062 1892 3091; x_wconf 78' lang='grc' dir='ltr'><strong>ν.</strong></span> <span class='ocrx_word' id='word_1_515' title='bbox 1927 3055 2012 3090; x_wconf 88' lang='lat' dir='ltr'><strong>not.</strong></span> 
     </span>
     <span class='ocr_line' id='line_1_102' title="bbox 1169 3097 2013 3172; baseline 0 -26"><span class='ocrx_word' id='word_1_516' title='bbox 1169 3106 1404 3172; x_wconf 86' lang='lat' dir='ltr'><strong>Euthyphr</strong></span> <span class='ocrx_word' id='word_1_517' title='bbox 1431 3119 1473 3159; x_wconf 92' lang='lat' dir='ltr'><strong>p.</strong></span> <span class='ocrx_word' id='word_1_518' title='bbox 1501 3107 1552 3146; x_wconf 85' lang='lat'><strong>12</strong></span> <span class='ocrx_word' id='word_1_519' title='bbox 1575 3107 1625 3149; x_wconf 89' lang='grc' dir='ltr'><strong>Α.</strong></span> <span class='ocrx_word' id='word_1_520' title='bbox 1661 3101 1710 3147; x_wconf 79' lang='grc' dir='ltr'><strong>λε’</strong></span> <span class='ocrx_word' id='word_1_521' title='bbox 1743 3119 1777 3147; x_wconf 89' lang='grc' dir='ltr'><strong>ω</strong></span> <span class='ocrx_word' id='word_1_522' title='bbox 1803 3097 1854 3145; x_wconf 80' lang='grc' dir='ltr'><strong>τὸ</strong></span> <span class='ocrx_word' id='word_1_523' title='bbox 1877 3097 2013 3147; x_wconf 77' lang='grc' dir='ltr'><strong><em>ἔναν-</em></strong></span> 
     </span>
     <span class='ocr_line' id='line_1_103' title="bbox 1170 3152 2011 3216; baseline -0.002 -12"><span class='ocrx_word' id='word_1_524' title='bbox 1170 3162 1273 3204; x_wconf 86' lang='grc' dir='ltr'><strong><em>τίον</em></strong></span> <span class='ocrx_word' id='word_1_525' title='bbox 1314 3152 1347 3215; x_wconf 73' lang='grc' dir='ltr'><em>ἢ</em></span> <span class='ocrx_word' id='word_1_526' title='bbox 1385 3156 1409 3203; x_wconf 85' lang='grc' dir='ltr'><em>ὃ</em></span> <span class='ocrx_word' id='word_1_527' title='bbox 1450 3155 1651 3216; x_wconf 84' lang='grc' dir='ltr'><strong><em>ποιητὴς</em></strong></span> <span class='ocrx_word' id='word_1_528' title='bbox 1721 3160 1943 3215; x_wconf 79' lang='grc' dir='ltr'><strong><em>ποίησεν,</em></strong></span> <span class='ocrx_word' id='word_1_529' title='bbox 1986 3156 2011 3202; x_wconf 85' lang='grc' dir='ltr'>ὁ</span> 
     </span>
     <span class='ocr_line' id='line_1_104' title="bbox 1169 3212 2015 3272; baseline -0.002 -12"><span class='ocrx_word' id='word_1_530' title='bbox 1169 3212 1373 3272; x_wconf 83' lang='grc' dir='ltr'><strong><em>ποιήσας</em></strong></span> <span class='ocrx_word' id='word_1_531' title='bbox 1393 3233 1437 3263; x_wconf 80' lang='grc' dir='ltr'><strong>κ.</strong></span> <span class='ocrx_word' id='word_1_532' title='bbox 1460 3233 1498 3262; x_wconf 89' lang='grc' dir='ltr'><strong>τ.</strong></span> <span class='ocrx_word' id='word_1_533' title='bbox 1525 3219 1563 3260; x_wconf 77' lang='grc' dir='ltr'><strong>λ.</strong></span> <span class='ocrx_word' id='word_1_534' title='bbox 1605 3218 1731 3259; x_wconf 86' lang='lat' dir='ltr'><strong>Plura</strong></span> <span class='ocrx_word' id='word_1_535' title='bbox 1760 3217 1812 3258; x_wconf 91' lang='lat' dir='ltr'><strong>de</strong></span> <span class='ocrx_word' id='word_1_536' title='bbox 1831 3216 1912 3259; x_wconf 85' lang='lat' dir='ltr'><strong>hoc</strong></span> <span class='ocrx_word' id='word_1_537' title='bbox 1933 3230 2015 3258; x_wconf 90' lang='lat' dir='ltr'><strong>usu</strong></span> 
     </span>
     <span class='ocr_line' id='line_1_105' title="bbox 1171 3272 2009 3339; baseline -0.002 -24"><span class='ocrx_word' id='word_1_538' title='bbox 1171 3284 1478 3317; x_wconf 80' lang='lat' dir='ltr'><strong>commentatus</strong></span> <span class='ocrx_word' id='word_1_539' title='bbox 1502 3284 1564 3315; x_wconf 90' lang='lat' dir='ltr'><strong>est</strong></span> <span class='ocrx_word' id='word_1_540' title='bbox 1580 3272 1946 3339; x_wconf 84' lang='lat' dir='ltr'><strong>Wyttenbach</strong></span> <span class='ocrx_word' id='word_1_541' title='bbox 1969 3287 2009 3327; x_wconf 96' lang='lat' dir='ltr'><strong>p.</strong></span> 
     </span>
     <span class='ocr_line' id='line_1_106' title="bbox 1172 3323 2013 3383; baseline -0.004 -10"><span class='ocrx_word' id='word_1_542' title='bbox 1172 3334 1266 3373; x_wconf 88' lang='grc'><strong>129.</strong></span> <span class='ocrx_word' id='word_1_543' title='bbox 1300 3333 1364 3373; x_wconf 87' lang='lat' dir='ltr'><strong>ed.</strong></span> <span class='ocrx_word' id='word_1_544' title='bbox 1388 3333 1479 3375; x_wconf 84' lang='lat' dir='ltr'><strong>Bat.</strong></span> <span class='ocrx_word' id='word_1_545' title='bbox 1517 3354 1573 3361; x_wconf 91' lang='lat'><strong>—</strong></span> <span class='ocrx_word' id='word_1_546' title='bbox 1612 3330 1710 3371; x_wconf 83' lang='lat' dir='ltr'><strong>Mox</strong></span> <span class='ocrx_word' id='word_1_547' title='bbox 1739 3323 2013 3383; x_wconf 77' lang='grc' dir='ltr'><strong><em>ἀντίτεχνος</em></strong></span> 
     </span>
     <span class='ocr_line' id='line_1_107' title="bbox 1171 3386 2012 3440; baseline -0.005 -11"><span class='ocrx_word' id='word_1_548' title='bbox 1171 3395 1236 3429; x_wconf 91' lang='lat' dir='ltr'><strong>est</strong></span> <span class='ocrx_word' id='word_1_549' title='bbox 1265 3389 1397 3430; x_wconf 86' lang='lat' dir='ltr'><strong>artis</strong></span> <span class='ocrx_word' id='word_1_550' title='bbox 1419 3388 1684 3440; x_wconf 74' lang='lat' dir='ltr'><strong>aemuluS,</strong></span> <span class='ocrx_word' id='word_1_551' title='bbox 1709 3386 1820 3438; x_wconf 89' lang='lat' dir='ltr'><strong>quod</strong></span> <span class='ocrx_word' id='word_1_552' title='bbox 1842 3386 2012 3427; x_wconf 83' lang='lat' dir='ltr'><strong>Ficini</strong></span> 
     </span>
     <span class='ocr_line' id='line_1_108' title="bbox 1170 3446 1561 3499; baseline 0.005 -14"><span class='ocrx_word' id='word_1_553' title='bbox 1170 3446 1304 3499; x_wconf 83' lang='lat' dir='ltr'><strong>gratia</strong></span> <span class='ocrx_word' id='word_1_554' title='bbox 1325 3457 1561 3487; x_wconf 84' lang='lat' dir='ltr'><strong>monemus.</strong></span> 
     </span>
    </p>
   </div>
  </div>
 </body>
</html>
