2158 3718
296 170 424 242 ᾸἍ(204
589 169 923 222 PLATONIS
956 168 1376 225 SYMPOSnJM.
1414 189 1466 238 p.
1502 169 1608 220 223
1647 168 1727 224 St.

317 311 477 368 σαντ’
527 317 778 382 ἐκείνους,
820 311 1149 371 ἀναστάντα
1191 312 1430 387 ἀπιέναι,
1472 316 1566 370 καὶ
1608 309 1779 379 αὐτὸς
1820 310 1994 389 ὥςπερ

317 394 508 453 εἰώθει
548 403 805 465 ἕπεσθαι,
848 402 942 454 καὶ
967 396 1214 455 ἐλθόντα
1241 404 1316 463 εὶς
1344 395 1599 464 Λύκειον,
1643 394 2000 475 ἀπονιψάμε-

317 501 437 546 νον,
480 478 654 556 ὥςπερ
698 480 897 539 ἄλλο’τε
944 479 1049 551 τὴν
1085 478 1263 550 ἄλλην
1299 479 1508 554 ἡμέραν
1549 484 1862 553 διατρίβειν,
1905 485 1999 538 καὶ

317 562 460 621 οὕτω
505 570 883 646 διατρίψαντα
927 572 1003 632 εὶς
1044 571 1280 640 ἑσπέραν
1323 565 1468 622 οἴκοι
1507 563 1929 622 ἀναπαύεσθαι.

434 730 524 771 καὶ
565 728 738 779 αι’ντὸς
778 727 953 785 ὥςπερ
991 726 1208 783 εἰώθει]
1248 729 1383 770 Deest
1419 725 1556 773 αὐτὸς
1594 728 1636 770 in
1663 728 1790 774 Bodi.
1824 729 1918 772 Vnt.
1944 726 1999 773 A.

318 784 422 830 Pars
444 787 640 830 DEFK.
673 788 822 830 Ambr.
855 791 964 841 Ang.
986 800 1087 829 u.w.
1119 786 1211 828 Vat.
1231 799 1271 827 n.
1285 799 1317 828 r.
1330 791 1409 827 s.t.
1449 783 1565 826 Flor.
1585 785 1847 838 a.b.c.i.n.‚
1878 787 1997 840 quod

318 844 457 888 Bekk.
492 846 740 899 suspicatur
769 844 867 887 ideo
897 844 1059 887 factum
1091 858 1216 895 esse,
1258 843 1359 896 quia
1397 844 1495 885 olim
1539 841 1604 884 hic
1643 842 1745 884 iilud
1771 843 1791 883 ἰ’
1819 844 1995 886 obsole-

318 907 410 944 tum
451 904 609 945 lectum
648 903 803 954 fuerit,
846 903 902 945 de
943 915 1029 956 quo
1070 901 1233 943 Buttm.
1265 902 1461 943 Gramm.
1491 902 1628 954 Ampl-
1663 899 1719 942 T.
1751 900 1784 942 1.
1817 914 1862 954 p.
1896 900 1997 946 289.

317 960 531 1015 G6ttiing.
570 960 624 1002 ad
655 960 820 1002 Theod.
869 973 1050 1015 gramm.
1085 973 1126 1014 p.
1167 958 1267 1003 233.
1302 959 1576 1002 Hermannus
1619 970 1698 998 suo
1741 956 1909 1010 Marte,
1947 964 1997 1000 ut

316 1016 410 1070 ipse
450 1017 530 1070 ait,
578 1018 750 1072 scripsit
790 1016 861 1059 καὶ
899 1016 922 1059 ἓ
953 1016 1087 1073 ὥςπερ
1125 1015 1288 1058 εἰώθει.
1347 1015 1439 1058 Nos
1478 1028 1584 1057 vero
1623 1013 1785 1067 αὐτός,
1826 1015 1927 1057 licet
1955 1015 1997 1057 in

316 1075 467 1128 paucis
506 1080 671 1118 tantum
719 1088 860 1129 neque
904 1075 956 1116 iis
996 1074 1372 1130 praestantissimis
1411 1073 1528 1116 iibris
1580 1077 1820 1123 servatum,
1870 1073 1998 1133 unice

317 1144 465 1174 verum
498 1146 597 1175 esse
625 1133 908 1185 arbitramur3
947 1132 1063 1186 quod
1100 1132 1277 1176 alterius
1318 1130 1585 1174 recensionis
1614 1135 1817 1172 auctores
1847 1129 1997 1172 viden-

317 1193 388 1230 tur
417 1190 684 1244 extrusisse,
723 1191 828 1245 quia
864 1191 1096 1232 Socratem
1129 1203 1266 1243 usque
1296 1189 1539 1231 subiectum
1574 1201 1672 1234 esse
1704 1187 1784 1228 sibi
1816 1200 1995 1242 persua-

314 1248 485 1292 sissent.

429 1305 505 1350 εἰς
532 1300 804 1360 Λύκειον]
842 1305 977 1347 Bekk.
1007 1303 1127 1346 dedit
1158 1305 1201 1349 ἐς
1234 1316 1287 1346 ex
1318 1303 1418 1345 Par.
1439 1302 1492 1346 K.
1531 1301 1627 1345 Vat.
1651 1314 1689 1355 p.

429 1359 525 1414 τὴν
555 1361 719 1416 ἄλλην
749 1362 987 1418 ἡμέραν]
1028 1363 1149 1404 Unus
1179 1360 1332 1415 Stepb.
1365 1366 1410 1402 et
1438 1359 1510 1413 qui
1543 1373 1639 1402 eum
1673 1363 1828 1412 postea
1858 1361 1996 1401 secuti

315 1424 415 1460 sunt
445 1419 638 1463 editores
668 1418 749 1473 τὴν
779 1419 888 1474 δ’λην
918 1418 1097 1478 ἡμέραν.
1158 1419 1279 1461 Libri
1310 1431 1463 1461 omnes
1491 1430 1589 1459 cum
1619 1414 1717 1458 Aid.
1747 1416 1848 1458 Bas.
1884 1415 1921 1461 1.
1953 1415 1995 1460 2.

312 1476 453 1532 ἄλλην.
1416 1497 1418 1500 ·

371 1618 459 1661 καὶ
482 1617 735 1661 ἐλθόντα
756 1619 829 1668 εἰς
848 1616 1114 1672 Λύκειον]
1199 1630 1240 1658 ν.
1261 1615 1509 1660 Fischer.
1529 1615 1582 1658 ad
1605 1615 1884 1673 Eutbyphron
1915 1619 1995 1660 c.1.

313 1677 507 1731 Lyceum
551 1682 645 1718 erat
682 1678 947 1730 gymnasium
993 1681 1117 1718 extra
1201 1675 1284 1716 Hic
1326 1688 1498 1729 quoque
1537 1673 1830 1730 philosophum
1878 1689 1997 1718 ama-

313 1735 487 1776 moenia
510 1735 628 1776 urbis
649 1735 803 1786 situm3
825 1747 862 1776 v.
882 1735 1115 1777 Pausan.
1199 1738 1339 1775 torem
1370 1732 1541 1787 depingi
1574 1731 1795 1786 videmus,
1828 1733 1898 1786 qui
1927 1746 1997 1776 re-

313 1793 348 1834 Ι.
382 1792 448 1835 19.
484 1797 528 1834 et
557 1791 627 1836 29.
688 1792 750 1833 lbi
780 1792 988 1834 Socrates
1018 1804 1116 1833 ver-
1201 1791 1312 1832 lictis
1351 1791 1487 1844 epulis
1538 1790 1752 1832 matutino·
1795 1795 1996 1845 tempore

314 1850 490 1891 sabatur
519 1854 777 1904 propterea,
818 1849 937 1903 quod
969 1848 1117 1902 sophi-
1200 1849 1342 1891 statim
1371 1849 1414 1890 in
1443 1848 1637 1901 Lyceum
1670 1852 1874 1902 properat
1901 1861 1996 1890 rur-

313 1911 411 1949 stae
431 1907 473 1949 in
494 1921 546 1948 eo
562 1907 730 1949 scholas
750 1906 977 1959 habebant,
1005 1919 1116 1960 quo-
1200 1919 1276 1948 sus
1307 1907 1477 1960 pulcros
1508 1916 1730 1947 sermones
1761 1919 1816 1948 ex
1845 1904 1995 1948 adole-

313 1977 409 2006 rum
455 1964 667 2006 inscitiam
715 1966 885 2006 solebat
940 1964 1116 2006 convin-
1200 1964 1408 2006 scentium
1473 1962 1624 2005 animis
1698 1967 1992 2016 generaturus.

314 2034 431 2074 cere,
463 2027 508 2064 et
536 2022 649 2074 quod
670 2022 877 2077 plurimos
897 2022 983 2064 iilic
1007 2021 1115 2063 ado·
1198 2021 1265 2063 lta
1312 2022 1456 2075 imago
1502 2019 1694 2061 Socratis
1732 2033 1811 2074 per
1849 2021 1995 2063 omnia

313 2080 528 2122 lesc‘entes
558 2080 906 2132 nanciscebatur,
936 2079 1117 2132 quibus·
1200 2079 1480 2122 adumbratur
1514 2081 1647 2131 atque
1681 2077 1910 2132 perficitur.

310 2149 410 2179 cum
441 2150 664 2180 sermones
695 2138 919 2180 instituere
950 2142 1113 2191 posset.
1808 2146 1812 2153 ·
