2158 3718
485 175 1003 246 srmrosimu.
1042 194 1090 244 p.
1131 177 1231 226 191
1272 178 1350 231 st.
1671 180 1745 229 ετ-

67 341 214 379 νεσιν
255 328 312 378 ἐν
354 318 616 388 ἀλλήλοις
659 323 904 388 ἐποίησε,
963 318 1055 377 διὰ
1107 321 1207 376 τοῦ
1262 316 1498 395 ἄρ’ῥενος
1550 330 1608 380 ὲν
1661 328 1737 396 τῷ
1820 394 1824 398 ¹

67 407 253 475 θήλει,
288 408 463 475 ’τῶνδε
507 409 679 468 ἕνεκα,
723 408 814 459 ἵνα
858 411 915 460 ὲν
957 407 1022 482 τῇ
1064 406 1346 482 συμπλοκῇ
1388 403 1508 479 ἅμα
1549 411 1652 479 μὲν
1693 416 1739 465 εὶ

62 487 209 562 ἀνὴρ
253 491 469 558 γυναικὶ
510 487 740 559 ἐντύχοι,
784 491 1019 559 γεννῷεν
1048 491 1140 545 καὶ
1181 492 1422 559 γίγνοιτο
1467 487 1732 562 τὸγένος,

60 570 181 646 ἅμα
225 572 276 630 δ’
325 579 372 629 εἰ
412 574 504 628 καὶ
537 569 708 647 ἄρῥεν
733 568 941 648 ἄρρενι,
983 570 1271 645 πλησμονὴ
1299 575 1440 643 γοῦν
1481 580 1728 647 γίγνοιτο

0 664 2 666 ’
60 660 170 726 τῆς·
201 660 492 721 συνουσίας
533 659 626 712 καὶ
668 655 1027 713 διαπαύοιντο
1062 659 1155 713 καὶ
1195 659 1284 713 ἐπὶ
1325 653 1420 732 τὰ.
1441 663 1572 729 ἔργα
1612 666 1732 735 τρέ-

58 744 254 798 ποιντο
313 744 407 797 καὶ
460 743 560 796 τοῦ
619 736 792 796 ἄλλον
844 744 970 810 βίου
1025 744 1387 811 ἐπιμελοῖντο.
1455 739 1607 800 ’Ἐστι
1662 744 1728 814 δὴ

61 817 166 882 οὖν
205 832 265 881 ἐκ
305 822 476 881 τόσου
516 822 544 880 ὁ
596 828 725 896 ’έρως
764 827 1007 900 ἔμφυτος
1047 823 1300 892 ἀλλήλων
1336 834 1457 891 τοῖς
1497 826 1730 901 ανθρώ-

60 931 187 974 ποις
242 911 333 965 καὶ
393 912 492 977 τῆς
547 907 784 981 ἀρχαίας
838 906 1053 982 φύσεως
1094 905 1437 980 συναγωγεύς
1481 915 1573 968 καὶ
1614 919 1732 969 ἐπι-

53 996 251 1067 χειρῶν
293 996 516 1061 ποιῆσαι
563 995 622 1047 ἓν
667 998 724 1048 ὲκ
767 995 922 1048 δυοῖν
953 995 1046 1049 καὶ
1093 992 1374 1050 ἰάσασθαι
1415 992 1518 1063 τὴν
1559 994 1729 1073 φύσιν

60 1074 164 1145 τὴν
205 1076 595 1158 ἀνθρωπίνην.

55 1238 322 1284 accusativus
352 1238 464 1283 αὐτά
494 1245 649 1295 sponte
679 1240 1000 1294 intelligeretur.

166 1312 413 1367 γίγνοιτο
444 1304 504 1354 τὲ
536 1312 713 1366 γένος]
748 1311 1020 1354 Hommelius
1052 1313 1161 1354 male
1195 1311 1219 1353 ὁ
1253 1312 1387 1367 γόνος
1416 1316 1610 1365 coniecit.
1659 1318 1731 1360 In·

58 1369 264 1423 telligitur
294 1369 402 1411 enim
432 1367 483 1410 τὸ
517 1373 602 1410 τῶν
628 1366 870 1422 ἀνθρώπων
897 1370 1032 1424 γένος,
1065 1369 1190 1411 sicuti
1230 1370 1271 1412 in
1302 1371 1545 1427 Protagora
1577 1379 1646 1416 est
1675 1375 1726 1417 τὰ

56 1424 267 1480 ἡμέτερον
293 1427 425 1482 γένος.
458 1426 569 1468 conf.
596 1426 662 1467 De
693 1426 804 1479 Rep.
834 1425 887 1467 11.
925 1439 967 1480 p.
987 1425 1087 1471 368.
1115 1429 1165 1468 Α.
1196 1427 1336 1482 Legg.
1369 1430 1460 1473 Vll.
1481 1444 1522 1484 p.
1557 1430 1655 1475 791.
1674 1432 1727 1474 E.

56 1483 150 1526 Nec
180 1488 286 1535 erat,
316 1497 391 1526 cur
423 1483 671 1526 Riickertus
691 1481 903 1535 haereret,
933 1484 1002 1537 qui
1019 1488 1101 1525 σῶν
1130 1485 1324 1538 γίγνοιτο
1351 1489 1418 1529 vel
1450 1487 1511 1529 ἔτι
1540 1489 1727 1543 γίγνοιτο

59 1540 339 1593 desideravit,
375 1541 471 1594 quia
509 1553 648 1594 genus
685 1539 911 1582 humanum
951 1554 1036 1583 non
1075 1546 1194 1583 recte
1233 1544 1467 1596 γίγνεσθαι
1497 1545 1727 1589 diceretur.

59 1602 118 1640 At
145 1599 243 1652 quis
272 1611 358 1640 non
385 1598 504 1640 videt
530 1597 580 1638 τὸ
615 1600 731 1652 γένος
760 1597 921 1639 dictum
959 1611 1058 1640 esse
1087 1611 1166 1652 pro
1196 1600 1349 1642 sobole
1381 1600 1597 1646 humana?

58 1668 200 1769 eoas*
219 1670 323 1769 ‘235
342 1668 555 1770 21³3&
577 1668 671 1773 1⁶}
699 1667 886 1769 3³¹3?
910 1668 1420 1770 gtfflkfflffifiiiss
1466 1674 1567 1771 ..³⁶⁶
1599 1674 1731 1775 ἄὶῖρηέ

58 1758 196 1840 p.1·.s'.
220 1759 462 1836 Ve1{.t.'1n
492 1757 812 1828 Flor.'a.b.e.i.
844 1784 978 1826 Cossi.
1012 1784 1136 1827 Stob.
1171 1790 1238 1826 est
1265 1745 1729 1842 άρξῑεῖᾱῤῥενῖνζῳιῖά

57 1843 212 1885 merito
241 1843 398 1897 placuit
430 1842 577 1883 Bastio
611 1841 748 1895 Epist.
777 1841 879 1882 Crit.
916 1855 958 1895 p.
994 1840 1089 1886 144.
1117 1841 1184 1883 ed.
1217 1842 1338 1895 Lips.
1370 1857 1408 1884 v.
1441 1850 1585 1888 annot.
1623 1847 1729 1889 Dein

58 1913 138 1955 pro
173 1902 280 1954 vulg.
314 1897 648 1940 διαναπαόοιντο
686 1898 811 1949 Bodl.
842 1898 938 1940 Vat.
967 1901 1018 1939 Δ.
1043 1898 1165 1941 Vind.
1201 1898 1296 1942 1.2.
1320 1900 1359 1943 7.
1388 1901 1491 1943 Par.
1530 1902 1729 1945 DEFK.

58 1963 168 2011 Aug,
199 1969 242 1999 u.
278 1958 373 1999 Vat.
392 1970 431 1998 n.
448 1971 489 2011 p.
509 1969 541 2000 ι·,
561 1970 582 1996 s
629 1956 731 1998 Ven.
765 1961 794 1997 t.
827 1956 943 1997 Flor.
966 1956 1111 1997 a.b.c.
1128 1956 1151 1997 i.
1186 1957 1514 2011 suppeditat-ant
1544 1959 1733 2001 διαπαύ-

43 2009 192 2057 ὀιντο.
247 2014 295 2056 ld
335 2015 458 2056 unice
496 2026 658 2056 verum.
731 2012 1004 2066 significatur
1043 2013 1153 2055 enim
1197 2014 1344 2056 lovem
1389 2016 1452 2057 sic
1481 2017 1731 2071 instituisse,

59 2077 108 2114 ut
137 2071 362 2125 aliquando
394 2071 573 2113 coeundi
597 2070 796 2111 satietate
828 2072 1093 2124 replerentur
1121 2085 1171 2112 ac
1204 2084 1283 2124 per
1312 2072 1536 2116 intervalla
1567 2076 1731 2116 amoris

58 2129 199 2170 fructu
236 2129 510 2173 abstinerent.
568 2128 613 2170 R
631 2142 655 2170 e
672 2140 697 2180 q
720 2127 776 2169 ui
798 2141 822 2170 e
841 2141 860 2168 s
880 2141 903 2170 c
924 2141 947 2170 e
969 2140 995 2169 n
1014 2128 1073 2170 di
1113 2130 1232 2171 notio
1273 2133 1391 2172 certe
1431 2131 1487 2172 ab
1523 2130 1604 2174 hoc
1634 2134 1732 2175 loco

61 2187 212 2229 aliena.

67 2328 163 2370 der
192 2327 367 2369 selbst
397 2328 516 2370 dem
560 2327 858 2380 Eierlegen
941 2331 1105 2369 temere
1143 2325 1428 2380 spernendum
1470 2341 1567 2371 esse
1599 2330 1736 2372 veris-

64 2386 158 2439 der
191 2384 433 2427 Cikaden
463 2384 752 2427 mehr-mals
771 2396 857 2425 zu-
941 2384 1049 2425 sime
1069 2384 1623 2428 monuitssuttmannus
1654 2388 1733 2429 Gr.

62 2441 300 2497 ‘genehen
329 2440 431 2484 hat.
477 2442 710 2484 Sieth‘un
743 2441 856 2502 dsie-
941 2442 1068 2494 ampl.
1099 2440 1154 2481 T.
1186 2441 1238 2482 11.
1260 2441 1358 2485 P.1.
1386 2456 1428 2496 p.
1450 2442 1543 2500 187.
1577 2445 1732 2487 Paullo

65 2513 154 2542 ses
183 2499 526 2541 vermittelst
557 2500 714 2541 eines
736 2499 854 2540 Sta·
940 2503 1038 2540 aute
1076 2497 1202 2552 ἅρῤεν
1247 2499 1457 2549 significat
1485 2514 1733 2544 marem.

66 2557 250 2608 chels,
296 2555 393 2597 den
425 2556 523 2598 das
551 2554 852 2598 Weibchen
942 2557 1194 2597 Antonin.
1228 2555 1466 2599 Liberal.
1507 2571 1542 2602 c.
1583 2559 1729 2604 XVllt

66 2628 143 2657 am
175 2613 562 2656 Hintertheile
594 2614 708 2665 hat,
752 2612 853 2653 und
937 2611 1064 2666 ἅρῤεν
1096 2612 1270 2666 λέγουσα
1300 2619 1448 2666 τεκεῖν,
1478 2614 1506 2656 ἰ.
1532 2629 1572 2658 e.
1595 2616 1734 2657 παῖδα

66 2671 162 2714 der
192 2672 281 2712 ein
314 2670 580 2713 Drittheil
615 2671 698 2713 der
717 2671 854 2711 Li‘tn-
939 2669 1107 2726 ἄῤῥενα.
1196 2669 1261 2711 Ad
1319 2671 1502 2713 eundem
1551 2673 1725 2716 modum

65 2742 129 2783 ge
166 2728 260 2770 des
291 2728 704 2781 gan'zenThiers
736 2740 854 2768 aus·
940 2726 1422 2773 Herodot.l.113=
1466 2732 1620 2771 τέτοκα
1649 2729 1732 2784 γὰρ

69 2785 254 2829 macht.
317 2786 491 2827 Damit
528 2785 737 2827 bohren
777 2784 856 2825 sie
939 2784 1010 2824 καὶ
1039 2783 1132 2837 ἐγώ,
1163 2787 1316 2826 τέτοκα
1337 2786 1380 2826 δὲ
1400 2786 1596 2834 τεθνεός.
1630 2788 1736 2830 ibid.

70 2844 118 2884 in
169 2843 254 2883 die
293 2842 470 2888 Erde,
520 2842 699 2885 fiffnen
746 2841 854 2891 ihu,
940 2854 973 2882 c.
1010 2842 1111 2886 119:
1151 2843 1340 2895 περίεστί
1371 2858 1418 2884 τε
1454 2842 1477 2884 ὁ
1523 2851 1623 2891 παῖς
1661 2846 1735 2886 καὶ

69 2899 168 2940 und
200 2901 380 2940 lassen
409 2898 497 2940 die
518 2900 647 2941 Eiet
675 2899 723 2939 in
755 2899 855 2939 den
942 2897 992 2938 τὰ
1039 2899 1214 2953 γεγονὸς
1250 2901 1336 2951 ἔχει
1373 2901 1522 2947 καλῶς.
1586 2903 1734 2946 Quan-

71 2955 218 2997 Sand
269 2955 476 3005 fallen,
525 2969 602 2996 wo
643 2956 719 2996 sie
761 2967 859 2996 von
943 2968 1068 3008 quam
1119 2957 1247 2998 etiam
1298 2958 1578 3001 masculinum
1634 2959 1735 3001 ferri

71 3013 165 3054 der
194 3012 377 3052 Sonne
405 3024 471 3052 au
493 3024 512 3051 s
531 3025 560 3065 g
579 3011 686 3053 e'br
708 3015 733 3051 ii
754 3018 773 3052 t
798 3025 822 3052 e
843 3015 861 3052 t
943 3013 1118 3066 poterit,
1148 3013 1262 3066 quod
1291 3014 1418 3058 codd.
1446 3017 1634 3069 plerique
1664 3020 1733 3056 tu-

72 3068 300 3111 werden.
360 3067 474 3109 wie
499 3067 745 3110 treffend
775 3067 860 3109 die
945 3073 1083 3112 entur.
1146 3069 1250 3113 Illud
1281 3076 1423 3114 tamen
1466 3072 1730 3125 exquisitius.

73 3123 486 3179 Vergleichung
524 3125 629 3176 ist,
681 3123 862 3166 nieht
945 3126 1109 3168 Deinde
1138 3128 1180 3168 ἐκ
1215 3126 1350 3169 τόσου
1386 3135 1452 3170 est
1492 3130 1628 3170 seit
1664 3139 1732 3168 so

72 3196 205 3232 man,
239 3195 384 3225 wenn
415 3193 529 3223 man
562 3182 640 3223 sie
669 3182 862 3223 weitet
947 3183 1136 3237 lange
1160 3197 1180 3226 r
1209 3185 1356 3236 Zeit,
1390 3191 1437 3226 ut
1457 3187 1593 3238 Legg.
1627 3185 1658 3225 l.
1691 3198 1730 3237 p-

72 3240 361 3292 verfolgen
391 3240 550 3280 will.“
949 3238 1046 3284 642.
1078 3246 1185 3283 extr.
1217 3241 1391 3284 Fortius
1414 3247 1479 3283 est
1506 3243 1550 3281 ἐκ
1574 3240 1736 3282 τοσού-

130 3299 180 3339 C.
239 3298 365 3350 βίου
399 3296 864 3351 ἐπιμελοῖντο]
946 3311 1064 3348 του,
1123 3299 1232 3341 seit
1273 3312 1330 3340 so
1375 3298 1497 3344 sehr
1545 3300 1735 3351 langer

74 3354 308 3398 Thomas
338 3353 399 3395 Μ.
417 3353 671 3408 ἐπιμέλομαι
700 3352 870 3394 κάλλιον
953 3354 1090 3397 Zeit.
1122 3369 1163 3398 v.
1195 3356 1497 3399 Buttmann.
1539 3356 1731 3399 Gramm.

80 3411 105 3464 ἢ
135 3411 432 3467 ὃπιμελοῦμαι.
495 3410 586 3454 Nec
617 3415 758 3454 tamen
790 3409 868 3453 hoc
954 3413 1089 3467 Ampl·
1124 3413 1177 3454 ll.
1210 3411 1375 3465 p.·414.
