2158 3718
340 128 419 166 XL
444 140 448 144 ¹
479 156 481 158 -
960 126 1403 165 PROLEGOMENA

341 254 549 311 dentiae
584 273 648 308 ac
683 253 974 324 sapientiae
1008 253 1256 307 facultate
1290 254 1546 326 insigneS,
1573 261 1747 324 &atque
1780 255 1838 308 id
1870 256 2025 317 unice

343 326 576 389 studere,
623 334 684 378 ut
730 343 915 378 eorum
962 341 1134 376 mores
1179 332 1234 379 et
1264 323 1479 397 ingenia
1514 323 1583 376 ad
1618 326 1866 379 virtutem
1903 340 2058 391 enus

339 396 568 450 diantur
590 396 758 449 vitata
793 394 934 447 omni
968 393 1528 466 inhonestatissspecie
1566 394 1644 466 (p.
1673 398 1789 452 181.
1814 395 1885 450 D.
1903 395 2025 467 E)

337 466 444 520 His
491 486 619 522 vero
663 465 948 519 admodum
992 464 1251 517 subtiliter
1297 466 1573 536 explicatis
1618 468 1805 520 transit
1851 476 2027 521 orator

341 537 806 592 ad'discernendas
831 535 1005 588 varias
1023 535 1233 588 amandi
1251 535 1480 597 rationes
1504 537 1639 590 inter
1661 539 1834 591 varias
1855 536 2026 592 Grae-

339 609 453 662 ciae
497 617 686 680 gentes
729 606 970 660 usitatas.
1026 605 1165 659 Nam
1209 606 1354 677 apud
1388 605 1620 661 Boeotos
1667 617 1720 662 et
1754 607 1918 662 Eleos
1954 609 2029 662 ait

335 681 698 750 promiscuum
732 683 958 749 regnare
983 695 1216 730 amorem
1249 676 1555 747 nullumque
1580 679 1880 733 discrimen
1914 679 2028 737 eius

338 749 685 804 constitutum
740 766 885 813 esse,
944 755 1002 800 ut
1059 748 1367 819 simpliciter
1412 748 1702 818 permissus
1750 751 2026 813 videatur3

337 829 519 885 contra
576 818 721 890 apud
778 819 1005 889 populos
1050 819 1292 873 barbaris
1340 818 1606 873 subiectos
1651 839 1772 874 eum
1818 840 2029 881 omnem

337 890 646 961 simpliciter
676 909 811 944 ,esse
843 889 1141 957 ⁴sublatum,
1189 909 1258 944 ne
1296 907 1402 958 qua
1438 908 1625 945 sensus
1661 892 2028 972 generosiores

335 970 497 1031 atque
532 961 806 1015 liberiores
842 960 1064 1026 alantur,
1106 961 1305 1032 quippe
1343 960 1435 1029 qui
1471 962 1769 1030 tyranmdis
1804 962 2029 1032 imperio

334 1032 926 1114 plurimum-officiant,
973 1040 1032 1085 ut
1077 1031 1154 1084 ibi
1190 1051 1284 1086 res
1313 1032 1471 1101 plane
1507 1031 1732 1103 simplex
1753 1032 1836 1086 isit
1872 1042 1925 1086 et
1959 1033 2030 1086 ad

334 1103 681 1157 ludicandum
703 1103 999 1162 facillima·
1040 1102 1220 1156 Aliam
1266 1111 1445 1171 autem
1479 1102 1558 1156 rei
1592 1103 1850 1158 rationem
1884 1103 2031 1175 apud

334 1173 700 1228 Athenienses
729 1183 784 1227 et
811 1173 1271 1228 Lacedaemonios
1301 1191 1426 1227 esse>
1446 1173 1539 1238 ait,
1566 1174 1712 1244 apud
1740 1192 1873 1244 quos
1899 1193 2026 1229 con-

334 1245 571 1301 suetudo
617 1264 851 1299 amorem
880 1256 990 1298 'nec
1029 1245 1338 1315 simpliciter
1372 1244 1647 1314 permittat
1682 1264 1781 1299 nec
1817 1245 2028 1299 omnino

334 1324 479 1370 vetet
498 1348 538 1380 ‚›
575 1316 672 1369 sed
696 1316 880 1370 certis
930 1315 1264 1368 cautionibus
1313 1314 1728 1368 circumscribat.
1817 1314 2029 1387 Nempe

333 1406 448 1441 rem
475 1387 676 1455 utique
720 1386 798 1451 ita
833 1405 888 1439 se
924 1386 1134 1450 habere,
1181 1394 1241 1439 ut
1276 1405 1423 1439 amor
1458 1385 1712 1441 honestus
1732 1394 1803 1440 et
1837 1385 2027 1441 lauda-

332 1457 456 1513 bilis
486 1477 600 1526 :non
636 1457 705 1509 ad
739 1457 1032 1511 lubidinem
1070 1466 1122 1510 et
1158 1457 1228 1509 ad
1265 1456 1498 1527 corporis
1533 1457 1771 1522 formam,
1788 1512 1790 1514 ,
1807 1457 1918 1510 sed
1954 1458 2025 1510 ad

334 1527 527 1585 mentis
562 1527 976 1599 pulcritudinem
1014 1546 1077 1580 ac
1114 1528 1350 1580 studium
1380 1527 1594 1580 virtutis
1618 1527 1933 1582 referendus
1958 1528 2029 1582 sit

335 1600 422 1671 (p.
462 1599 581 1652 182.
627 1598 895 1652 A2-185.
940 1596 1055 1665 C.).
1129 1597 1283 1650 Haec
1328 1598 1618 1669 igiturfest
1662 1599 1773 1653 fere
1815 1611 2028 1652 summa

334 1688 536 1733 eorum,
618 1688 744 1724 uae.
768 1688 802 1721 a
834 1669 1104 1722 Pausania
1148 1668 1386 1722 oratione
1432 1668 1557 1722 satis
1603 1670 1816 1739 copiosa
1853 1669 2025 1741 expli-

333 1750 537 1794 cantur.
574 1687 735 1806 &uae
775 1739 818 1793 si
842 1739 1220 1810 perpendimus
1247 1739 1572 1812 diligentius3
1607 1740 1816 1797 facileta
1854 1750 2024 1812 paret,

333 1812 557 1882 opinor,-
577 1830 702 1864 eum
720 1810 1040 1874 >discrimine
1065 1810 1291 1881 duplicis
1315 1811 1507 1864 amoris
1533 1811 1795 1892 explicato
1816 1760 2027 1867 honesti

332 1881 722 1946 amoris-fines
778 1881 959 1951 utique
1018 1881 1342 1935 constituere
1375 1891 1692 1935 =accurat1us
1736 1882 1804 1937 ab
1850 1883 2027 1953 iisque

333 1952 532 2008 amoris
581 1952 855 2006 deterioris
914 1961 969 2006 et
1016 1952 1086 2004 ad
1132 1950 1426 2006 lubidinem
1473 1953 1746 2023 vergentis
1793 1955 2026 2008 rationes

331 2025 490 2094 plane
539 2025 838 2096 seiungere.
927 2022 1116 2093 Itaque
1160 2023 1452 2076 Pausanias
1497 2042 1625 2077 sane
1669 2031 1723 2076 et
1765 2024 1882 2095 ipse
1928 2025 2024 2078 de-

335 2095 518 2150 scribit
562 2114 795 2149 amorem
840 2093 1270 2159 adolescentium,
1322 2112 1549 2163 eumque
1595 2103 1814 2158 castum,
1861 2094 2026 2149 hone-

333 2176 474 2220 stum
499 2175 551 2220 et
574 2166 912 2229 laudabilem,
951 2164 1107 2219 sicuti
1131 2165 1408 2219 Phaedrus
1423 2211 1425 2218 ,
1442 2165 1586 2230 fecit,
1627 2165 1723 2219 sed
1753 2165 2025 2235 aliquanto

329 2238 388 2290 in
425 2256 488 2291 ea
523 2256 582 2290 re
606 2246 850 2291 versatur
875 2236 1182 2320 diligentius
1206 2256 1268 2290 ac
1293 2235 1552 2290 subtilius.
1587 2235 1861 2292 Discernit
1884 2237 2025 2290 enim

332 2317 490 2377 atque
529 2327 682 2380 segre
724 2317 776 2361 at
810 2308 1101 2361 humihoris
1138 2317 1192 2361 et
1226 2308 1498 2362 nobilioris
1535 2307 1732 2361 amoris
1755 2316 2024 2378 tamquam

333 2379 603 2443 ditionem,
649 2329 810 2448 ifque
857 2398 920 2433 ea
953 2378 1080 2433 facit
1114 2378 1336 2443 ratione,
1382 2386 1442 2432 ut
1485 2379 1707 2432 alterum
1741 2378 2022 2450 improbet,

331 2451 555 2503 alterum
590 2450 781 2520 probet
819 2459 873 2503 et
907 2459 969 2502 ut
1002 2449 1157 2505 unice
1181 2449 1502 2503 laudabilem
1524 2450 1874 2505 commendet.
1909 2449 2022 2503 Ita-

332 2540 437 2591 que
473 2521 614 2574 hunc
651 2531 910 2575 oratorem
934 2530 1082 2592 patet
1110 2521 1184 2585 id,
1222 2521 1365 2589 quod
1387 2519 1666 2574 Phaedrus
1689 2521 2020 2575 indefinitum

330 2591 635 2660 reliquerat,
662 2593 790 2646 satis
816 2600 1060 2646 accurate
1085 2591 1387 2645 definivisse
1424 2591 1663 2660 adeoque
1687 2591 1858 2645 omnis
1881 2611 2022 2646 amo-

331 2663 405 2714 ris
442 2663 650 2716 honesti
685 2664 824 2715 inter
850 2661 1085 2716 Graecos
1124 2662 1372 2716 celebrati
1397 2662 1504 2714 vim
1526 2663 1888 2731 rationemque
1914 2670 2021 2717 tam

331 2733 560 2785 fideliter
604 2733 930 2803 depinxisse,
979 2741 1039 2805 ut
1076 2733 1189 2785 eius
1227 2740 1493 2800 tamquam
1531 2733 1762 2802 speciem
1799 2742 1853 2786 et
1885 2734 2019 2786 ima-

331 2802 511 2873 ginem
547 2803 615 2855 ad
649 2803 818 2872 ipsius
853 2803 995 2855 vitae
1032 2802 1308 2856 veritatem
1344 2822 1409 2856 ex
1451 2821 1651 2856 ressam
1688 2802 1902 2857 cernere
1937 2803 2018 2856 vi-

333 2874 574 2937 deamur,
631 2873 944 2943 praesertim
993 2891 1155 2941 quum
1205 2874 1362 2927 etiam
1447 2873 1688 2927 eterioris
1734 2893 1798 2928 ac
1843 2875 2019 2929 minus

332 2944 535 3000 honesti
572 2946 764 2997 amoris
801 2943 1075 3014 turpitudo
1112 2944 1179 2998 ab
1227 2963 1288 2999 eo
1335 2944 1574 2998 seiuncta
1611 2945 1682 2997 sit
1724 2954 1884 3015 atque
1931 2964 2015 2999 se-

333 3014 596 3085 parata*).
651 3013 731 3067 At
777 3014 916 3068 enim
962 3034 1085 3068 vero
1128 3015 1253 3069 licet
1298 3016 1464 3069 oratio
1509 3015 1678 3087 ipsius
1713 3016 1781 3069 ad
1817 3035 2012 3088 cogno-

388 3202 431 3254 *>
475 3206 699 3257 Pcrperam
729 3202 770 3244 ct
799 3204 939 3256 inique
969 3206 1019 3244 de
1050 3205 1239 3245 oratione
1258 3206 1492 3246 Pausaniae
1522 3206 1707 3246 iudicant
1735 3202 1917 3245 Astius
1946 3205 2013 3244 De

473 3262 560 3303 vita
589 3268 630 3302 et
658 3260 819 3313 scriptis
847 3261 1015 3301 Platon.
1036 3274 1076 3313 p.
1099 3266 1193 3303 311.
1224 3263 1391 3315 aliique,
1423 3263 1494 3313 qui
1523 3263 1560 3302 ei
1587 3268 1753 3302 vertunt
1773 3261 2011 3314 opprobrio,

475 3320 588 3369 quod
625 3325 788 3371 turpem
824 3317 1051 3360 lubidinem
1091 3326 1196 3359 tecte
1228 3320 1395 3370 quidem
1426 3320 1775 3360 commendaverit
1812 3325 1853 3358 et
1882 3318 2009 3357 hone-
