2158 3718
748 131 828 168 AD
847 116 850 117 ’
870 131 1230 170 SYMPosmM.
1293 157 1297 171 ÷
1686 134 1833 172 Lxxx

133 258 289 312 etiam
325 255 806 329 improbabilitatis,
857 258 956 310 etsi
1002 277 1033 310 a
1069 258 1253 312 multis
1293 258 1625 327 disputatum
1662 268 1743 311 est
1757 260 1830 330 ³¹⁶),

131 333 310 383 tamen
354 328 456 382 hoc
499 327 617 380 loco
665 327 1128 381 commemoranda
1163 327 1392 392 videtur,
1442 347 1549 382 non
1587 347 1693 396 quo
1732 348 1832 382 nos

130 417 244 452 rem
277 398 503 454 multum
515 397 890 474 m[disceptatam
940 398 1010 451 ad
1045 398 1305 467 liquidum
1341 399 1639 468 perducere·
1672 417 1832 468 posse

131 469 511 537 existimemuS,
551 467 647 520 sed
682 475 743 520 ut
778 476 1014 521 nostram
1052 468 1118 521 de
1152 487 1215 521 ea
1242 468 1562 521 sententiam
1596 487 1663 520 ne
1702 487 1830 520 eon-

132 539 268 592 sulto
297 538 581 609 ‘reticuisse
607 537 901 592 videamur.
941 537 1020 591 Ut
1043 538 1208 610 igitur
1233 538 1363 608 quid
1386 539 1465 591 rei
1495 539 1562 592 sit
1585 547 1831 590 accurate

130 606 496 680 cbgnosca'tur,
533 615 656 660 ante
693 609 870 660 omnia
906 627 1041 676 quae
1077 609 1356 679 utriusque
1397 607 1670 678 Symposii
1694 609 1830 661 ratio

133 679 221 743 sit,
236 678 495 732 'breviter
517 677 862 731 indicandum
885 679 1115 737 videtur.
1151 674 1295 741 Nam
1318 687 1604 748 perspecto
1628 678 1831 731 utrius-

131 765 241 819 que·
274 749 451 821 operis
477 748 694 802 consilio
721 767 942 803 caussae
969 745 1293 803 diversitatis
1329 750 1386 801 in
1419 768 1481 802 eo
1509 749 1831 818 conspicuae

132 818 341 892 facilius
367 835 495 872 sane
521 820 857 891 detegentur,
893 819 1199 888 certiusque
1227 819 1329 872 erit
1352 819 1628 882 iudicium,
1654 827 1835 870 utrum

131 884 478 961 malignitatis
536 889 816 943 cuiusdam
860 898 915 943 et
959 890 1194 943 invidiae
1228 889 1468 961 ‘vestigia
1514 897 1831 959 appareant,

129 975 237 1028 qua
259 959 578 1014 nobilissimi
609 957 846 1013 Socratis
866 959 1501 1031 discipuli-flagraverint,
1541 979 1610 1011 an
1634 959 1836 1011 frustra

133 1031 202 1083 de
227 1054 230 1061 τ
253 1030 320 1084 iis
377 1031 445 1082 sit
499 1030 835 1083 somniatum.
907 1029 1014 1083 Est
1066 1038 1246 1099 autem
1294 1037 1489 1099 nostro*
1520 1029 1716 1081 iudicio
1765 1029 1834 1080 de

131 1100 408 1169 utriusque
445 1100 621 1169 operis
654 1102 974 1170 'argumento
1011 1108 1064 1152 et
1099 1099 1319 1152 consilio
1357 1100 1433 1151 sic
1472 1099 1831 1151 statuendum.

132 1169 445 1241 Xenophon
494 1166 773 1222 Socratem
828 1169 982 1223 nobis
1028 1169 1269 1222 exhibuit
1307 1170 1502 1239 talem,
1560 1167 1734 1237 qualis
1779 1168 1836 1218 in

130 1241 252 1311 ipsa
286 1240 400 1295 vita
435 1247 488 1293 et
523 1239 580 1292 in
615 1239 957 1294 familiarium
994 1248 1153 1309 atque
1190 1240 1535 1292 convivarum
1569 1237 1836 1290 hilaritate

132 1310 297 1364 fuisse
333 1310 624 1375 videretur,
675 1310 996 1382 induxitque
1033 1327 1155 1362 eum
1192 1310 1258 1362 de
1294 1327 1474 1362 amore
1512 1327 1576 1361 ea
1610 1309 1836 1376 loquen-

134 1390 257 1446 tem,
295 1395 433 1451 quae
470 1399 660 1434 revera
693 1380 800 1451 ipsi
834 1380 1189 1451 placuissent3
1228 1379 1383 1434 Plato
1422 1387 1601 1431 autem
1637 1378 1835 1430 amoris

134 1451 436 1522 philosophi
473 1451 854 1526 praestantiam
890 1469 953 1504 ac
997 1450 1317 1520 dignitatem
1363 1449 1706 1502 adumbravit
1755 1456 1837 1499 at-

135 1540 240 1591 que
276 1522 599 1575 monstravit
626 1521 787 1589 viam,
826 1539 934 1591 qua
968 1521 1036 1574 ad
1069 1520 1213 1574 illam
1238 1520 1633 1592 perveniretur,
1673 1536 1841 1587 eaque

135 1594 192 1645 in
226 1611 285 1645 re
327 1590 565 1647 Socratis
602 1592 846 1662 exemplo
880 1609 1012 1644 usus
1050 1600 1132 1645 est
1167 1592 1262 1655 sie,
1300 1600 1362 1644 ut
1396 1591 1569 1659 ipsius
1605 1590 1838 1659 imagine

136 1662 307 1716 virtus
351 1661 579 1723 hominis
604 1662 804 1715 >divine
840 1679 1070 1732 prorsus
1107 1661 1333 1714 amantis
1368 1662 1594 1729 ideoque
1632 1677 1839 1712 summa

138 1734 413 1804 sapientia,
460 1733 822 1786 moderatione
869 1750 931 1785 ae
981 1733 1332 1804 temperantia
1377 1730 1550 1783 ornati
1587 1747 1841 1800 expressa

138 1812 458 1857 cerneretur.
526 1800 682 1870 Quae
729 1804 774 1856 si
818 1811 1087 1865 tenemuS,
1144 1798 1568 1872 Xenophontem
1605 1798 1842 1869 profecto

140 1875 296 1927 facile
349 1874 711 1946 intelligemus
762 1872 1107 1943 Symposium
1163 1889 1319 1926 suum
1373 1872 1526 1924 aliter
1563 1870 1841 1937 ‘adornare

138 1945 392 1999 debuisse
428 1953 590 2013 atque
626 1942 923 2007 Platonem,
961 1944 1272 2011 nullumque
1307 1961 1375 1995 ex
1411 1941 1511 1994 hac
1537 1939 1842 1994 diversitate

139 2024 356 2069 mutuae
409 2015 644 2069 invidiae
699 2023 793 2067 aut
846 2014 1245 2068 obtrectationis
1300 2019 1675 2084 argumentum
1729 2007 1844 2078 peti

140 2102 319 2158 posse,
339 2086 443 2138 nisi
462 2086 568 2138 alia
585 2087 699 2138 eius
717 2085 916 2138 indicia
933 2084 1286 2156 reperiantur.
1311 2079 1542 2135 Accedit
1558 2081 1682 2145 huc,
1697 2078 1844 2148 quod

142 2156 356 2224 utrique
381 2156 684 2209 convivium
708 2156 996 2224 quoddam,
1075 2153 1340 2208 raesentia
1366 2151 1605 2206 Socratis
1633 2149 1844 2204 celebre

139 2228 368 2288 factum,
409 2226 561 2279 alteri
589 2224 811 2290 Calliae,
851 2226 1003 2278 alteri
1028 2174 1353 2296 {gathoniffi
1393 2240 1642 2276 caussam
1668 2229 1723 2274 et
1747 2238 1845 2289 op-

145 2296 533 2367 portunitatem
564 2295 831 2349 scribendi
859 2293 1171 2366 praebuisse
1201 2294 1431 2357 videtur,
1463 2300 1524 2345 ut
1549 2291 1675 2343 hinc
1710 2308 1845 2358 quo-

143 2386 250 2437 que
271 2366 621 2420 dissensionis
641 2366 873 2419 rationes
892 2366 1038 2419 nullo
1057 2365 1273 2437 negotio
1292 2371 1534 2433 repetere
1553 2362 1727 2414 liceat.
1751 2358 1847 2412 Vi-

145 2438 364 2492 deamus
399 2436 586 2510 igitur,
624 2436 755 2506 quid
797 2436 1010 2489 tandem
1037 2435 1121 2500 sit,
1160 2435 1302 2487 unde
1327 2434 1430 2486 viri
1456 2431 1596 2485 docti
1623 2431 1850 2483 alterum

147 2506 496 2578 Symposium
533 2507 839 2577 oppositum
865 2524 982 2561 esse
1014 2506 1168 2562 alteri
1194 2502 1620 2558 coniectaverint.
1657 2500 1851 2568 Itaque

146 2579 380 2650 primum
425 2578 666 2649 aiunt**)
715 2577 772 2630 in
819 2574 1107 2648 Symposio
1155 2574 1399 2628 Platonis
1447 2572 1693 2627 tibicinas
1745 2570 1851 2623 eie—

148 2658 280 2714 ctas,
305 2648 452 2720 apud
478 2647 899 2719 Xenophontem
924 2655 1110 2702 eontra
1135 2646 1351 2699 easdem
1367 2662 1485 2697 una
1508 2661 1630 2696 cum
1658 2638 1854 2695 scurris

204 2793 250 2845 *)
279 2794 335 2836 V.
368 2793 663 2836 Cornarius
692 2791 876 2834 Praefat.
915 2792 970 2832 ad
999 2791 1267 2843 Interpretat.
1299 2788 1512 2841 Symposii
1543 2788 1652 2828 Plat.
1694 2792 1736 2826 et
1764 2786 1853 2826 Xe·

291 2851 423 2903 noph.
455 2863 497 2902 p.
532 2854 585 2890 13
615 2862 706 2901 sqq.
734 2851 941 2900 Menag.
962 2847 1017 2888 ad
1036 2847 1165 2898 Diog.
1195 2848 1246 2888 L.
1277 2845 1335 2885 11.
1369 2849 1435 2886 57.
1466 2843 1548 2883 ΙΙΙ.
1570 2848 1638 2884 34.
1668 2843 1853 2884 Muret.

290 2907 414 2947 Varr.
442 2907 580 2947 Lectt.
610 2906 666 2946 V.
701 2909 767 2946 14.
804 2905 954 2946 Voss.
984 2903 1096 2945 Hist.
1129 2903 1201 2944 Gr.
1232 2902 1267 2941 Ι.
1297 2914 1339 2954 p.
1373 2907 1439 2942 24.
1491 2899 1855 2946 Hindenburg.

295 2962 612 3002 Animadverss.
642 2962 688 3001 in
706 2961 818 3001 Xen.
837 2959 972 3000 Mem.
992 2958 1074 2999 111.
1100 2964 1138 2999 6.
1183 2959 1535 2998 Tennemann.
1566 2955 1728 2996 Hister.
1749 2953 1855 3004 phil.

295 3017 347 3056 T.
377 3018 413 3057 Ι.
443 3029 486 3068 p.
519 3021 586 3055 24.
627 3022 670 3056 et
704 3016 894 3067 inprimis
924 3016 979 3055 A.
1010 3014 1205 3055 Beekh.
1250 3014 1319 3054 De
1356 3012 1583 3061 simultate,
1622 3022 1729 3061 quae
1759 3008 1855 3047 Pla-

297 3073 389 3112 toni
427 3082 526 3112 eum
553 3071 847 3123 Xenophonte
886 3070 1170 3111 intercessisse
1207 3069 1352 3111 fertur.
1410 3067 1600 3110 Berolin.
1643 3069 1765 3107 1811.
1818 3067 1855 3100 4.

298 3127 347 3169 C.
385 3128 466 3169 Fr.
503 3126 781 3168 Hermann.
825 3126 985 3168 Indice.
1030 3126 1167 3167 Lectt.
1205 3125 1411 3166 Academ.
1448 3124 1740 3172 Marburgens.
1784 3129 1857 3168 per

301 3190 501 3224 semestre
520 3183 742 3223 hibernum
759 3194 855 3223 ann.
876 3179 1167 3223 1834-1835.
1193 3181 1498 3238 habendarum.
1516 3179 1652 3219 Marb.
1678 3188 1731 3216 ex
1747 3173 1856 3214 offic.

301 3240 573 3280 Elwertiana.

210 3296 276 3348 **)
308 3296 501 3337 Athen.
532 3294 610 3336 XI.
643 3308 681 3346 p.
718 3299 808 3336 505.
855 3295 902 3334 Ε.
936 3293 1224 3336 Cornarius
1254 3294 1280 3335 l.
1315 3308 1348 3334 c.
1387 3298 1448 3332 14.
