2158 3718
333 168 754 223 APOLOGIA
790 168 1197 225 SOC'RATIS.
1251 171 1315 223 P.
1354 173 1437 224 29.
1486 171 1567 226 St.
1704 174 1801 224 113

100 319 263 375 οἶδεν.
289 318 398 374 οἶδε
423 320 524 387 μὲν
550 315 657 388 γὰρ
688 316 868 381 οὐδεὶς
893 318 992 373 τὸν
1025 318 1294 373 θάνατον
1327 317 1438 373 οὐδ’
1475 325 1519 373 εὶ
1549 318 1807 390 τυγχάνει

98 407 174 472 τῷ
200 399 495 472 ἀνθρώπῳ
524 401 751 455 πάντων
775 408 1034 471 μέγιστον
1057 400 1122 458 ὂν
1155 401 1266 456 τῶν
1294 401 1565 469 ἀγαθῶν,
1598 406 1807 458 δεδίασι

95 487 139 540 ‹5’
177 485 249 551 ὡς
277 479 332 542 εὖ
360 486 574 550 εἰδότες,
613 483 697 539 ὅτι
721 493 976 556 μέγιστον
1005 491 1114 541 τῶν
1135 489 1317 541 κακῶν
1340 494 1470 542 ἐστι.
1511 491 1603 540 καὶ
1633 491 1801 543 τοῦτο

95 574 208 634 πῶς
228 571 327 626 οὐκ
350 568 584 639 ἀμαθία
612 574 756 624 ἐστὶν
774 570 917 637 αὕτη
937 570 969 638 ἡ
989 575 1374 639 ἐπονείδιστος,
1407 572 1437 638 ὴ
1459 575 1558 626 τοῦ
1574 573 1803 626 οἴεσθαι

94 659 292 712 εἰδέναι
316 652 351 708 ἂ
387 653 486 707 οὐκ
515 654 688 718 eidem
724 654 823 723 ἐγώ
851 660 921 717 δέ,
956 648 994 709 ὦ
1035 655 1245 724 ἄνδρες,
1276 657 1460 725 τούτῳ
1492 660 1582 710 καὶ
1608 660 1804 710 ἐνταῦ-

93 744 182 793 θα
201 739 326 802 ἴσως
345 737 584 810 διαφέρω
605 743 714 793 τῶν
728 743 946 794 πολλῶν
977 739 1320 808 ἀνθρώπων,
1347 744 1437 794 καὶ
1458 746 1501 795 εὶ
1528 741 1594 808 δή
1621 762 1695 810 τῳ
1712 761 1805 796 σο-

91 823 341 898 φώτερός
371 843 469 876 του
497 827 674 896 φαίην
705 823 862 891 εἶναι,
899 826 1075 894 τούτῳ
1104 822 1199 889 ἄν,
1231 822 1318 879 ὅτι
1355 825 1456 879 οὐκ
1482 824 1634 888 εἰδώς
1673 830 1804 879 ἱκα-

92 911 200 972 νῶς
226 911 348 977 περὶ
378 909 488 960 τῶν
529 905 788 961 ἐντἈιδου
822 907 966 962 οὕτω
1012 914 1102 962 καὶ
1141 909 1331 978 οἴομαι
1363 907 1462 964 οὐκ
1491 914 1703 964 εἰδέναι.
1738 908 1802 964 τὸ

93 993 386 1046 δὲ-ἀόικεῖν
412 995 502 1046 καὶ
529 991 793 1046 ἀπειθεῖν
821 995 896 1060 τῷ
919 995 1176 1062 βελτιόνι,
1191 995 1283 1046 καὶ
1312 996 1432 1062 θεῷ
1459 999 1549 1047 καὶ
1570 993 1805 1063 ἀνθρώ-

94 1098 196 1144 πῳ,
274 1074 359 1130 ὅτι-
415 1073 588 1129 κακὸν
656 1078 746 1128 καὶ
820 1074 1047 1147 αἰσχρόν
1102 1084 1250 1129 ἐστιν
1321 1076 1463 1130 οἶδα.
1522 1076 1630 1147 πρὸ
1703 1069 1806 1131 οὖν

1356 1158 1377 1177 u

92 1163 203 1213 τῶν
251 1161 450 1222 κακῶν,
489 1151 567 1212 ῶν
614 1158 738 1213 οἶδα
784 1156 872 1212 ὅτι
915 1159 1058 1213 κακά
1106 1167 1282 1222 ἐστιν,
1344 1186 1378 1213 α
1439 1160 1514 1230 μὴ
1574 1161 1698 1216 οἶδα
1762 1168 1803 1215 εὶ

90 1242 298 1312 ἀγαθοὶ
356 1238 494 1297 ὄντα
540 1241 817 1313 τυγχάνει,
877 1242 1140 1299 οὐδέποτε
1201 1244 1619 1318 φοβηθήσομαι
1678 1244 1805 1300 οὐδὲ

167 1467 170 1469 ’
204 1467 256 1510 Β.
314 1467 398 1506 καὶ
438 1462 728 1519 ἀπειθεῖν]
801 1467 846 1509 V.
895 1468 963 1506 καὶ
1007 1465 1056 1507 τὸ
1089 1463 1298 1516 ἀπειθεῖν,
1340 1468 1481 1509 invitis
1510 1467 1637 1512 codd.
1672 1470 1804 1521 pluri-

93 1524 175 1565 mis
205 1531 336 1577 atque
369 1525 560 1577 optimis..
591 1538 629 1564 v.
663 1526 715 1565 ad
749 1523 914 1564 Pliileb.
949 1539 988 1578 p.
1019 1525 1060 1569 4.

209 1579 481 1622 οὐδέποτε
522 1578 957 1636 φοβηθήσομαι]
1024 1585 1068 1622 V.
1115 1581 1393 1636 φοβήσομαι,
1446 1583 1560 1633 quod
1616 1597 1638 1623 e
1680 1582 1805 1627 Stob.

92 1639 282 1682 Eusebio
313 1641 412 1684 Vat.
445 1641 556 1681 Ven.
592 1642 630 1683 b.
661 1640 788 1682 Vind.
821 1640 861 1682 1.
893 1639 934 1683 4.
968 1641 1008 1684 6.
1043 1641 1157 1684 Flor.
1191 1641 1232 1681 d.
1266 1655 1302 1683 e.
1336 1655 1377 1694 g.
1412 1639 1450 1681 li.
1475 1641 1570 1684 Par.
1591 1640 1685 1683 DS.
1715 1653 1805 1682 rnu-

91 1702 241 1740 tatum.
306 1699 428 1751 Vulg.
460 1703 610 1739 tenent
641 1698 811 1740 Turicc.
846 1711 942 1740 cum
976 1698 1075 1740 cod.
1106 1698 1236 1742 Bodl.

104 1884 180 1910 τον
212 1868 393 1912 δεδιέναι
425 1867 569 1909 δοκεῖν
599 1867 755 1909 εἰδέναι
776 1866 803 1908 ἂ
831 1866 912 1909 ov’n

104 1922 234 1971 οἶδεν.
295 1929 359 1969 De
390 1929 515 1968 tertia
550 1939 733 1980 persona
779 1922 910 1978 οἶδεν,

98 1991 348 2039 propterea,
378 1986 490 2038 quod
527 1987 564 2025 in
598 1985 802 2025 infinitivo
839 1983 911 2025 δο-

101 2049 192 2084 κεῖν
216 2043 399 2084 'aliunde
431 2043 645 2096 pendente
666 2043 783 2082 notio
813 2057 911 2095 pro-

96 2101 283 2144 nominis
313 2097 406 2141 τινὰ
436 2101 704 2149 continetur,
737 2102 829 2141 sine
853 2112 914 2141 tes·

94 2160 262 2213 posita,
303 2158 341 2202 h.
375 2172 411 2200 e.
457 2158 543 2207 sic,
585 2163 633 2198 ut
665 2168 726 2197 τις
756 2158 910 2199 intelli-

93 2222 243 2268 gatur.
285 2229 325 2256 ν.
359 2216 646 2256 Hermann.
681 2215 732 2254 ad
762 2215 912 2265 Viget.

95 2289 134 2327 p.
167 2273 261 2318 725.
297 2270 542 2313 Selinefe
558 2285 589 2314 r.
613 2271 664 2312 ad
690 2272 912 2312 Lambert.

101 2334 201 2374 llos.
250 2330 352 2374 476.
395 2330 625 2372 Porson.
667 2330 721 2368 ad
763 2330 913 2382 Enrip.

98 2390 244 2430 Orest.
278 2402 316 2428 v.
348 2387 446 2431 308.
481 2394 523 2429 et
554 2385 741 2428 Mattli.
769 2386 844 2430 Gr,
875 2388 912 2438 S

101 2446 200 2490 295
244 2446 284 2488 2.
318 2445 534 2487 Clmrmid.
556 2458 613 2513 u,p
647 2444 745 2487 167.
782 2444 841 2485 Β.
879 2443 921 2484 εἰ

101 2501 294 2544 δυνατόν
333 2501 419 2543 ἐστι
458 2499 505 2541 τὸ
549 2499 574 2541 ἃ
623 2497 714 2541 οἶδε
755 2502 822 2541 και
861 2499 916 2554 μὴ

100 2556 216 2603 οιδεν
257 2559 425 2604 εἰδέναι
468 2559 612 2612 [Mysia
658 2573 699 2613 p.
732 2559 831 2602 212.
865 2560 914 2602 Β.

103 2621 164 2660 De
197 2620 311 2672 Rep.
347 2619 418 2662 VI,
449 2633 488 2670 p.
523 2617 620 2661 596.
665 2618 716 2657 C.
752 2616 915 2668 Euthy-
952 2642 961 2651 -

100 2677 213 2718 dem.
245 2691 284 2730 p.
319 2676 418 2720 284.
453 2682 498 2716 Α.
535 2676 638 2717 Crit.
674 2689 714 2728 p.
745 2675 815 2718 49.
848 2674 916 2725 C.,

99 2735 247 2786 Symp.
285 2749 324 2787 p,
355 2734 454 2778 187.
490 2734 538 2774 (ἵ.

161 2793 252 2832 καὶ
343 2793 505 2832 τοῦτο
617 2791 725 2829 πῶς
813 2784 914 2829 οὐκ

104 2846 209 2902 ἀμ]
242 2850 310 2890 καὶ
341 2851 436 2891 cuni
470 2850 508 2888 vi
538 2847 910 2899 pronuntiandum,

100 2914 146 2948 ut
195 2921 328 2960 saepe
377 2907 416 2947 in
462 2905 686 2946 sententiis
735 2906 911 2956 opposi-

99 2966 262 3006 tionem
286 2963 621 3013 continentibus,
651 2961 719 3001 nbi
750 2962 909 3002 frustra

102 3022 222 3063 suere
255 3023 326 3074 qui
357 3023 431 3062 καί
468 3034 532 3060 τοι
562 3019 840 3071 requirerent.
870 3034 909 3060 v.

103 3078 256 3119 Wolf.
287 3080 339 3120 ad
374 3079 545 3132 Leptin.
570 3091 608 3129 p.
632 3075 731 3120 238.
751 3077 915 3118 Deinde

109 3142 281 3176 τοῦτο
321 3135 616 3177 Fisclierns
655 3147 801 3175 errore
837 3147 914 3187 pro

112 3192 184 3234 διὰ
215 3194 342 3234 τοῦτο
374 3194 563 3247 positum
601 3204 697 3232 esse
729 3192 916 3244 putavit:

107 3256 175 3292 est
220 3253 328 3292 enim
382 3250 671 3292 nominativus
715 3249 916 3302 subiecti3

105 3307 160 3350 de
191 3321 276 3361 quo
315 3321 351 3348 v.
386 3306 666 3349 Matthiae
699 3306 774 3346 Gr.
811 3305 910 3353 440,

107 3364 148 3408 8.
179 3371 223 3407 et
254 3370 400 3407 nostra
433 3365 485 3406 ad
524 3363 699 3405 Pliaedr.
738 3375 781 3415 p.
809 3365 908 3409 245.

30 3433 33 3437 ·
108 3423 157 3465 C.
189 3421 295 3464 Mox
327 3423 459 3464 verba.
493 3418 517 3475 ἦ
551 3422 629 3461 τοῦ
661 3420 834 3462 ozenam
854 3421 909 3462 εἰ-

226 3493 338 3534 Plat.
370 3493 480 3546 opp.
522 3493 617 3534 Vol.
649 3493 682 3531 I.
715 3492 764 3533 P.
796 3493 829 3531 I.

999 1869 1115 1910 δέναι
1148 1870 1202 1909 ita
1231 1869 1466 1921 intelligas:
1500 1883 1635 1922 qnae
1667 1870 1714 1909 in
1743 1882 1804 1910 eo

999 1928 1274 1978 cernitur,
1315 1933 1370 1967 ut
1409 1927 1535 1979 quis
1566 1940 1623 1968 se
1658 1927 1804 1967 scire

999 1988 1263 2039 opinetur
1307 1997 1442 2037 quae
1493 1997 1596 2025 non
1647 1985 1802 2025 sciat.

999 2057 1037 2086 v.
1073 2041 1342 2083 Matthiae
1376 2040 1454 2082 Gr.
1490 2042 1530 2093 ξ.
1564 2042 1662 2086 375.

1058 2100 1106 2140 B.
1150 2097 1319 2153 τούτῳ
1360 2095 1444 2150 ἄν]
1496 2100 1630 2142 lntell.
1672 2102 1805 2152 φαίην

998 2153 1106 2197 εἱιαι
1138 2159 1204 2197 ul
1237 2158 1340 2208 εἴηι,
1402 2156 1654 2196 Proximum
1689 2154 1804 2197 οὕτω

997 2218 1183 2282 positum
1207 2223 1289 2265 est,
1316 2214 1415 2265 quia
1443 2227 1523 2253 ουκ
1545 2211 1671 2254 stasim
1688 2214 1801 2255 idem

997 2271 1367 2324 signifieat,‹1uod
1403 2268 1541 2323 ω’ςπερ
1579 2267 1659 2311 οὐκ
1692 2266 1800 2312 οἶδα.

1000 2330 1091 2369 Alia
1131 2330 1240 2369 latio
1274 2335 1340 2370 est.
1373 2341 1536 2379 eornm,
1571 2342 1680 2381 qnae
1707 2330 1801 2370 illu-

999 2387 1128 2426 stravi
1167 2386 1220 2426 ud
1253 2385 1476 2427 Philebum
1520 2400 1559 2439 p.
1593 2386 1692 2430 135.
1733 2387 1784 2427 ed

1001 2445 1040 2486 1.
1083 2443 1285 2484 Formula
1319 2443 1403 2482 τῶν
1430 2445 1597 2484 πολλῶν
1626 2440 1801 2497 ἀνθρώ-

1003 2515 1095 2541 πων
1138 2514 1189 2541 ne
1231 2514 1357 2553 quem
1392 2501 1606 2553 offendat,
1647 2503 1799 2543 eodem

1003 2559 1133 2600 modo
1159 2559 1324 2628 infrap.
1343 2558 1414 2602 35.
1438 2561 1488 2600 A.
1510 2558 1802 2612 Eutliypllron.

1002 2631 1041 2671 p.
1081 2615 1123 2659 4.
1165 2615 1219 2657 E.
1265 2611 1370 2656 οὐδέ
1415 2631 1470 2670 τῳ
1509 2613 1562 2657 ἂν
1606 2615 1806 2668 διαφέροι

1001 2670 1270 2726 Εὐθύφρων
1312 2675 1395 2714 τῶν
1424 2675 1590 2715 πολλῶν
1629 2670 1803 2727 ἀνθρώ-

1002 2747 1107 2774 πων.
1130 2731 1354 2773 Phaedon.
1390 2746 1428 2785 p.
1453 2732 1520 2776 65.
1539 2735 1596 2773 A.
1620 2731 1805 2786 δοκεῖγὲ

1001 2805 1088 2830 που
1117 2813 1170 2818 -—
1210 2794 1298 2829 tols
1332 2790 1504 2831 πολλοῖς
1535 2785 1802 2844 ἀνθρώποις.

997 2848 1106 2889 Ibid.
1136 2861 1175 2900 p.
1198 2847 1267 2891 81.
1279 2847 1330 2888 D.
1362 2844 1421 2888 ὥς
1442 2861 1575 2900 φασιν
1595 2863 1636 2888 οι
1632 2849 1803 2889 πολλοὶ

998 2904 1242 2958 ἅνθρωποι,
1281 2905 1391 2949 Ibid.
1421 2919 1462 2958 p.
1494 2907 1562 2950 92.
1597 2907 1646 2947 C.
1693 2903 1803 2947 ὅθεν

998 2964 1066 3004 καὶ
1089 2967 1175 3002 τοῖς
1195 2963 1367 3003 πολλοῖς
1396 2959 1651 3016 ἀνθρώποις
1672 2962 1800 3008 δοκεῖ.

1000 3022 1091 3062 Nes:
1122 3025 1265 3062 tamen
1286 3021 1322 3060 H
1342 3021 1561 3075 irscliig.
1595 3035 1799 3063 verecun-

1002 3079 1126 3118 datus
1150 3084 1216 3119 est
1248 3080 1288 3118 in
1308 3079 1463 3119 talibus
1498 3093 1538 3119 v.
1569 3076 1801 3132 ἅνθρωποι

1001 3136 1117 3176 furca
1147 3137 1312 3177 scilicet
1343 3137 1584 3189 expellere,
1621 3149 1709 3178 non·
1729 3137 1800 3178 ille

1002 3193 1191 3234 sentiens
1234 3192 1415 3234 formula
1460 3195 1652 3247 pleniore
1687 3196 1799 3248 vulgi

1002 3251 1257 3317 imperitiam
1291 3251 1508 3303 aliquanto
1539 3251 1690 3292 fortius
1719 3265 1796 3293 no

996 3308 1074 3348 tari
1104 3319 1228 3359 quam
1250 3307 1429 3376 simplici
1457 3309 1541 3349 isto
1572 3307 1618 3348 οι
1631 3310 1796 3351 πολλοί.

1056 3362 1156 3417 πρὸ
1202 3358 1298 3404 οὖν
1359 3366 1460 3405 τῶν
1514 3368 1687 3406 κακῶν
1742 3389 1794 3398 -·-

1000 3418 1128 3462 ουδὲ
1166 3419 1461 3475 φεύξομαι]
1524 3423 1573 3464 In
1618 3423 1678 3464 liis
1716 3437 1796 3473 φο

1457 3494 1487 3543 8
