2158 3718
327 202 431 252 1411
962 201 1380 254 PLATONIS

323 344 420 401 ὅν·
473 347 586 402 ἐπεὶ
634 344 821 401 αὐτῶν
865 367 923 415 γε
967 347 1059 401 καὶ
1102 342 1282 410 πόδας
1337 349 1429 402 καὶ
1479 356 1668 419 χεῖρας
1710 352 2005 405 ἐθέλουσιν

322 429 747 502 ἀποτέμνεσθαι
788 434 841 484 οἱ
884 426 1205 529 ἅνιῗρωποι,
1249 426 1348 485 ἐὰν
1392 429 1590 497 αὐτοῖς
1603 436 1746 538 δοκῇ
1777 430 1846 488 τὰ
1875 439 2005 488 ἑαυ-

324 516 436 569 τῶν
479 536 699 586 πονηρα
743 513 899 569 εἶναι.
946 512 1011 569 οὐ
1054 535 1160 587 γαρ
1192 511 1256 569 τὸ
1298 517 1522 581 ἑαυτῶν,
1569 514 1739 589 οἶμαι,
1783 522 2004 573 ἕκαστοι

321 595 684 666 ἀσπάζονται,
731 604 775 652 εὶ
819 595 895 669 μὴ
940 597 990 652 εἰ(
1029 618 1112 662 τις
1152 595 1216 653 τὸ
1260 601 1360 668 μὲν
1403 597 1635 668 ἀγαθὸν
1673 607 1875 657 οἰκεῖον
1905 624 2005 658 κα-

321 685 403 737 λεῖ
443 686 536 737 καὶ
582 684 802 747 ἑαυτοῦ,
845 678 910 738 τὸ
956 684 1012 736 δὲ
1043 678 1218 737 κακὸν
1257 680 1583 755 ἀλλότριον·
1626 683 1700 750 ὡς
1740 684 1901 741 οὐδέν
1943 707 2003 757 γε

180 769 285 817 206
322 764 457 821 ἄλλο
498 768 643 821 ἐστὶν
676 758 742 820 οὗ
769 769 962 838 ἐρῶσιν
985 762 1288 839 ἄνθρωποι
1332 763 1367 834 ἢ
1409 769 1513 822 τοῦ
1555 765 1807 837 ἀγαθοῦ.
1849 765 1884 837 ἢ
1916 772 2004 827 σοὶ

320 852 614 914 δοκοῦσινς
699 849 805 905 Μὰ
865 849 949 906 Δί’
1014 848 1115 906 οὐκ
1173 853 1385 921 ἔμοιγε,
1437 871 1509 918 ην
1568 851 1621 907 δ’
1681 851 1804 922 ἐγώ.
1867 846 1994 928 Αρ’

320 955 460 1002 ουν,
496 956 530 1002 η
577 932 628 989 δ’
680 931 746 1002 ἦ,
790 932 967 1005 οὕτως
1006 931 1225 990 ἁπλοῦν
1267 941 1380 989 ἐστι
1423 938 1623 1004 λέγειν,
1677 934 1767 994 ὅτι
1809 941 1862 993 οἱ
1901 935 2004 993 ἄν·

316 1022 547 1090 θρωποι
603 1017 874 1090 τάγαθοῦ
931 1021 1122 1090 ἐρῶσι;
1206 1022 1352 1085 Ναί,
1409 1024 1566 1095 έφην.
1658 1024 1727 1077 Τί
1781 1024 1868 1089 δές
1930 1020 1998 1078 οὐ

319 1106 695 1176 προςθετὲον,
756 1107 892 1177 ἔφη,
951 1100 1041 1159 ὅτι
1095 1106 1186 1158 καὶ
1230 1102 1371 1160 εἶναι
1415 1100 1480 1159 τὸ
1525 1102 1762 1173 ἀγαθὸν
1806 1103 2000 1171 αὐτοῖς

318 1190 539 1256 ἐρῶσινς
608 1191 990 1257 Προςθετέον.
1059 1178 1194 1263 Ἆρ’
1249 1179 1368 1253 οὖν,
1410 1191 1534 1263 ἔφη,
1580 1193 1674 1244 καὶ
1724 1188 1792 1246 οὐ
1815 1189 1999 1261 μόνον

319 1270 487 1338 εἶναι,
550 1269 695 1327 ἀλλὰ
738 1275 830 1327 καὶ
872 1271 959 1327 ἀεὶ
1002 1272 1177 1342 elimo,-
1263 1275 1380 1327 Καὶ
1425 1276 1595 1328 τοῦτο
1638 1278 2000 1347 προςθετέον.

302 1352 488 1411 ’Έστιν
530 1353 643 1429 ἄρα
687 1355 1021 1439 ξυλλήβὸην,
1079 1364 1210 1431 εφη,
1267 1354 1472 1427 ὁέρως
1515 1360 1613 1413 τοῦ
1659 1356 1722 1414 τὸ
1763 1355 1999 1430 ἀγαθὸν

317 1437 469 1512 αὐτῷ
515 1439 654 1496 εἶναι
700 1439 802 1496 ἀεί.
883 1439 1302 1509 Ἀληθέστατα,
1349 1445 1486 1516 ἔφην
1530 1437 1659 1511 ἐγώ,
1704 1445 1889 1514 λέγεις.

431 1633 482 1675 Ε.
514 1632 634 1675 ἐπεὶ
664 1632 726 1674 αὖ
739 1649 841 1674 των
871 1648 927 1688 γε
957 1633 1047 1674 καὶ
1076 1636 1145 1683 m]
1180 1632 1230 1675 V.
1257 1647 1304 1674 ἰε
1334 1646 1412 1687 pro
1443 1649 1506 1688 γε,
1540 1633 1657 1688 quod
1688 1634 1818 1678 codd.
1846 1649 1999 1679 omnes

315 1696 488 1746 praeter
519 1690 613 1734 Vat.
641 1704 676 1731 s·
710 1696 754 1733 et
783 1691 970 1733 fortasse
1001 1689 1124 1732 Vind.
1150 1690 1190 1734 1
1211 1691 1251 1733 7.
1283 1691 1608 1745 suppeditarunt
1665 1719 1668 1722 »

430 1750 637 1790 οἰκεῖον
674 1748 863 1803 καλεῖ]
899 1750 1008 1801 καλῇ
1035 1748 1128 1790 vat.
1145 1746 1197 1792 A.
1220 1747 1346 1790 ΒοάΙ.
1371 1749 1464 1792 Vat.
1478 1763 1513 1790 8.
1536 1750 1638 1795 Par.
1652 1749 1703 1792 F.
1733 1749 1861 1791 καλοῖ
1887 1731 2000 1794 corr.

314 1807 447 1848 Coisi.

432 1864 482 1906 P
516 1862 614 1907 206.
675 1864 735 1906 οὗ
785 1863 975 1916 ἔρωσιν
1016 1859 1342 1915 ανθρωποι]
1397 1863 1505 1905 Ven.
1527 1861 1574 1905 Ξ.
1602 1863 1727 1906 vind.
1751 1863 1792 1908 2.
1819 1864 1920 1907 Par
1941 1865 1994 1907 Κ.

317 1923 469 1963 Ambr.
498 1921 592 1962 Vat.
607 1933 648 1964 ιι.
662 1935 700 1975 p.
714 1933 747 1962 r.
767 1920 893 1962 Vind.
909 1922 944 1963 1.
955 1919 996 1964 2
1011 1920 1050 1964 7-
1077 1919 1192 1961 Flor.
1205 1932 1243 1960 n.
1276 1920 1320 1960 οἱ
1349 1919 1595 1977 ανθρωποι.
1635 1921 1859 1964 Bekkerus
1891 1922 1995 1963 scri-

316 1979 403 2034 psit
447 1977 688 2031 ἅνθρωποι.
760 1978 848 2019 Sed
890 1979 1070 2020 articulo
1109 1977 1430 2031 haudquaquam
1477 1991 1585 2032 opus
1632 1992 1766 2091 essep
1778 1979 1998 2021 docebunt

316 2050 430 2090 quae
470 2036 720 2089 scripsimus
758 2035 811 2077 ad
851 2032 1076 2090 Protagor.
1120 2047 1161 2088 p.
1193 2034 1290 2078 355.
1325 2038 1375 2076 Α.
1425 2035 1479 2077 de
1511 2037 1623 2090 Rep.
1651 2037 1706 2078 X.
1772 2036 1911 2081 603.
1941 2037 1993 2079 C.

315 2096 499 2148 Apolog
535 2094 704 2137 Socrat.
738 2107 777 2147 p.
811 2092 880 2138 39.
914 2094 962 2134 C.
1026 2091 1134 2134 Dein
1164 2100 1283 2134 recte
1310 2093 1405 2135 vat.
1418 2093 1471 2135 A.
1493 2094 1625 2136 Cois!
1648 2050 1805 2136 Venp'*
1768 2109 1814 2137 s.
1834 2095 1934 2136 Par.
1939 2093 1997 2137 „F

315 2153 463 2195 Ambe.
498 2150 524 2203 ἢ
554 2150 622 2192 σοὶ
655 2152 871 2194 δοκοῦσιν.
898 2151 1014 2193 vett.
1048 2149 1222 2202 editt—²7

425 2203 536 2264 τ’Λρ
578 2202 700 2262 οὖν,
742 2213 765 2261 ἠ
808 2208 848 2250 δ’
889 2207 940 2262 ἧ’,
970 2206 1141 2254 οὕτως
1172 2167 1410 2258 ἆηπλοῦν]
1444 2208 1528 2250 Hic
1562 2221 1736 2262 quoque
1771 2208 1996 2252 Bekkerua

312 2281 391 2322 pro
431 2268 543 2321 vulg.
585 2265 665 2318 ηὸη
709 2266 763 2309 de
802 2268 1045 2310 coniectura
1077 2266 1247 2319 scripsit
1284 2271 1307 2318 ἠ
1341 2263 1382 2307 δ
1416 2263 1457 2318 ἧ’.
1518 2266 1624 2308 Mox
1656 2266 1786 2308 Coisl.
1820 2267 1922 2322 Par.
1940 2266 1990 2308 F.

313 2326 410 2368 Vat.
432 2338 470 2366 n.
506 2325 550 2364 τί
578 2325 676 2374 δαίς

427 2379 559 2423 ἀλλὰ
597 2382 686 2422 καὶ
723 2379 806 2421 ἀεὶ
843 2395 888 2421 ει
874 2379 1014 2434 3vota]
1064 2380 1133 2421 καὶ
1171 2380 1365 2423 τιάᾶίῐιιηι
1411 2395 1436 2423 e
1471 2379 1606 2422 Bodl.
1649 2380 1744 2422 Vnt.
1762 2378 1813 2424 A.
1857 2381 1989 2424 Coisl.

311 2441 420 2482 Ven.
441 2441 485 2482 Ξ.
518 2438 641 2483 Vind.
674 2439 761 2483 1.2.
778 2438 818 2481 7.
840 2438 939 2480 Par.
956 2438 991 2479 D
1007 2437 1058 2479 Κ.
1079 2440 1225 2481 Ambr⁴
1253 2441 1411 2492 Ang.u.
1427 2452 1475 2479 w.
1503 2438 1647 2481 Vat.n.
1664 2451 1750 2492 p.r.
1770 2438 1987 2481 Flor.a.b.

312 2512 348 2539 c.
364 2499 389 2541 i.
404 2511 443 2539 n.
504 2497 738 2540 Enimvero
771 2496 934 2538 omisso
967 2495 1038 2535 καὶ
1070 2497 1244 2539 secundi
1274 2497 1454 2538 membri
1487 2509 1536 2538 ea
1557 2496 1670 2537 foret
1701 2497 1778 2547 vis,
1810 2503 1857 2539 ut
1878 2495 1994 2550 quod

308 2556 350 2597 iu
381 2556 522 2610 priore
553 2554 710 2596 dictum
750 2559 841 2607 est,
872 2553 915 2602 id
945 2558 1085 2596 totum
1117 2555 1406 2609 corrigeretur
1436 2558 1566 2607 atque
1600 2554 1836 2598 tolleretur.

327 2733 331 2742 ,
368 2697 418 2738 Ε.
477 2697 522 2736 εἰ
559 2694 625 2750 μὴ
667 2698 717 2736 εἴ
747 2694 861 2749 τις]
894 2696 933 2735 εἰ
962 2693 1020 2748 μὴ
1055 2696 1103 2747 εἰ,
1191 2695 1535 2748 exceptione
1567 2707 1754 2736 verum
1786 2698 1886 2736 est.
1925 2695 1989 2738 lta

308 2759 355 2794 ut
386 2753 524 2794 Latin.
556 2753 660 2793 nisi
693 2753 740 2793 ai
782 2752 840 2793 sic
871 2757 1105 2806 usurpatur
1186 2751 1353 2792 ἁπλοῦν
1383 2751 1569 2792 Phaedr.
1592 2765 1630 2805 p·
1657 2750 1752 2794 244.
1778 2754 1830 2793 Α.
1879 2752 1988 2794 Pro-

308 2814 355 2852 ut
372 2811 549 2852 aiterum
573 2811 608 2848 εἰ
627 2809 868 2861 exceptioni
889 2807 1102 2849 conditio·
1187 2814 1270 2861 tag.
1295 2807 1392 2851 331.
1415 2809 1463 2852 Ε.
1486 2807 1706 2851 Phaedon.
1725 2806 1792 2851 62.
1821 2810 1871 2850 Α.
1893 2809 1985 2851 Eu·-

309 2881 406 2909 nem
443 2867 629 2917 adiiciat,
666 2865 775 2906 conf.
810 2865 915 2907 infra
938 2879 978 2919 p.
1001 2863 1100 2908 221.
1185 2865 1373 2922 thydem.
1403 2865 1501 2909 288.
1539 2865 1585 2906 E.
1629 2866 1692 2907 De
1727 2866 1840 2921 Rep.
1877 2867 1991 2912 Vin.

309 2926 365 2970 D.
392 2925 527 2978 Gorg.
549 2923 646 2966 4⁶30.
679 2922 727 2964 B.
759 2921 888 2963 Laeli.
918 2921 1012 2966 196.
1048 2928 1099 2966 Α,

307 2983 374 3025 De
391 2981 595 3036 Rep.lx.
619 2979 716 3026 581.
740 2981 789 3020 D.
816 2981 868 3021 al.

367 3069 419 3110 P·
442 3067 540 3113 206.
573 3059 638 3110 οὗ
669 3067 862 3122 ἐρῶσιν
892 3067 1100 3120 ἅνθρω-

308 3142 406 3169 ποι
454 3144 476 3178 η
527 3130 629 3166 τοῦ
673 3123 896 3177 ἀγαθοῦ
911 3123 945 3178 ,·]
1006 3125 1101 3166 Alia

309 3184 432 3226 huius
452 3182 780 3224 constructionis
808 3183 1002 3236 exempla
1027 3182 1103 3224 da-

309 3242 373 3282 bit
418 3233 684 3282 Matthiae
728 3239 806 3282 Gr.
846 3239 882 3293 §-
922 3239 1019 3283 631.
1060 3254 1100 3294 p

312 3298 436 3343 1299.
469 3298 535 3340 ed.
572 3297 613 3342 2

367 3380 544 3430 ου’·τως
601 3380 821 3424 απλοῦν
865 3381 985 3422 ἔστι
1034 3382 1102 3437 λ.]

319 3441 398 3482 sic
453 3439 798 3493 simpliciter
864 3452 925 3482 ac
982 3438 1103 3484 sine

1183 2923 1283 2967 345.
1311 2923 1360 2965 Ι).
1382 2926 1436 2965 al.
1479 2922 1541 2964 Ad
1567 2923 1871 2976 praecedentia
1892 2924 1984 2965 Μὰ

1183 2979 1269 3023 Δί’
1303 2979 1400 3021 ov'u
1433 2981 1620 3035 ἔμοιγε
1663 2982 1796 3023 intell.
1827 2982 1988 3024 δοκοῦ-

1185 3054 1250 3080 σιν
1277 3038 1410 3080 ἄλλοι)
1441 3036 1559 3085 τινὸς
1588 3039 1702 3093 ἐρᾶν.

1243 3154 1294 3197 Β.
1355 3151 1666 3194 διωκόντων
1706 3151 1870 3209 αὐτό]
1913 3155 1984 3196 In·-

1189 3213 1278 3253 ten.
1323 3210 1373 3252 τὸ
1421 3210 1627 3266 τάγαθὸν
1677 3209 1828 3258 αὑτοῖς
1874 3211 1986 3253 εἶναι

1187 3267 1265 3310 niel.
1328 3269 1469 3310 Verba
1494 3267 1692 3316 σύντασις
1713 3269 1782 3308 καὶ
1812 3269 1979 3321 σπουδὴ

1187 3328 1416 3381 iunguntur
1463 3330 1511 3368 ut
1566 3327 1862 3368 συντείνεσθαι
1910 3326 1983 3366 καὶ

1187 3383 1435 3433 σπουδάζειν
1462 3383 1721 3439 Euthydem.
1752 3398 1794 3438 p.
1815 3382 1978 3427 2881).

1187 3441 1354 3485 Deinde
1384 3446 1485 3496 post
1516 3443 1636 3497 ἔργον
1664 3440 1899 3496 interposui
1924 3440 1983 3483 si-
