2158 3718
264 122 335 175 66
901 121 1395 167 PROLEGOMENA

267 264 576 332 Quamquam
610 266 660 314 in
697 265 756 316 iis
793 266 1147 331 componendis
1193 266 1385 315 videtur
1429 273 1648 316 versatus
1693 282 1799 317 esse
1842 266 2045 319 liberius

264 342 414 402 atque
451 352 540 386 suo
575 337 730 401 ipsius
765 337 962 401 ingenio
998 352 1055 386 ac
1090 337 1343 387 doctrinae
1378 337 1600 387 nonnihil
1636 337 1912 388 indulsisse.
1972 340 2044 390 Ex

267 422 366 472 quo
403 408 645 471 originem
681 407 817 456 duxit
850 421 1138 471 perversum
1174 406 1526 457 nonnullorum
1552 408 1810 466 iudicium,
1846 413 1928 474 qui
1952 410 2044 459 Pa-

264 479 481 528 naetium
523 478 743 527 Stoicum
786 482 1082 541 putaverunt
1113 477 1390 527 Phaedonis
1430 478 1667 528 Platonici
1709 479 1857 529 fidem
1900 485 2046 545 atque

265 550 606 599 auctoritatem
644 549 692 596 in
729 549 1113 598 controversiam
1147 563 1369 604 vocasse,
1407 550 1457 597 in
1486 564 1697 612 quorum
1724 565 1930 599 numero
1956 551 2047 600 fuit

266 619 510 669 Leonidas
535 618 894 668 Alexandrinus
909 617 961 684 ¹).
999 618 1243 668 Nimirum
1269 619 1526 669 Panaetius
1554 622 1837 684 neutiquam
1861 620 2044 670 librum

266 689 482 739 Platonis
515 689 565 738 in
601 688 805 738 dubium
839 690 1051 746 vocavit,
1089 690 1174 739 sed
1211 689 1488 739 Phaedonis
1523 697 1571 740 et
1607 690 1820 740 Euclidis
1864 690 2045 754 dialogi

266 775 383 810 num
410 776 502 824 pro
530 760 793 809 Socraticis
818 759 1063 823 probandi
1090 766 1279 816 essent,
1309 760 1656 824 ambigendum
1683 759 1915 826 statuit2).
2032 814 2034 816 ,

406 830 550 879 Hunc
592 831 741 892 igitur
783 830 1096 880 Phaedonem
1143 830 1279 880 Plato
1324 832 1374 878 in
1409 831 1504 881 hoc
1541 846 1769 881 sermone
1812 832 1954 881 iussit
1988 848 2044 881 ea

264 915 470 950 narrare
505 905 552 950 et
586 915 859 965 exponere,
901 916 1024 965 quae
1051 902 1278 951 Socrates
1311 901 1483 950 ultimo
1519 903 1643 951 vitae
1671 902 1748 951 die
1775 902 1971 953 fecisset
1998 908 2045 952 et

265 972 609 1035 disputavisset
645 971 867 1034 adeoque
906 972 1105 1021 nomine
1141 973 1292 1036 ipsius
1326 971 1505 1021 librum
1551 973 1843 1037 inscriptum
1877 971 2044 1022 voluit.

261 1042 318 1091 ln
344 1057 442 1107 quo
470 1057 582 1092 cum
602 1041 759 1092 Gellio
772 1039 807 1108 3)
837 1048 884 1092 et
902 1041 1153 1092 Macrobio
1166 1041 1200 1107 4)
1224 1043 1534 1106 agnoscimus
1560 1043 1763 1092 honoris
1789 1043 2045 1093 cuiusdam

262 1112 681 1170 testificationem,
710 1113 843 1163 unde
878 1112 1020 1163 facile
1057 1115 1288 1163 coniicias
1324 1114 1466 1162 etiam
1494 1112 1684 1163 Platoni
1711 1130 1822 1164 cum
1849 1130 1907 1163 eo
1935 1129 2042 1164 arc·

262 1184 440 1233 tiorem
475 1183 719 1249 quandam
760 1184 1021 1233 amicitiam
1058 1199 1114 1233 ac
1150 1184 1559 1234 necessitudinem
1585 1186 1920 1234 intercessisse
1946 1199 2045 1249 quo

261 1259 488 1318 tempore
523 1254 601 1303 hic
639 1253 862 1317 dialogus
898 1254 1074 1304 litteris
1111 1261 1337 1304 exaratus
1363 1260 1458 1311 est,
1497 1254 1705 1304 fortasse
1740 1261 2043 1305 contractam

260 1323 395 1374 illam
417 1325 598 1374 arctius
618 1330 702 1374 aut
720 1330 1022 1381 renovatam,
1047 1340 1158 1374 cum
1185 1325 1508 1390 philosophus
1534 1325 1929 1390 Peloponnesum
1955 1341 2048 1390 per

260 1396 495 1445 itinerum
522 1402 633 1459 post
659 1395 874 1445 Socratis
900 1402 1110 1445 mortem
1140 1402 1491 1462 ‘susceptorum
1528 1398 1945 1460 opportunitatem
1970 1397 2046 1444 in-

261 1467 458 1516 viseret.
510 1466 743 1516 Ceterum
781 1466 913 1532 quod
940 1465 1285 1529 Athenaeus&
1328 1473 1519 1522 narrat,
1558 1467 1874 1517 Phaedonem
1916 1466 2047 1516 lecto

261 1535 479 1588 Platonis
505 1536 699 1600 dialogo
726 1538 979 1601 negavisse
1018 1553 1071 1586 se
1107 1553 1323 1603 unquam
1360 1537 1454 1588 tale
1485 1537 1716 1602 quiddam
1743 1538 2047 1602 exposuisse,

260 1607 311 1656 id
338 1608 478 1657 sicuti
501 1608 684 1656 nemini
704 1610 932 1672 cuiquam
953 1608 1134 1657 mirum
1160 1608 1361 1665 accidet,
1386 1610 1472 1673 quir
1495 1623 1684 1658 morem
1713 1614 1760 1658 et
1785 1614 2048 1657 consuetu·

262 1677 427 1727 dinem
455 1677 761 1742 dialogorum
788 1679 1079 1734 meminerit,
1108 1680 1172 1727 ita
1200 1680 1346 1728 etiam
1374 1694 1432 1728 eo
1462 1678 1621 1729 valere
1649 1678 1808 1735 dehet,
1838 1686 1890 1728 ut
1916 1693 2046 1743 quae

258 1748 311 1797 in
337 1748 599 1798 Phaedone
624 1754 960 1813 exponuntur,
1000 1764 1055 1798 ea
1082 1751 1166 1798 uni
1193 1750 1402 1799 maxime
1429 1749 1620 1799 Platoni
1656 1749 1826 1799 deberi
1862 1750 2047 1799 certius

261 1818 406 1869 nobis
432 1819 831 1883 persuadeamus.

404 1889 582 1938 Narrat
606 1895 769 1939 autem
796 1889 994 1939 Phaedo
1021 1905 1302 1940 sermonem
1333 1890 1457 1940 Ech
1474 1892 1698 1948 ecrati,
1741 1891 1869 1956 apud
1897 1906 2044 1956 quem

260 1960 442 2025 hospes
488 1959 721 2017 devertit,
769 1967 918 2025 atque
962 1960 1069 2009 aliis
1121 1962 1223 2010 eius
1268 1960 1602 2012 familiaribus.
1678 1961 1802 2011 Nam
1846 1967 2049 2026 praeter

262 2030 587 2081 Echecratem
621 2032 764 2081 etiam
803 2025 967 2097 κωφὰ
1001 2027 1276 2098 πρόσωπα
1311 2031 1428 2095 fingi
1465 2033 1746 2097 praesentia
1784 2038 1832 2082 et
1866 2032 2046 2096 dialogi

263 2101 522 2151 exordium
573 2101 716 2151 docet
760 2108 808 2151 et
846 2108 981 2166 patet
1024 2118 1050 2152 e
1093 2115 1203 2166 pag.
1235 2099 1336 2152 102
1361 2103 1413 2151 A.
1485 2102 1608 2152 Eum
1653 2108 1756 2152 tum
1798 2102 2047 2152 habitasse

261 2171 491 2222 Phliunte
527 2173 633 2236 ipse
667 2172 805 2223 Plato
840 2172 1039 2222 indicat..
1099 2173 1159 2221 Et
1204 2178 1407 2222 vocatur
1446 2174 1591 2223 etiam
1628 2188 1653 2223 a
1690 2173 1908 2238 Diogene
1922 2171 1956 2239 6)
1994 2180 2044 2223 et

262 2241 578 2308 Iamblich07)
629 2243 888 2293 Phliasius,
950 2244 1258 2308 Quamquam
1298 2244 1443 2293 huius
1489 2245 1701 2293 nominis
1745 2244 1850 2294 sine
1893 2243 2046 2294 dubio

263 2313 355 2363 alia
380 2315 505 2363 ratio
533 2320 631 2371 est,
671 2329 816 2379 quam
854 2312 998 2363 alicui
1023 2316 1185 2378 primo
1211 2322 1414 2379 aspectu
1438 2315 1673 2371 videatur,
1702 2315 1943 2379 siquid-em
1969 2315 2044 2364 in·

260 2383 511 2447 tellegitur
544 2384 883 2450 Pythagoreus
918 2384 999 2434 ille
1026 2385 1345 2441 Echecrates,
1386 2401 1531 2449 quem
1561 2386 1806 2450 Diogenes
1843 2391 1892 2435 et
1916 2386 2043 2435 Iam-

258 2454 455 2505 blichus
481 2463 784 2512 memorant,
814 2456 874 2506 de
902 2471 996 2520 qua
1022 2471 1077 2506 re
1102 2462 1272 2506 nostro
1293 2456 1490 2520 quidem
1517 2457 1695 2506 iudicio
1722 2455 1852 2505 nulla
1880 2462 2047 2521 potest

380 2637 423 2691 1)
454 2638 508 2678 In
537 2639 818 2693 Epigramm.
851 2639 1036 2680 Anthol.
1070 2639 1148 2682 Gr.
1178 2639 1234 2689 X,
1267 2641 1352 2682 358
1379 2657 1437 2676 Ξ
1466 2640 1501 2688 1,
1532 2642 1602 2690 44,
1634 2642 1677 2682 4.

376 2708 419 2761 2)
451 2709 589 2761 Diog.
621 2709 677 2749 L.
709 2709 778 2759 II,
812 2709 866 2748 64
899 2708 1021 2761 (coll.
1051 2709 1142 2758 III,
1177 2710 1275 2760 37):
1307 2703 1500 2751 πάντων
1529 2706 1691 2763 μέντοι
1722 2707 1816 2751 τῶν
1847 2708 2045 2761 Σωκρα-

260 2762 405 2806 τικῶν
435 2760 673 2819 διαλόγων
704 2764 969 2814 Παναίτιος
1000 2757 1249 2818 ἀληθεῖς
1289 2762 1417 2807 εἶναι
1457 2764 1596 2807 δοκεῖ
1629 2759 1739 2813 τοὺς
1770 2760 2041 2816 Πλάτωνος,

261 2819 600 2873 Ξενοφῶντος,
626 2813 975 2871 Ἀντισθένους,
1010 2817 1261 2887 Αἰιξχίνου·
1310 2817 1516 2872 διστάζει
1555 2817 1609 2862 δὲ
1649 2819 1758 2874 περὶ
1794 2819 1891 2862 τῶν
1921 2821 2038 2863 Φαί-

261 2875 415 2926 δωνος
435 2874 517 2919 καὶ
541 2870 827 2919 Εὐκλείδου·
861 2871 971 2925 τοὺς
994 2873 1047 2919 δὲ
1069 2879 1240 2926 amove
1261 2872 1463 2931 ἀναιρεῖ
1475 2872 1661 2926 πάντας
1690 2878 1735 2919 h.
1768 2891 1807 2919 e.
1840 2879 2044 2918 omnium

259 2946 370 2975 vero
393 2933 731 2975 Socraticorum
761 2933 1049 2986 dialogorum
1069 2935 1322 2975 Panaetius
1354 2939 1512 2975 censet
1542 2935 1664 2976 solos
1694 2933 1918 2986 Platonis,
1949 2934 2040 2975 Xe-

259 2990 531 3044 nophontis,
562 2990 850 3031 Antisthenis
882 2994 1018 3043 atque
1048 2991 1289 3031 Aeschinis
1327 3005 1594 3045 germanam
1630 2992 1804 3033 referre
1836 2991 2045 3032 Socratis

260 3047 489 3089 rationem
534 3059 588 3087 ac
633 3046 943 3100 disciplinam3
992 3047 1046 3087 de
1078 3047 1340 3089 Phaedonis
1387 3052 1540 3089 autem
1587 3052 1633 3089 et
1661 3047 1870 3089 Euclidis
1909 3047 2047 3088 libris

257 3104 481 3158 ambigit3
515 3106 692 3144 ceteros
723 3116 879 3144 omnes
908 3116 1095 3146 numero
1127 3103 1465 3146 Socraticorum
1499 3105 1673 3147 eximit.

373 3176 419 3226 3)
449 3174 502 3218 N.
534 3174 586 3217 A.
615 3174 677 3226 ΙΙ,
711 3175 778 3218 18.

373 3244 419 3297 4)
454 3243 551 3285 sat.
581 3244 619 3298 Ι,
653 3245 720 3288 11.

374 3313 419 3367 5)
450 3314 503 3355 L.
535 3315 616 3355 XI.
648 3328 756 3368 pag.
788 3316 870 3357 505
902 3316 956 3358 Ε.

374 3386 417 3438 6)
448 3384 576 3437 vm,
608 3387 677 3429 46.

375 3455 418 3508 7)
448 3455 538 3513 Vit.
569 3456 766 3510 Pythag.
800 3458 882 3498 250
913 3469 981 3508 sq.
