2222 3762
369 174 431 223 14
823 169 1433 225 PROLEGOMENA
1475 171 1585 224 AD

362 312 592 385 posthac
617 312 929 366 accuratius
957 311 1261 365 disserendi
1301 313 1678 382 opportunitas
1719 314 1835 366 erit.
1888 313 2057 367 Nem-

361 404 431 456 pe
466 383 774 438 dominatur
809 384 865 436 in
903 385 1148 436 oratione
1187 382 1430 436 Socratis
1468 384 1628 437 etiam
1667 402 1731 453 ea
1767 386 1933 438 animi
1981 386 2058 438 al-

361 455 540 509 titudo
593 474 763 524 eaque
811 455 1112 508 sublimitas
1165 472 1448 522 sensuum,
1497 462 1560 508 ut
1605 454 1733 508 inde
1779 457 2059 527 ingenium

363 529 466 580 viri
502 526 660 598 plane
699 525 942 579 divinum
981 545 1099 579 esse
1137 523 1294 577 facile
1338 526 1750 596 perspiciamus,
1789 527 1952 580 modo
1993 548 2060 580 ne

363 597 749 670 praeiudicatis
794 597 987 650 mentis
1039 595 1384 666 opinionibus
1443 599 1697 667 occupati
1735 607 1790 651 et
1831 597 1900 651 ad
1939 617 2061 652 sen-

364 688 459 723 sus
493 669 787 722 nobiliores
827 667 1081 720 obdurati
1119 667 1304 719 simus,
1381 666 1567 738 Spirat
1594 670 1736 722 enim
1760 688 1859 740 per
1883 670 2064 722 omnia

363 741 529 794 etiam
576 739 698 810 pius
746 738 966 807 quidam
1016 757 1207 791 sensus
1259 757 1322 790 ac
1360 757 1487 791 vere
1526 739 1844 811 religiOSUS,
1888 759 2061 810 quan-

362 810 659 880 doquidem
695 809 769 877 is,
825 809 918 878 qui
964 809 1260 879 impietatis
1309 809 1412 862 fuit
1450 819 1767 878 accusatus,
1821 827 1943 865 sese
1981 812 2062 864 fa-

364 890 509 935 tetur
568 899 791 932 munere
846 879 1108 934 divinitus
1170 880 1274 934 sibi
1334 880 1578 934 iniuncto
1639 883 1729 953 pie
1782 901 1957 952 usque
2009 891 2063 935 et

362 953 615 1024 religiose
659 951 1004 1022 perfunctum
1047 970 1181 1005 esse.
1271 950 1437 1019 Quod
1484 953 1625 1004 enim
1679 954 1915 1006 monitor
1965 954 2064 1006 ho-

362 1025 620 1091 nestatiS,
661 1023 961 1094 castigator
998 1022 1192 1076 erroris
1244 1042 1306 1076 ac
1356 1024 1608 1091 sceleriS,
1664 1024 1910 1078 hortator
1958 1025 2064 1077 vir-

363 1095 495 1149 tutis
531 1093 803 1161 extiterit,
856 1093 1114 1164 quodque
1163 1094 1267 1147 sibi
1303 1113 1515 1165 semper
1551 1096 1832 1166 professus
1870 1097 1944 1149 sit
1983 1096 2065 1148 di-

364 1169 550 1220 vinum
588 1164 847 1235 quiddam
885 1164 1109 1233 adesse,
1151 1185 1258 1234 quo
1297 1166 1538 1218 officium
1577 1186 1732 1220 suum
1769 1169 1841 1220 sit
1877 1166 2063 1220 admo-

364 1240 541 1306 nitus,
581 1236 638 1289 id
674 1243 849 1290 totum
889 1236 1010 1289 sibi*
1033 1237 1289 1291 Socrates
1327 1237 1568 1290 ostendit
1606 1238 1792 1291 divina
1831 1238 2066 1309 quadam

364 1311 586 1363 fortuna
623 1308 914 1380 obtigisse3
952 1315 1014 1360 ut
1049 1328 1101 1379 p.
1132 1308 1215 1363 20.
1254 1309 1307 1360 A
1345 1340 1413 1346 —
1454 1311 1538 1361 24.
1577 1329 1632 1379 p.
1674 1311 1759 1362 30.
1800 1311 1855 1363 A
1891 1341 1960 1348 —
2000 1307 2065 1363 C.

366 1384 450 1436 31.
499 1381 564 1433 B.
666 1382 854 1448 Atque
915 1398 980 1431 ex
1038 1379 1144 1432 hoc
1192 1379 1312 1449 ipso
1362 1379 1513 1432 fonte
1578 1379 1843 1452 originem
1902 1381 2069 1434 habet

365 1453 531 1506 etiam
564 1450 882 1523 magnitudo
935 1450 1029 1503 illa
1079 1450 1269 1518 animi,
1321 1469 1484 1519 quam
1530 1469 1627 1521 per
1666 1452 1847 1505 omnia
1883 1459 2066 1505 osten-

364 1531 472 1589 tat3
511 1522 640 1576 inde
677 1522 927 1592 profecta
965 1528 1047 1575 est
1081 1522 1288 1575 invicta
1332 1521 1629 1590 fortitudO,
1684 1542 1843 1593 quam
1881 1524 1938 1576 in
1976 1543 2067 1576 ca-

365 1595 518 1666 pitali
570 1612 766 1648 caussa
813 1594 994 1665 palam
1041 1593 1199 1658 facit3
1252 1592 1381 1646 inde
1430 1612 1687 1646 sensuum
1735 1602 1790 1647 et
1838 1594 2068 1651 iudicio-

367 1687 486 1720 rum
537 1666 755 1719 celsitas
806 1672 861 1718 et
915 1664 1322 1736 magnificentia
1369 1672 1558 1717 exorta
1609 1676 1721 1734 est,
1774 1683 1936 1735 quam
1978 1666 2068 1719 vel

363 1737 678 1791 imminente
715 1736 907 1789 mortis
943 1736 1188 1806 periculo
1230 1755 1414 1788 coram
1449 1735 1722 1790 iudicibus
1755 1738 1812 1790 in
1843 1737 2066 1808 publico

365 1808 568 1862 iudicio
617 1807 892 1876 declarat,
934 1826 1073 1877 quae
1110 1807 1288 1878 ipsum
1340 1826 1406 1860 ne
1445 1826 1508 1860 ea
1560 1807 1779 1877 quidem
1813 1809 2067 1879 proloqui

366 1879 624 1951 impedit,
695 1898 834 1948 quae
904 1879 1143 1950 speciem
1212 1878 1496 1948 superbiae
1557 1898 1688 1950 prae
1751 1899 1810 1932 se
1870 1881 2062 1934 ferant.

365 1953 584 2021 Nempe
635 1951 845 2004 animus
895 1950 1152 2004 interiore
1201 1950 1418 2004 virtutis
1479 1957 1534 2003 et
1582 1950 1886 2005 honestatis
1933 1971 2064 2005 con-

367 2022 597 2078 scientia
650 2029 986 2076 sustentatus
1034 2028 1198 2091 atque
1249 2020 1422 2074 divini
1486 2022 1724 2075 numinis
1787 2030 2066 2092 tamquam

368 2094 565 2166 spiritu
614 2094 849 2165 agitatus
899 2111 1078 2146 rerum
1127 2091 1485 2146 humanarum
1522 2099 1826 2146 contemtor
1863 2102 1946 2148 est
1981 2114 2065 2148 re-

367 2166 619 2238 fugitque
658 2172 713 2218 et
748 2164 923 2236 turpis
964 2163 1294 2217 adulationis
1331 2163 1691 2217 humilitatem
1730 2172 1785 2218 et
1821 2165 2066 2219 curiosae

366 2235 668 2292 modestiae
688 2277 703 2305 ,
745 2255 885 2305 quae
923 2235 1165 2289 veritatis
1202 2235 1438 2289 rationes
1478 2235 1727 2307 negligit,
1769 2236 2067 2307 turpitudi-

369 2328 510 2362 nem.
586 2306 738 2375 Quid
774 2305 943 2360 vero?
990 2325 1170 2360 nonne
1206 2305 1348 2359 hanc
1386 2325 1607 2376 quoque
1643 2309 1900 2361 virtutem
1937 2326 2069 2362 con-

368 2379 672 2434 cedendum
708 2386 796 2432 est
831 2377 1046 2432 Socrati
1081 2397 1207 2431 vere
1243 2384 1502 2447 recteque
1540 2397 1659 2431 esse
1698 2378 2068 2449 adscriptam?

367 2451 638 2505 Nimirum
684 2457 747 2502 ut
782 2450 941 2502 Plato
989 2448 1094 2501 hac
1144 2449 1200 2500 in
1247 2455 1400 2520 parte
1442 2448 1686 2503 Socratis
1736 2451 1974 2519 speciem
2012 2460 2068 2504 et

367 2522 659 2604 imaginem
707 2520 866 2573 aliter
912 2519 1125 2590 paullo,
1180 2526 1343 2588 atque
1395 2520 1462 2572 ab
1512 2520 1632 2572 aliis
1683 2520 1887 2572 factum
1945 2540 2065 2575 esse

367 2610 651 2660 novlmuS,
692 2590 1113 2659 adumbraverit,
1152 2597 1334 2642 tamen
1370 2609 1493 2642 eum
1530 2591 1597 2643 ab
1635 2591 1756 2661 ipsa
1790 2591 1935 2646 vitae
1975 2612 2064 2646 ve-

369 2665 529 2717 ritate
575 2663 663 2716 vel
708 2662 979 2715 tantillum
1030 2660 1346 2715 discessisse
1381 2661 1600 2714 minime
1639 2669 1723 2715 est
1758 2663 2064 2718 verisimile.

368 2733 491 2789 Imb
525 2733 912 2788 confirmantur
947 2751 1086 2802 quae
1121 2732 1269 2803 apud
1304 2732 1478 2805 ipsum
1517 2733 1567 2786 le
1610 2733 1748 2786 imus
1797 2753 1913 2787 non·
1954 2755 2067 2789 me-

373 2805 632 2859 diocriter
676 2823 861 2857 eorum
910 2804 1267 2872 testimoniis,
1318 2805 1412 2874 qui
1465 2753 1659 2858 simffia
1714 2803 1781 2858 de
1837 2804 2064 2860 Socrate

370 2876 659 2931 memoriae
694 2874 1068 2947 prodiderunt.
1143 2873 1310 2942 Quod
1357 2877 1499 2929 enim
1545 2877 1707 2930 etiam
1753 2876 1899 2948 apud
1945 2877 2064 2931 Xe—

370 2947 704 3019 nophontem
751 2947 994 3015 aliosque
1036 2954 1298 3000 testatum
1347 2946 1674 3019 reperimus,
1713 2948 1880 3002 fuisse
1914 2948 2065 3002 illum

411 3019 523 3072 ium
572 3025 629 3071 et
673 3018 985 3090 religiosum
1032 3017 1334 3086 hominem,
1386 3026 1709 3089 perpetuum
1755 3019 1975 3072 virtutis·
2009 3027 2065 3073 et

371 3039 675 3144 honestatis
723 3089 1080 3157 hortatorem,
1144 3088 1424 3143 assiduum
1483 3091 1742 3144 scientiae
1796 3097 2065 3144 scrutato-

373 3180 516 3229 rem,
554 3160 875 3214 inscientiae
913 3160 1315 3232 castigatorem,
1353 3161 1691 3232 eundemque
1731 3179 1945 3232 semper
1983 3161 2064 3214 di-

374 3233 560 3287 vinum
608 3230 869 3301 quiddam
917 3232 1066 3285 intus
1115 3231 1173 3284 in
1224 3239 1444 3302 pectore
1495 3251 1593 3287 suo
1642 3232 1902 3302 sensisse,
1953 3252 2063 3302 quo

375 3303 461 3374 id,
523 3302 671 3374 quod
730 3303 786 3357 in
837 3303 1005 3357 officii
1057 3302 1442 3357 exercitatione
1501 3303 1839 3374 sequendum
1901 3311 2062 3372 esset,

378 3382 837 3444 commoneretur,
897 3381 981 3429 est
1025 3374 1130 3430 hoc
1176 3375 1422 3446 profecto
1461 3384 1516 3430 et
1550 3377 1726 3449 ipsum
1777 3373 2061 3443 eiusmodi,
