2158 3718
379 166 502 204 XXX
509 166 573 204 IV
1005 164 1450 203 PROLEGOMENA

381 293 613 364 pientiae
649 292 904 364 mysteria
927 291 1162 362 pandere
1185 290 1490 344 instituerit.
1530 290 1888 358 Quamobrem
1903 291 2062 347 'Plato

378 383 614 418 amorem
653 383 809 418 suum
845 363 912 415 ad
948 380 1082 413 unos
1118 361 1259 415 viros
1294 371 1454 431 atque
1483 363 1844 417 adolescentes
1867 362 2059 426 retulit,

380 435 457 488 ita
491 436 727 504 quidem,
763 443 824 486 ut
860 432 1011 485 alteri
1045 431 1311 485 iuniorum
1343 433 1601 504 magistri,
1640 433 1792 486 alteri
1827 433 2060 503 pruden-

380 506 572 559 tiorum
618 515 776 574 atque
823 511 995 556 aetate
1038 503 1428 573 provectiorum
1473 505 1635 557 veluti
1682 502 1927 574 discipuli
1959 503 2063 556 ha-

379 577 648 630 berentur.
713 573 837 641 Qua
884 574 940 626 in
976 593 1035 626 re
1073 574 1318 644 exemplo
1353 593 1483 638 esse„
1504 574 1676 646 potuit
1710 593 1822 629 mos
1857 573 2062 643 Pytha-

377 666 678 720 goreorum,
718 646 811 714 qui
847 653 1013 698 semet
1047 644 1194 715 ipsos
1217 653 1404 698 mutua
1427 647 1642 699 caritate
1667 644 2063 715 prosequeban-

380 728 468 771 tur
503 726 557 770 et
591 717 648 769 in
683 715 826 769 omni
862 715 1002 769 vitae
1038 734 1235 786 genere
1271 716 1341 768 ad
1376 716 1628 770 virtutem
1664 725 1718 770 et
1754 714 2066 787 sapientiam

380 787 816 850 exhortabantur,
854 787 930 839 ita
966 787 1201 855 quidem,
1238 796 1298 839 ut
1333 795 1504 840 aetate
1529 787 1757 841 minores
1781 785 2067 840 maioribus

381 868 435 911 et
471 866 642 912 aetate
678 857 879 929 pariter
916 867 1074 926 atque
1110 857 1460 928 intelligentia
1505 857 1926 928 provectioribus
1970 856 2066 910 ob-

380 938 487 982 tem
527 937 739 982 erarent
774 937 932 997 atque
968 928 1432 1000 morigerarentur.
1472 926 1633 995 Quod
1669 929 1714 981 si
1748 927 1824 981 ita
1847 937 1946 991 est,
1984 927 2065 980 di-

382 1000 496 1071 scip
518 1001 608 1052 ina
641 999 882 1053 Platonis
918 1001 1173 1053 amatoria
1207 999 1307 1052 hac
1344 1018 1553 1068 quoque
1588 999 1644 1052 in
1679 1006 1830 1070 parte
1864 997 2067 1068 Pytha-

377 1071 549 1143 gorici
587 1070 844 1139 quiddam
865 1070 1047 1134 refert,
1082 1070 1228 1139 quod
1253 1089 1380 1124 sane
1405 1071 1565 1122 etiam
1587 1070 1707 1124 ideo
1731 1067 2069 1124 memorabile

319 1207 321 1210 f
383 1150 484 1206 est,
523 1142 668 1211 quod
701 1141 824 1194 libri
868 1141 960 1194 isti
996 1141 1254 1204 amatorii,
1299 1141 1391 1210 qui
1438 1141 1507 1194 ad
1554 1139 1789 1194 celsioris
1834 1139 2069 1209 philoso-

316 1211 319 1213 ’
382 1213 540 1283 phiae
576 1213 808 1266 rationes
847 1221 1105 1283 spectant,
1154 1212 1267 1266 sine
1314 1210 1674 1265 controversia
1719 1211 1808 1263 illo
1857 1211 2070 1264 demum

381 1293 619 1354 tempore
657 1282 724 1335 ab
763 1302 825 1337 eo
863 1282 1046 1354 scripti
1084 1291 1223 1347 sunt,
1273 1301 1379 1350 quo
1414 1282 1573 1336 Italia
1606 1282 1855 1335 inferiore
1891 1290 1946 1342 et
1982 1278 2069 1334 Si-

381 1355 506 1409 cilia
539 1354 763 1408 lustrata
798 1353 1137 1407 interioribus
1175 1362 1444 1422 tamquam
1489 1354 1652 1406 sacris
1699 1352 1920 1406 rationis
1955 1351 2069 1422 Py-

386 1425 689 1498 thagoricae
714 1425 954 1478 initiatus
980 1425 1098 1478 fuit.
1139 1423 1251 1479 Sed
1280 1433 1607 1478 revertamur
1631 1423 1700 1477 ad
1722 1422 2070 1494 propositum.

381 1497 629 1551 Pertinet
661 1497 829 1569 igitur
873 1515 1021 1549 amor
1070 1495 1311 1548 Platonis
1354 1496 1424 1548 ad
1469 1513 1605 1548 unos
1641 1513 1833 1558 mares,
1883 1512 2068 1564 quam-

382 1587 545 1637 quam
577 1568 695 1639 ipse
730 1568 787 1621 in
824 1566 1107 1637 Symposio
1143 1566 1430 1630 Diotimae‚
1468 1565 1703 1619 celsioris
1748 1574 1909 1635 atque
1948 1584 2069 1618 san-

382 1639 567 1693 ctioris
589 1639 792 1710 ingenii
814 1638 1038 1701 mulieri,
1079 1637 1377 1708 singulares
1412 1637 1480 1692 ob
1517 1656 1752 1700 caussas,
1787 1636 1853 1690 de
1877 1635 2072 1705 quibus

385 1729 508 1764 mox
545 1709 766 1773 dicetur,
803 1709 948 1762 illius
982 1708 1290 1762 interiorem
1325 1707 1508 1761 tribuit
1549 1707 1804 1761 notitiam.
1863 1706 2073 1769 Eadem

383 1800 510 1842 vero
546 1780 682 1833 ratio
719 1788 801 1834 est
836 1781 996 1833 etiam
1031 1779 1240 1833 honesti
1282 1779 1423 1832 illius
1458 1779 1685 1832 marium
1719 1779 1932 1842 amoriS,
1981 1777 2072 1846 qui

383 1853 440 1905 in
479 1849 714 1905 Graecia
797 1852 1104 1922 ervulgatus
1149 1850 1268 1913 fuit,
1319 1850 1478 1903 sicuti
1520 1851 1576 1903 in
1621 1850 1740 1920 ipso
1787 1847 1921 1918 Sym
1959 1849 2072 1904 osio

383 1943 436 1993 p.
474 1924 593 1977 181.
627 1871 836 1975 Β-Ιῖἶῖι,
883 1923 998 1975 coll.
1039 1921 1352 1976 182„„184.
1384 1920 1459 1975 A..
1505 1921 1622 1975 185.
1657 1921 1721 1974 Β.
1757 1930 1909 1974 osten
1950 1920 2069 1973 ‘tun

366 1992 550 2060 ‘Quod
587 2002 730 2047 certe
767 2012 922 2046 nemo
959 1993 1252 2056 mirabitur,
1298 1991 1390 2061 qui
1434 2011 1548 2044 rem
1590 2010 1799 2045 omnem
1840 2010 2071 2062 perpen-

384 2065 523 2119 derit
558 2064 882 2136 diligentius.
925 2063 1068 2117 Nam
1102 2063 1334 2133 primum
1367 2063 1584 2132 quidem
1617 2062 1676 2115 in
1713 2059 1942 2116 Graecia
1977 2081 2070 2115 ve-

384 2146 496 2190 tere
533 2136 781 2190 mulieres
816 2153 926 2188 non
961 2155 1023 2188 ea
1056 2134 1271 2188 fortuna
1306 2143 1359 2187 et
1381 2133 1598 2187 vivendi
1621 2132 1920 2187 conditione
1943 2151 2072 2189 usae

385 2215 527 2271 sunt,
575 2215 635 2260 ut
682 2206 752 2260 ad
787 2206 930 2260 vitae
966 2205 1211 2276 publicae
1248 2206 1668 2259 communionem
1709 2204 1796 2260 vel
1830 2204 2071 2275 adspira-

386 2286 506 2331 rent
551 2278 639 2331 vel
685 2277 960 2347 adspirare
1009 2285 1254 2348 possent,
1311 2276 1517 2330 etiamsi
1562 2275 1960 2329 concedendum
2005 2275 2073 2328 sit

385 2349 470 2403 hic
508 2358 561 2402 et
596 2349 703 2402 illic
740 2349 956 2402 easdem
990 2349 1155 2405 fuisse
1191 2347 1482 2412 liberioreS,
1526 2347 1584 2399 id
1655 2346 1763 2399 uod
1799 2346 1866 2400 de
1905 2345 2070 2418 Spar-

387 2420 526 2475 tanis
561 2420 844 2474 memoriae
880 2420 1151 2490 proditum
1175 2438 1294 2472 esse
1318 2419 1579 2472 novimus.
1675 2417 1758 2471 uis
1782 2417 1947 2490 igitur
1971 2425 2069 2489 est,

386 2492 516 2560 quin
561 2499 820 2562 protenus
867 2491 1064 2554 videat,
1114 2510 1208 2544 cur
1251 2509 1398 2544 amor
1440 2490 1546 2554 ille,
1593 2489 1684 2559 qui
1719 2489 1790 2542 ad
1824 2487 2072 2542 virtutem

386 2562 594 2616 civilem
629 2571 787 2631 atque
824 2562 1069 2616 bellicam
1105 2563 1191 2615 vel
1234 2561 1474 2632 inprimis
1520 2559 1805 2631 spectabat,
1854 2578 1961 2613 non
2004 2558 2071 2610 ad

384 2633 502 2686 illas
539 2633 873 2701 pertinuerit,
922 2633 1018 2685 sed
1099 2633 1239 2685 otius
1284 2632 1351 2684 ad
1389 2633 1749 2684 adolescentes
1785 2630 2071 2683 translatus

387 2704 488 2755 sit?
525 2702 740 2755 Deinde
776 2722 874 2755 nec
905 2703 1038 2754 illud
1099 2702 1240 2754 acin
1266 2721 1455 2754 caussa
1478 2710 1671 2754 temere
1694 2700 2071 2772 negligendum

387 2781 484 2835 est,
524 2773 665 2841 quod
706 2771 901 2825 Graeci
924 2773 1064 2824 inter
1086 2772 1370 2824 femineum
1400 2790 1632 2824 amorem
1657 2782 1816 2840 atque
1841 2790 2072 2825 amorem

387 2843 682 2895 masculum
725 2842 1010 2912 plurimum
1055 2842 1374 2895 discriminis
1409 2842 1738 2895 intercedere
1774 2841 2068 2895 voluerunt.

356 2966 357 2969 ,
385 2912 528 2966 Nam
562 2913 711 2966 illum
747 2913 963 2982 quidem
997 2913 1386 2966 restrinxerunt
1421 2914 1489 2965 ad
1525 2932 1685 2966 unam
1708 2913 1936 2966 maxime
1974 2914 2065 2965 do-

387 2985 660 3038 mesticam
696 3003 824 3055 erga
859 2984 1085 3037 feminas
1121 2984 1407 3047 caritatem,
1443 2984 1520 3037 ita
1546 2994 1605 3036 ut
1630 3003 1752 3041 eum
1811 2982 2068 3064 hilosophi

389 3074 546 3126 saepe
593 3074 660 3107 ne
705 3054 928 3125 dignum
974 3054 1185 3123 quidem
1221 3055 1415 3108 amoris
1450 3055 1662 3108 nomine
1698 3054 1754 3108 iu
1796 3054 2065 3116 'caverlnt,

387 3126 455 3179 de
494 3144 599 3195 qua
635 3144 691 3178 re
728 3146 778 3179 v.
814 3124 1145 3178 Plutarch.
1180 3127 1418 3179 Amator.
1445 3146 1500 3197 p.
1529 3127 1645 3180 750.
1676 3123 1738 3177 C.
1765 3125 1849 3178 ed.
1871 3123 2063 3177 Franc.

388 3196 552 3250 Hunc
587 3205 765 3250 autem
801 3215 923 3249 eum
959 3216 1074 3250 esse
1112 3197 1497 3262 iudicaverunt,
1535 3196 1626 3265 qui
1662 3195 1887 3248 maxime
1923 3194 2066 3249 vale-

387 3278 470 3321 ret
506 3268 575 3322 ad
613 3268 847 3321 studium
882 3268 1093 3321 virtutis
1130 3267 1183 3320 in
1229 3268 1419 3321 animis
1467 3286 1648 3322 eorum
1679 3265 2067 3320 ¹incendendum

388 3348 549 3408 atque
594 3338 1048 3401 inflammandum,
1094 3357 1317 3406 quorum
1362 3339 1645 3407 aliquando
1692 3346 1830 3392 esset
1873 3337 2065 3391 civium
