2158 3718
682 123 684 125 ’
707 130 788 166 AD
829 130 1190 169 SYMPOSIUM.
1696 134 1775 172 LV

84 258 203 329 ipsa
227 263 497 328 appetere.
533 254 638 308 His
663 273 790 309 vero
825 255 902 307 ita
930 255 1223 327 disputatis
1261 264 1543 327 postquam
1579 259 1771 311 funda-

83 336 320 381 mentum
354 327 480 382 iecit
514 327 628 380 eius
665 326 975 391 sententiae,
1025 345 1186 396 quam
1230 327 1480 398 deinceps
1518 328 1772 393 defendit,

86 417 295 468 quaque
331 398 408 451 ita
445 397 646 462 statuit,
684 405 746 448 ut
780 416 1013 451 amorem
1051 403 1263 452 censeat
1296 398 1506 452 infinito
1541 399 1775 468 quodam

83 469 324 540 appetitu
358 468 531 540 pulcri
566 477 620 520 et
654 466 780 521 boni
818 476 1123 523 contentum
1158 487 1293 532 esse,
1331 470 1579 523 continuo
1616 489 1773 540 prae-

82 548 240 595 eunte
262 539 500 594 Diotima
523 537 880 592 Mantineensi
916 539 1042 593 inde
1078 558 1110 592 a
1132 558 1186 611 p.
1213 541 1332 594 201.
1359 539 1431 593 D.
1471 540 1661 594 docere
1691 541 1774 594 in-

85 608 268 675 stituit,
306 609 425 679 quis
462 616 516 662 et
552 608 724 678 qualis
762 609 831 662 sit
866 628 1015 662 amor
1050 619 1103 664 et
1137 629 1275 680 quae
1314 611 1526 666 efficiat.
1581 610 1773 664 Enim-

81 699 210 735 vero
255 681 359 734 ista
404 679 610 734 ratione
657 698 824 749 quum
870 699 978 734 non
1030 680 1144 735 sine
1187 681 1434 736 irrisione
1481 681 1786 736 orationem>

80 750 314 805 mulieris
350 759 586 822 opponat
623 750 984 821 superioribus
1016 751 1251 805 virorum
1276 752 1622 817 orationibus,
1662 762 1776 807 tum

81 822 240 876 etiam
281 821 676 894 elegantissime
724 821 990 894 significat
1035 822 1125 894 agi
1169 822 1277 878 iam
1322 822 1390 877 de
1440 841 1499 876 re
1545 824 1776 877 maxime

82 893 310 958 excelsa,
349 892 580 957 sublimi,
626 901 827 957 sancta,
851 891 1073 957 divina,
1111 911 1271 962 quam
1306 913 1414 947 una
1449 912 1600 948 mens
1636 893 1774 948 divi-

83 963 246 1017 nioris
282 963 575 1034 sapientiae
624 972 894 1032 tamquam
930 963 1096 1017 sacris
1129 963 1338 1017 initiata
1374 983 1565 1035 capere
1601 973 1658 1017 et
1690 964 1775 1017 in-

83 1034 320 1105 telligere
357 1042 533 1103 queat.
592 1031 932 1102 Quamquam
966 1033 1121 1086 Plato
1159 1034 1269 1087 vhoc
1303 1033 1520 1089 invento
1559 1053 1656 1088 suo
1691 1035 1776 1088 vi-

81 1105 238 1158 detur
280 1105 439 1157 etiam
482 1104 638 1156 aliud*
670 1103 802 1172 quid
851 1104 1192 1173 spectavisse.
1246 1103 1434 1158 Voluit
1468 1105 1626 1170 enim,
1671 1104 1778 1158 nisi

80 1175 252 1239 fallor,
290 1182 559 1243 tamquam
596 1182 735 1227 tecte
773 1173 1091 1244 significare,
1131 1174 1424 1228 doctrinam
1446 1174 1604 1228 istam
1628 1194 1776 1228 ama-

80 1245 286 1310 toriam‚
323 1263 484 1314 quam
509 1242 786 1298 Socratem
808 1244 936 1298 fecit
958 1243 1201 1302 Diotima
1230 1245 1364 1298 duce
1398 1246 1774 1316 explicantem,

79 1317 318 1370 altiorem
353 1334 471 1370 esse
506 1316 694 1384 utique
738 1324 791 1369 et
832 1315 1255 1379 reconditiorem,
1304 1334 1464 1386 quam
1501 1335 1637 1386 quae
1673 1314 1775 1370 So-

80 1387 309 1445 craticae
333 1386 525 1440 rationi
548 1394 767 1457 accepta
789 1386 1100 1450 referretur,
1137 1395 1296 1456 atque
1323 1395 1486 1440 totam
1510 1387 1776 1458 pertinere

0 1515 2 1530 ζ
79 1458 150 1511 ad
166 1457 554 1529 philosophiam
573 1457 948 1511 sublimiorem.
972 1457 1178 1511 Verum
1200 1457 1347 1510 istud
1373 1457 1588 1528 quidem
1611 1457 1777 1512 verbo

0 1538 1 1542 ’
81 1529 412 1599 significasse
460 1528 589 1582 satis
637 1527 761 1590 erit3
812 1528 1127 1581 revertimur
1161 1529 1376 1581 tandem
1413 1529 1483 1581 ad
1517 1528 1591 1592 id,
1631 1528 1776 1598 quod

0 1640 2 1647 2
79 1599 233 1655 nobis
308 1599 602 1669 ropositum
637 1608 736 1663 est,
772 1607 833 1651 ut
856 1599 1140 1668 aliquando
1171 1600 1538 1668 quaestionem
1563 1600 1629 1652 de
1653 1600 1775 1652 uni-

81 1670 222 1724 versi
260 1618 532 1740 gymposii
574 1669 683 1723 fine
729 1677 783 1722 et
827 1669 1045 1723 consilio
1094 1679 1395 1742 susceptam
1432 1669 1778 1741 profligemus

81 1750 134 1794 et
181 1740 251 1793 ad
285 1740 488 1794 exitum
521 1740 896 1810 perducamus.
1126 1790 1129 1791 γ
1738 1759 1741 1765 ·

149 1811 411 1866 Videmur
446 1820 622 1863 autem
656 1830 799 1863 nunc
834 1810 1167 1881 perlustratis
1202 1810 1436 1879 quinque
1473 1808 1776 1862 orationum

80 1882 316 1954 priorum
335 1881 661 1954 argumentis
680 1881 808 1935 satis
827 1881 1289 1945 demonstravisse,
1302 1899 1488 1934 verum
1505 1899 1621 1933 esse
1635 1879 1777 1948 quod

25 1974 26 1977 ¹
83 1953 364 2006 statuimus
389 1954 445 2005 in
482 1952 860 2034 superioribus,
900 1960 1141 2022 spectare
1170 1951 1267 2004 has
1302 1952 1564 2004 orationes
1593 1968 1777 2003 omnes

81 2025 312 2095 primum
347 2042 455 2076 non
494 2023 747 2076 aliorsum
780 2023 885 2076 nisi
917 2023 1047 2086 huc,
1096 2031 1159 2074 ut
1194 2022 1346 2091 quasi
1382 2022 1562 2091 imago
1604 2028 1658 2073 et
1692 2021 1777 2090 pi-

84 2104 235 2148 ctura
277 2094 540 2163 quaedam
583 2102 911 2165 proponatur
955 2092 1150 2146 amoris
1199 2092 1447 2155 masculi,
1501 2090 1593 2160 qui
1638 2091 1778 2144 inter

87 2163 326 2218 Graecos
350 2182 518 2233 quum
540 2164 657 2235 ipse
681 2183 779 2234 per
799 2183 855 2218 se
872 2165 1129 2217 honestus
1147 2162 1453 2233 putabatur,
1485 2169 1597 2214 tum
1617 2161 1778 2214 etiam
1855 2159 1859 2163 ’

84 2235 155 2288 ad
179 2235 426 2289 alendum
449 2234 662 2288 virtutis
692 2235 927 2287 studium
955 2253 1062 2286 non
1086 2233 1353 2286 mediocre
1382 2232 1665 2286 videbatur
1693 2232 1776 2284 af-

84 2307 221 2359 ferre
240 2305 510 2358 auxilium.
533 2302 737 2358 Omnes
756 2305 897 2358 enim
915 2313 1151 2358 oratores
1168 2303 1311 2356 hunc
1329 2321 1494 2355 unum
1513 2309 1776 2372 spectant,

83 2378 226 2430 hunc
246 2395 413 2428 unum
430 2375 714 2439 illustrant,
745 2375 888 2428 hunc
913 2393 1079 2427 unum
1096 2373 1331 2426 laudant.
1360 2371 1698 2441 Quamquam
1718 2371 1779 2424 id

84 2448 285 2501 faciunt
303 2447 395 2510 sic,
423 2454 485 2499 ut
508 2446 644 2499 alius
671 2464 794 2499 eum
817 2446 919 2498 alia
944 2463 1012 2497 ex
1034 2452 1187 2514 parte
1215 2451 1419 2514 spectet
1456 2451 1510 2496 et
1532 2450 1773 2496 contem-

83 2519 274 2590 pletur.
310 2516 448 2569 Nam
471 2516 750 2569 Phaedrus
772 2515 923 2568 illum
948 2514 1159 2568 omnino
1192 2524 1245 2567 et
1317 2513 1569 2566 eneratim
1591 2512 1778 2565 laudat

84 2588 277 2660 opibus
310 2587 534 2659 poeticis
575 2595 628 2640 et
662 2584 1033 2658 mythologicis
1068 2603 1219 2638 usus.
1313 2584 1558 2637 ausanias
1595 2592 1777 2636 autem

86 2659 308 2723 sublata,
330 2677 490 2728 quam
511 2657 599 2711 ille
622 2657 925 2726 reliquerat,
954 2654 1277 2709 obscuritate
1315 2663 1367 2708 et
1403 2653 1771 2726 ambiguitate,

88 2749 211 2784 eum
229 2729 413 2799 definit
436 2729 733 2782 accuratius
743 2748 758 2790 3
780 2726 1066 2799 distinguit
1085 2725 1226 2779 enim
1245 2744 1476 2778 amorem
1496 2725 1775 2795 vulgarem

88 2809 139 2854 et
157 2801 455 2864 coelestem,
468 2818 693 2869 quorum
712 2807 888 2852 tamen
906 2798 1128 2850 alterum
1147 2804 1350 2850 tantum
1371 2795 1528 2849 laude
1547 2795 1775 2867 dignum

88 2889 207 2924 esse
231 2870 480 2934 ostendit,
516 2870 573 2922 id
604 2870 748 2938 quod
779 2869 856 2922 ita
879 2869 1025 2932 facit,
1062 2876 1124 2921 ut
1161 2867 1316 2920 simul
1350 2866 1533 2919 varias
1561 2864 1775 2919 amandi

90 2941 318 2993 rationes
351 2940 489 2992 inter
515 2938 754 2993 Graecas
777 2947 964 3012 gentes
987 2938 1208 2990 usitatas
1231 2938 1459 2991 fideliter
1483 2936 1768 2991 describat.

90 3011 282 3079 Itaque
325 3010 512 3079 procul
559 3009 721 3063 dubio
762 3010 923 3061 huius
958 3008 1295 3079 potissimum
1330 3007 1565 3062 oratione
1601 3007 1659 3059 id
1696 3006 1771 3058 ef-

92 3081 283 3145 ficitur,
322 3087 383 3132 ut
417 3097 532 3133 mos
567 3080 655 3132 ille
693 3079 903 3131 amandi
938 3078 1107 3147 qualis
1132 3098 1318 3132 revera
1337 3078 1516 3141 fuerit,
1556 3093 1773 3130 accura-

95 3153 201 3204 tius
249 3169 629 3220 cognoscamus
677 3149 983 3220 clariusque⁸
1025 3148 1423 3219 perspiciamus.
1490 3148 1605 3200 Iam
1648 3162 1774 3197 vero

94 3222 488 3292 Eryximachus
526 3219 718 3273 amoris
754 3219 1009 3273 ambitum
1047 3220 1278 3273 ostendit
1301 3221 1457 3273 etiam
1482 3218 1640 3269 latius
1677 3234 1772 3285 pa-

99 3304 226 3358 tere,
278 3292 474 3364 quippe
523 3310 685 3361 quum
734 3298 895 3343 totam
941 3309 1116 3344 rerum
1154 3290 1546 3344 universitatem
1581 3304 1772 3355 perva-
