2222 3762
1621 113 1819 165 LXIII

137 259 272 313 celsi
345 257 576 311 alicuius
649 264 842 327 poetae
914 274 1060 308 more
1122 254 1283 307 altius
1355 255 1589 306 enitatur
1654 256 1821 308 auda-

135 331 363 399 ciusque
413 328 680 396 exsultet,
731 335 914 380 tamen
973 344 1071 379 nec
1137 326 1192 377 in
1242 344 1449 378 summa
1496 326 1824 381 sublimitate

134 399 476 455 obliviscitur
521 398 960 470 perspicuitatis,
1014 415 1152 467 quae
1201 414 1415 466 semper
1461 405 1617 451 tanta
1664 398 1721 450 in
1757 418 1822 452 eo

133 470 403 543 splendet,
442 477 504 522 ut
538 488 807 539 nusquam
847 467 1200 535 desideretur,
1230 468 1336 520 nisi
1373 467 1547 522 sicubi
1585 469 1824 538 ipsarum

131 563 311 597 reru-m
349 541 651 595 obscuritas
692 541 954 594 orationis
1002 539 1202 592 lumine
1241 538 1440 609 depelli
1478 560 1588 593 non
1625 542 1820 611 potuit.

134 613 249 669 Sed
281 633 446 684 quum
488 613 544 665 in
580 613 737 666 libris
775 613 890 666 eius
930 611 1027 665 has
1073 609 1291 663 dicendi
1312 611 1572 678 ‘virtutem
1619 612 1825 681 simpli-

132 686 353 739 citatem
389 691 446 737 et
482 684 946 754 perspicuitatem,
988 682 1199 752 copiam
1239 689 1293 734 et
1328 682 1656 751 ubertatem,
1698 683 1825 737 sub-

134 756 418 809 limitatem
443 764 498 808 et
522 755 806 808 audaciam
830 755 991 808 liceat
1019 751 1466 821 animadvertere,
1492 762 1605 806 tum
1632 755 1826 807 mirum

137 827 288 881 dictu
325 840 436 892 est,
477 846 638 896 quam
688 826 945 898 prudenti
981 825 1208 878 consilio
1245 825 1394 877 varia
1433 826 1692 891 orationis
1732 846 1824 898 ge-

131 918 265 952 nera
299 898 437 968 ipsis
472 899 652 965 rebUS,
683 916 819 967 quas
849 897 1108 966 explicat,
1138 896 1340 964 ubique
1379 904 1823 966 attemperentur.

134 970 364 1024 Leniter
399 969 540 1021 enim
579 968 786 1021 incedit
825 968 999 1020 oratio
1036 967 1094 1018 in
1122 966 1491 1036 disputatione
1519 967 1823 1036 dialectica,

134 1041 230 1095 ubi
281 1039 583 1092 disserendi
637 1038 940 1091 subtilitate
986 1056 1126 1107 opus
1177 1045 1295 1105 est,
1347 1056 1485 1106 quae
1538 1040 1826 1092 verborum

131 1118 380 1164 ornatum
431 1117 783 1180 aspernatur3
834 1108 1094 1162 celeriore
1136 1126 1323 1161 rursus
1363 1128 1526 1162 cursu
1563 1110 1735 1162 fertur
1770 1111 1826 1163 in

131 1183 361 1236 aliorum
409 1182 662 1235 irrisione
713 1181 934 1249 acrique
983 1191 1105 1232 cu'm
1144 1179 1406 1249 sophistis
1447 1182 1822 1247 contentione3

130 1253 390 1307 audacior
414 1271 578 1324 porro
593 1253 658 1305 fit
681 1271 744 1305 ac
768 1252 927 1323 plane
957 1251 1221 1319 sublimiS,
1238 1251 1332 1303 ubi
1359 1252 1540 1322 agitur
1564 1251 1630 1305 de
1660 1254 1824 1306 rebus

133 1324 352 1391 divinis,
381 1343 608 1394 quarum
630 1324 741 1376 vim
780 1330 837 1376 et
871 1330 1119 1375 naturam
1159 1322 1401 1375 divinare
1439 1323 1621 1392 potius
1660 1332 1824 1394 atque

132 1396 386 1467 augurari
414 1395 560 1464 licet,
577 1414 739 1465 quam
763 1402 942 1447 mente
967 1401 1022 1446 et
1045 1394 1224 1446 animo
1249 1394 1468 1465 penitus
1492 1395 1822 1464 intelligere3

130 1467 364 1536 denique
380 1466 571 1519 eadem
583 1466 926 1519 mollissimae
940 1485 1093 1519 cerae
1108 1466 1280 1518 instar
1295 1465 1430 1518 adeo
1451 1474 1535 1519 est
1550 1466 1822 1535 flexibilis,

131 1546 209 1592 utv
229 1557 555 1608 quocunque
595 1537 844 1604 ducatur,
869 1556 934 1590 eo
963 1544 1224 1606 sequatur
1246 1537 1501 1589 facillime
1533 1546 1587 1590 et
1625 1540 1823 1608 cuique

128 1617 451 1682 argumento
499 1608 911 1662 accommodata
958 1608 1071 1660 fiat.
1145 1610 1332 1678 Atque
1369 1627 1437 1661 ex
1473 1608 1557 1662 his
1593 1609 1826 1664 iudicari

132 1690 342 1751 potest,
382 1699 489 1750 quo
539 1681 655 1733 iure
707 1687 916 1733 veteres
961 1687 1100 1733 teste
1148 1677 1362 1733 Cicer.
1421 1680 1576 1733 Brut.
1635 1700 1682 1735 c.
1735 1684 1821 1734 31.

130 1751 442 1805 censuerint
486 1750 683 1804 Jovem
730 1751 937 1822 ipsum,
977 1752 1023 1805 si
1061 1749 1275 1804 Graece
1311 1750 1653 1821 loqueretur,
1696 1753 1823 1806 Pla-

127 1823 274 1877 tonis
315 1822 528 1876 dicendi
561 1841 759 1894 genere
801 1823 971 1875 fuisse
1007 1841 1247 1875 usurum.
1324 1822 1437 1877 Sed
1474 1831 1717 1877 veterum
1755 1824 1822 1877 de

130 1894 380 1948 Platonis
406 1893 645 1948 dictione
670 1893 872 1947 iudicia
896 1894 940 1948 si
968 1894 1088 1963 quis
1117 1894 1251 1946 velit
1283 1913 1634 1965 cognoscere,
1663 1895 1824 1949 adeat

129 1965 176 2018 is
218 1964 445 2020 Cicer.
486 1966 572 2018 De
612 1967 786 2036 Legg.
824 1964 901 2018 ΙΙ.
945 1968 990 2019 7.
1027 1964 1181 2019 Orat.
1219 1984 1265 2018 c.
1287 1968 1374 2018 20.
1412 1985 1458 2018 c.
1483 1968 1571 2019 44.
1613 1966 1822 2034 Quin-

127 2036 234 2090 til.
283 2037 358 2091 X.
412 2040 459 2090 1.
515 2037 637 2090 coll.
694 2037 801 2090 IX.
855 2040 904 2089 4.
955 2036 1256 2108 Diogen.
1307 2039 1374 2089 L.
1430 2037 1534 2090 111.
1588 2041 1672 2092 25.
1714 2041 1820 2106 37.‚

129 2109 224 2162 nbi
261 2108 589 2162 Aristoteles
636 2115 887 2160 narratur
938 2107 1264 2160 iudicavisse
1310 2107 1555 2163 Platonis
1606 2110 1823 2164 dicendi

129 2198 303 2250 genus
343 2178 581 2231 medium
616 2197 736 2232 esse
783 2179 1232 2247 interpoeticam
1277 2186 1332 2230 et
1361 2198 1580 2248 prosam
1620 2182 1821 2234 oratio-

130 2268 280 2314 nem3
349 2249 642 2320 Dionys.
705 2249 793 2302 De
854 2268 1030 2318 comp.
1108 2249 1276 2302 Verb.
1341 2250 1406 2302 T.
1471 2251 1547 2304 ΙΙ.
1616 2272 1671 2322 p.
1739 2255 1819 2304 17.

124 2319 214 2374 ed.
252 2319 406 2392 Sylb.
443 2320 677 2391 Epistol.
716 2319 783 2373 ad
826 2321 1015 2390 Pomp.
1056 2322 1120 2374 T.
1162 2320 1235 2372 II.
1267 2341 1329 2391 p.
1372 2325 1507 2390 117,
1548 2343 1656 2393 quo
1699 2324 1820 2378 loco

128 2391 410 2446 Platonem
448 2392 504 2444 in
541 2391 831 2462 magnifico
868 2390 1082 2445 dicendi
1119 2411 1315 2464 genere
1342 2393 1489 2446 haud
1512 2394 1588 2446 ita
1610 2395 1820 2448 felicem

125 2463 296 2516 fuisse
345 2462 665 2527 arbitratur3
716 2462 809 2515 De
852 2460 1039 2516 admir.
1102 2463 1157 2517 vi
1204 2463 1491 2518 Demosth.
1539 2466 1820 2522 XXVIII.

126 2533 424 2606 Longin.
464 2533 554 2587 De
593 2531 1000 2588 Sublim.·sect.
1055 2537 1135 2588 12.
1183 2537 1264 2587 13.
1306 2542 1360 2588 et
1394 2537 1481 2590 32.
1520 2537 1818 2591 Demetr.

125 2604 211 2658 De
249 2606 446 2659 elocut.
483 2606 531 2675 ξ.
570 2606 655 2659 80.
696 2608 746 2673 ξ.
775 2606 925 2660 186.

269 2745 383 2801 Sed
433 2745 518 2799 his
554 2758 834 2815 utcunque
873 2748 1133 2819 expositis
1174 2755 1454 2819 superest,
1494 2755 1557 2801 ut
1594 2748 1727 2820 quid
1762 2749 1819 2822 in

126 2816 228 2870 hac
253 2817 511 2871 librorum
531 2817 777 2871 Platonis
808 2819 1046 2872 editione
1072 2820 1243 2873 secuti
1269 2820 1452 2888 simus,
1475 2821 1664 2890 paucis
1692 2820 1818 2874 dec-

126 2887 407 2941 larandum
432 2888 518 2941 sit.
557 2888 779 2958 Duplex
807 2899 987 2943 autem
1006 2899 1247 2943 nostrum
1274 2891 1522 2943 duximus
1550 2892 1815 2945 officium:

127 2959 387 3026 alterum,
430 2957 578 3028 quod
631 2960 869 3014 cernitur
914 2962 970 3014 in
1008 2960 1222 3022 Graeca
1267 2963 1512 3016 oratione
1548 2963 1616 3015 ad
1655 2963 1818 3017 fidem

126 3032 455 3101 optimorum
491 3028 750 3083 librorum
789 3031 1057 3104 exigenda
1082 3041 1136 3085 et
1162 3032 1544 3098 examinanda3
1571 3034 1814 3103 alterum,

126 3101 275 3171 quod
312 3102 542 3171 refertur
578 3099 648 3153 ad
685 3103 971 3156 verborum
1011 3112 1172 3173 atque
1212 3123 1389 3157 rerum
1413 3104 1816 3176 interpretatio-

124 3190 265 3226 nem.
338 3173 415 3226 Et
451 3171 680 3244 primum
717 3173 852 3227 illud
904 3193 1002 3246 per
1039 3175 1322 3229 consilium
1359 3175 1520 3231 huius
1559 3176 1815 3231 editionis

126 3243 450 3298 arctioribus
501 3242 760 3298 limitibus
796 3246 1334 3318 circumscripsimuS,
1375 3248 1478 3300 etsi
1528 3268 1627 3318 pro
1665 3248 1816 3302 varia

124 3313 457 3383 singulorum
509 3313 768 3368 librorum
829 3316 1139 3371 conditione
1211 3318 1359 3370 vario
1422 3331 1680 3388 tanquam
1740 3318 1811 3368 roi
