2158 3718
284 133 349 186 18
920 133 1410 178 PROLEGOMENA

282 277 652 341 prudentiorem
688 280 834 342 atque
871 276 1123 326 iustiorem
1158 278 1315 326 virum
1352 291 1443 327 nec
1489 292 1576 327 nos
1614 278 1931 340 cognovimus
1967 294 2059 329 nec

280 358 498 413 unquam
525 349 677 398 visuri
703 353 817 397 sunt
841 348 1028 412 posteri
1045 345 1096 413 1).

998 557 1229 599 CAPUT
1267 560 1352 602 111.

283 651 670 708 DISPUTATUR
724 657 803 707 DE
853 656 1067 707 SUMMA
1117 657 1338 707 OPERIS
1388 658 1741 708 SENTENTIA
1790 656 2057 717 EIUSQUE

868 726 1121 778 ULTIMIS
1163 727 1478 777 CONSILIIS.

419 855 529 905 Fuit
565 856 839 904 communis
875 855 978 903 fere
1006 855 1259 904 hominum
1288 854 1544 904 doctorum
1574 855 1634 904 de
1659 855 1920 905 Phaedone
1947 871 2056 905 sen-

277 927 427 975 tentia
461 941 659 990 semper
693 924 844 982 haee,
884 932 937 974 ut
971 927 1022 975 in
1059 941 1117 974 eo
1151 925 1688 975 immortalitatem
1717 927 2055 975 animorum

278 998 663 1062 argumentis
711 1014 779 1047 ex
815 998 947 1061 ipsa
990 997 1175 1045 animi
1217 1002 1435 1045 natura
1482 998 1777 1061 repetitis
1822 997 2056 1045 confir-

277 1064 433 1117 mari
460 1073 519 1117 et
546 1068 615 1117 ad
644 1069 1012 1118 interiorem
1039 1068 1228 1116 animi
1254 1068 1723 1130 persuasionem
1752 1067 2057 1131 explicari

278 1139 630 1188 existimarent.
684 1138 819 1197 Quae
856 1140 1095 1188 sententia
1131 1153 1231 1187 non
1273 1137 1549 1187 destituitur
1590 1139 1887 1202 antiquitatis
1924 1141 2055 1188 testi-

275 1209 475 1268 moniis,
517 1209 913 1274 quandoquidem
951 1210 1036 1274 qui
1072 1208 1185 1257 olim
1213 1209 1345 1258 hunc
1372 1207 1618 1271 dialogum
1647 1215 1729 1258 aut
1754 1209 2055 1259 secundariis

279 1287 520 1330 ornarunt
552 1279 955 1344 inscriptionibus
992 1286 1075 1329 aut
1100 1279 1160 1328 ab
1189 1281 1465 1343 argumenti
1492 1295 1682 1328 summa
1717 1279 2053 1336 laudaverunt,

274 1352 310 1399 ii
345 1352 506 1415 ipsum
543 1350 617 1400 vel
642 1348 772 1417 περὶ
808 1351 990 1417 ψυχῆς
1015 1350 1089 1399 vel
1115 1347 1243 1416 περὶ
1281 1351 1461 1415 ψυχῆς
1499 1347 1592 1399 καὶ
1631 1346 1944 1410 ἀθανασίας
1981 1350 2055 1399 vel

279 1422 423 1470 etiam
451 1418 581 1488 περὶ
617 1422 716 1487 τῆς
740 1422 921 1487 ψυχῆς
958 1416 1272 1479 ἀθανασίας
1298 1435 1444 1484 agere
1469 1421 1820 1479 iudicaverunt,
1848 1421 1898 1470 id
1926 1421 2054 1486 quod

277 1492 420 1541 docte
455 1492 810 1542 demonstravit
846 1491 920 1541 10.
948 1492 1110 1541 Frid.
1149 1489 1556 1558 Fischerus2).
1610 1492 1731 1540 Nam
1760 1492 1890 1557 quod
1930 1507 2052 1541 non-

274 1561 394 1612 nulli
421 1578 533 1612 eum
560 1562 849 1628 simpliciter
876 1560 1005 1629 περὶ
1041 1563 1222 1628 ψυχῆς
1248 1564 1626 1628 inscripserunt,
1665 1578 1810 1627 quam
1845 1564 2054 1627 inscrip-

275 1633 458 1685 tionem
485 1639 682 1683 secutus
719 1639 792 1683 est
828 1635 974 1682 etiam
1011 1634 1182 1683 Cicero
1196 1631 1257 1698 3),
1304 1634 1477 1682 fecisse
1512 1634 1606 1682 hoc
1642 1633 1709 1682 illi
1744 1634 2053 1696 existimandi

274 1704 387 1764 su'nt
421 1715 522 1753 non
554 1704 646 1753 alia
684 1705 745 1754 de
790 1720 960 1760 causa,
1008 1720 1152 1770 quam
1200 1705 1309 1769 quia
1352 1711 1638 1769 argumenta
1676 1703 2054 1754 immortalitatis

274 1774 735 1825 animadvertissent
760 1776 809 1823 in
835 1775 930 1823 hoc
956 1774 1083 1824 libro
1111 1774 1171 1824 ab
1199 1776 1303 1838 ipso
1331 1777 1495 1824 animo
1532 1790 1637 1825 esse
1663 1776 1886 1839 repetita.

416 1842 512 1895 Sed
551 1847 733 1895 nostris
777 1846 1083 1910 temporibus
1128 1844 1427 1910 aliquantum
1472 1845 1530 1895 ab
1574 1861 1635 1895 ea
1680 1846 1739 1896 de
1776 1846 2052 1896 Phaedonis

274 1914 477 1965 consilio
505 1918 743 1965 sententia
773 1916 955 1965 discedi
982 1922 1210 1980 coeptum
1240 1922 1327 1966 est.
1366 1916 1419 1966 Id
1442 1917 1570 1981 quod
1598 1917 1811 1981 primum
1834 1918 2051 1967 evenisse

273 1992 490 2044 constat,
519 1997 576 2036 ex
605 2003 701 2052 quo
728 1989 1178 2051 praestantissimus
1203 1987 1418 2036 Platonis
1444 1989 1688 2051 interpres
1716 1988 2048 2045 Germanicus,

271 2057 634 2107 Fridericus
670 2056 1374 2120 Schleiermacherus4),
1412 2073 1522 2107 cum
1563 2060 1761 2107 omnino
1803 2059 1863 2108 de
1890 2059 2052 2108 Plato-

272 2129 498 2179 nicorum
524 2128 764 2178 librorum
787 2129 968 2186 indole,
998 2135 1302 2192 argumentO,
1332 2144 1461 2179 nexu
1489 2136 1536 2178 et
1564 2131 1923 2186 coniunctione,
1946 2137 2048 2179 tum

271 2200 513 2263 imprimis
549 2201 694 2249 etiam
730 2201 789 2249 de
825 2199 1088 2249 Phaedone
1124 2198 1349 2249 subtilius
1386 2200 1671 2264 disquisivit.
1734 2201 1925 2250 Etenim
1970 2201 2050 2249 hic

271 2269 469 2335 quidem
498 2273 742 2334 persuasit
768 2270 858 2319 sibi
884 2270 1202 2320 Platonem
1240 2272 1297 2319 in
1325 2270 1648 2321 Phaedone
1690 2271 2049 2321 exhibuisse

271 2341 514 2390 tandem
547 2341 913 2405 philosophi
940 2343 1207 2407 speciem
1237 2341 1401 2390 illam
1432 2342 1545 2390 dud
1564 2358 1654 2391 um
1682 2342 2046 2406 inSophista

273 2416 328 2460 et
363 2411 638 2461 Politico
675 2414 1067 2477 promissam,
1110 2427 1405 2475 quamquam
1433 2414 1594 2476 imago
1621 2413 1852 2477 sapientis
1877 2415 1927 2461 in
1954 2412 2048 2462 hoc

271 2497 421 2547 opere
459 2494 691 2546 expressa
728 2482 935 2532 multum
972 2483 1032 2532 ab
1067 2482 1147 2532 illa
1185 2483 1371 2532 diversa
1409 2484 1671 2539 exstiterit,
1711 2498 1834 2546 quae
1861 2483 1975 2532 olim
2004 2486 2045 2533 ei

270 2551 379 2601 illos
416 2553 636 2617 dialogos
675 2555 1021 2603 commentanti
1068 2553 1129 2602 ob
1176 2553 1344 2602 oeulos
1390 2561 1575 2603 versata
1619 2552 1827 2619 fuerit5).
1879 2555 2046 2618 Itaque

274 2622 461 2672 Platoni
489 2625 537 2671 in
564 2623 828 2673 Phaedone
855 2624 902 2672 id
927 2625 1235 2688 propositum
1272 2625 1445 2680 fuisse,
1492 2632 1541 2672 ut
1577 2625 1901 2688 descripta
1939 2626 2044 2674 So-

270 2695 463 2742 cratis
500 2695 839 2743 morientis
884 2697 1091 2758 specie
1140 2700 1196 2743 et
1238 2696 1503 2756 imagine
1560 2693 2046 2758 intellegeretur

270 2765 448 2812 vitam
484 2763 1037 2828 philosophorum,
1073 2770 1289 2828 utpote
1329 2771 1515 2814 totam
1555 2780 1758 2814 rerum
1805 2765 2044 2815 divina-

269 2849 396 2883 rum
427 2834 754 2899 (idearum)
779 2835 1090 2884 scientiae
1119 2842 1176 2883 et
1203 2837 1552 2897 cognitioni
1581 2845 2042 2894 consecratam,

268 2919 491 2954 revera
537 2905 692 2954 nihil
739 2920 874 2954 esse
918 2904 1107 2962 aliud,
1162 2907 1277 2955 nisi
1331 2912 1691 2970 perpetuam
1739 2908 2042 2971 quandam

384 3076 423 3127 1)
457 3076 569 3129 Pag.
608 3077 687 3115 115
718 3075 754 3114 B
787 3097 840 3103 —
875 3077 967 3119 118.

380 3132 422 3183 2)
455 3132 575 3172 Plat.
598 3131 882 3185 Euthyphro,
914 3132 1044 3184 Apol.
1079 3133 1219 3186 Soer„
1254 3131 1394 3186 Crito,
1428 3132 1613 3175 Phaedo
1639 3134 1830 3177 Graece.
1859 3136 1927 3177 ed.
1954 3134 2038 3181 ΙΙΙ.

266 3187 391 3241 Lips.
427 3189 549 3231 1783.
585 3202 626 3241 p.
659 3190 742 3229 229
773 3202 839 3240 sq.

377 3245 422 3298 3)
455 3245 590 3287 Tusc.
623 3246 657 3296 Ι,
693 3245 757 3295 11,
792 3247 868 3285 24:
909 3249 1045 3287 evolve
1077 3248 1302 3303 diliyemer
1334 3249 1529 3289 Platonis
1558 3263 1646 3289 eum
1677 3250 1843 3297 librum,
1877 3252 1950 3303 qui
1977 3257 2039 3291 est

266 3303 326 3342 de
357 3303 536 3342 animo.

377 3357 421 3412 4)
455 3358 646 3399 Platons
678 3359 864 3402 Vtserke.
900 3360 1000 3403 Vol.
1032 3361 1090 3401 II.
1123 3362 1248 3402 Toni.
1280 3363 1363 3403 III.
1396 3377 1437 3416 p.
1471 3365 1495 3403 3
1529 3375 1594 3415 sq.

379 3414 421 3512 {g
459 3411 548 3468 [Cf.
591 3415 885 3526 SJtallbaumii
925 3417 1183 3471 Prolegom.
1220 3418 1276 3459 ad
1310 3419 1446 3472 Soph.
1482 3434 1523 3472 p.
1556 3419 1761 3471 46—55,
1797 3419 1852 3461 ad
1885 3421 2035 3474 Symp.
