2222 3762
251 123 650 180 PLATONIS
689 120 1171 178 APOLOGIAM
1201 121 1603 180 SOCRATIS.
1742 131 1774 178 ε)

80 266 475 340 turpitudinem
521 273 798 335 tamquam
843 265 1014 318 oculis
1062 272 1318 334 cernant,
1368 273 1550 319 tamen
1598 267 1776 336 ipsam

82 358 192 395 non
229 339 344 392 refu
387 337 521 405 iant,
563 335 660 391 sed
697 342 926 389 mortem
962 336 1146 408 potius
1181 336 1376 406 vitent,
1417 356 1556 408 quae
1593 345 1775 390 tamen

82 431 212 466 num
257 410 315 464 in
407 408 526 463 onis
580 427 649 461 an
698 407 756 459 in
793 407 949 462 malis
1003 406 1254 462 ducenda
1303 408 1400 477 sit,
1449 409 1668 462 minime
1706 408 1774 462 ab

80 482 219 554 ipsis
266 479 607 551 exploratum
653 478 934 532 habeatur.
1019 479 1214 549 Itaque
1264 479 1504 551 graviter
1541 479 1776 550 denique

81 561 389 621 asseverat,
428 569 489 605 sc
526 549 763 620 quidem,
803 550 850 602 si
886 549 994 622 ipsi
1033 569 1097 604 ea
1132 550 1445 604 conditione
1482 550 1777 624 impunitas

82 623 446 691 concedatur,
491 631 552 675 ut
590 622 648 674 in
685 628 962 693 posterum
1001 622 1136 676 alios
1175 622 1455 694 explorare
1493 631 1587 676 aut
1622 641 1776 676 coar—

79 714 248 769 guere
282 694 629 761 intermittat,
665 712 776 747 non
813 710 935 746 esse
973 692 1415 762 commissurum,
1473 701 1536 747 ut
1581 711 1779 746 munus

80 767 187 822 sibi
220 786 258 820 a
292 766 416 819 Deo
453 764 766 818 mandatum
804 762 1174 834 derelinquat,
1227 764 1326 819 sed
1371 773 1619 837 paratum
1656 782 1778 818 esse

83 845 360 892 contemto
399 836 588 890 mortis
626 835 868 906 periculo
907 835 975 889 ad
1001 836 1325 918 gravissima
1349 856 1600 907 quaeque
1637 835 1781 889 mala

80 909 368 964 subeunda
414 915 577 978 atque
627 905 939 975 toleranda,
989 906 1257 976 slquidem
1307 908 1412 962 sibi
1460 908 1620 980 plane
1656 927 1779 979 per-

84 1000 303 1036 suasum
339 979 429 1048 sit,
468 978 806 1031 nullumdum
844 977 1054 1030 civibus
1093 978 1205 1031 suis
1241 979 1445 1032 bonum
1481 979 1780 1050 contigisse

83 1053 256 1106 maius
318 1069 481 1120 quam
530 1067 688 1102 suum
736 1063 867 1119 erga
918 1047 1078 1101 deum
1128 1049 1482 1118 obsequium,
1548 1069 1658 1119 quo
1708 1048 1779 1101 ad

83 1121 249 1178 animi
297 1140 460 1192 quam
506 1119 707 1190 optime
752 1118 1021 1172 formandi
1071 1138 1257 1173 curam
1304 1130 1359 1174 et
1405 1121 1623 1174 virtutis
1662 1127 1779 1173 stu-

83 1193 232 1247 dium
270 1192 512 1265 graviter
549 1190 856 1244 excitentur
890 1198 1055 1259 atque
1090 1191 1436 1262 impellantur
1475 1193 1556 1262 (p.
1594 1194 1682 1245 27.
1713 1190 1781 1246 E.

83 1296 154 1306 —-
190 1266 277 1319 30.
314 1264 429 1333 Β.).
502 1263 799 1316 Praeterea
841 1261 1053 1315 iudices
1106 1263 1269 1316 etiam
1317 1263 1453 1316 illud
1504 1261 1778 1331 admonet,

85 1355 146 1390 se
182 1334 545 1390 condemnato
593 1334 835 1387 futurum
876 1351 1028 1402 esse,
1076 1342 1138 1387 ut
1170 1353 1280 1387 non
1315 1342 1424 1387 tam
1461 1334 1580 1406 ipse
1619 1353 1781 1404 quam

82 1408 267 1480 potius
301 1405 668 1460 Athenienses
722 1404 878 1476 gravi
911 1423 1090 1476 poena
1126 1405 1451 1460 afficiantur.
1526 1405 1600 1462 Se
1639 1405 1782 1459 enim

85 1498 120 1532 a
153 1479 278 1532 Deo
313 1476 750 1532 Atheniensibus
787 1474 975 1529 datum
1012 1495 1163 1545 esse,
1214 1495 1322 1546 quo
1371 1485 1522 1532 recta
1559 1476 1784 1531 consilia

85 1557 453 1616 monerentur,
477 1561 704 1619 propter
735 1547 1064 1619 pravitatem
1089 1549 1508 1620 castigarentur,
1542 1547 1784 1618 denique

15 1674 19 1677 ,
85 1621 158 1675 ad
203 1621 481 1675 meliorem
528 1619 742 1691 frugem
786 1618 1245 1690 perducerentur3
1304 1640 1416 1673 non
1477 1619 1636 1674 facile
1687 1638 1783 1672 au-

85 1700 196 1747 tem
247 1699 566 1746 eventurum
617 1709 767 1758 esse,
831 1698 894 1744 ut
946 1690 1083 1743 alter
1128 1691 1396 1745 eiusmodi
1442 1691 1680 1746 monitor
1726 1698 1785 1743 et

86 1764 334 1818 hortator
369 1762 436 1816 iis
472 1762 738 1834 obtingat.
812 1761 1096 1816 Divinitus
1147 1782 1277 1817 vero
1326 1781 1447 1817 sese
1496 1763 1618 1818 urbi
1655 1761 1785 1816 mis-

87 1855 208 1890 sum
245 1853 363 1890 esse
401 1833 492 1887 vel
529 1853 597 1887 ex
634 1852 700 1887 eo
728 1852 988 1904 apparere
1012 1834 1324 1903 arbitratur,
1365 1834 1512 1904 quod
1535 1833 1786 1907 neglecta

86 1927 145 1960 re
195 1905 446 1960 familiari
479 1911 746 1976 perpetuo
793 1905 992 1958 vixerit
1038 1904 1095 1958 in
1150 1905 1383 1959 maxima
1431 1911 1780 1978 paupertate,

86 1977 223 2032 illud
261 1996 432 2050 agens
469 1976 647 2037 unice,
685 1984 748 2029 ut
783 1976 1003 2032 virtutis
1042 1991 1098 2030 et
1132 1977 1433 2048 sapientiae
1473 1996 1668 2031 caussa
1702 1976 1785 2028 iu-

86 2057 307 2104 varetur
343 2067 408 2102 ac
443 2054 844 2102 sustentaretur
881 2052 960 2119 (p.
999 2050 1085 2102 30.
1121 2046 1185 2102 C.
1209 2080 1279 2088 —
1302 2051 1388 2104 31.
1428 2049 1539 2118 Β.).
1564 2079 1638 2088 --
1677 2046 1783 2100 His

86 2140 216 2174 vero
255 2120 518 2190 expositis
555 2118 627 2172 ad
661 2119 829 2171 vitam
866 2119 1141 2190 publicam
1177 2138 1332 2173 suam
1368 2119 1784 2192 transgreditur.

87 2191 343 2246 Mirabile
382 2190 523 2244 enim
559 2189 745 2242 multis
780 2187 957 2243 visum
994 2189 1062 2242 iri
1098 2189 1248 2259 dicit,
1289 2190 1439 2261 quod
1473 2210 1640 2260 quum
1673 2190 1788 2260 pri-

88 2262 253 2315 vatim
291 2261 522 2332 singulis
559 2259 818 2332 prodesse
857 2260 1145 2328 studuerit,
1183 2268 1365 2314 tamen
1402 2263 1622 2332 publice
1653 2261 1786 2314 civi-

89 2333 188 2386 tati
223 2333 508 2387 consulere
544 2331 796 2384 noluerit.
870 2330 1044 2385 Cuius
1092 2332 1173 2385 rei
1221 2351 1469 2387 caussam
1514 2333 1716 2405 repetit
1753 2352 1785 2384 a

90 2404 362 2458 daemonii
399 2401 798 2470 admonitione,
850 2422 958 2472 qua
995 2421 1211 2473 semper
1246 2422 1279 2457 a
1312 2404 1654 2475 publicorum
1691 2422 1785 2456 ne-

90 2475 363 2547 gotiorum
409 2473 880 2527 administratione
930 2482 1192 2528 avocatus
1249 2475 1321 2528 sit
1357 2483 1520 2545 atque
1558 2474 1784 2528 deterri-

87 2555 197 2601 tus.
270 2546 394 2600 Nec
427 2565 557 2599 vero
595 2563 653 2599 se
691 2544 941 2598 dubitare
977 2545 1266 2616 profitetur
1300 2547 1544 2600 futurum
1593 2547 1783 2614 fuisse,

89 2626 168 2687 ut,
207 2619 254 2673 si
292 2617 418 2671 olim
456 2617 526 2670 ad
562 2617 952 2686 rempublicam
990 2617 1332 2686 accessisset,
1371 2617 1577 2672 dudum
1613 2625 1787 2671 morte

90 2698 238 2744 esset
274 2689 581 2743 mulctatus.
655 2688 941 2741 Neminem
981 2688 1155 2756 enim,
1208 2689 1301 2759 qui
1351 2697 1498 2743 recte
1534 2691 1784 2759 iusteque

90 2769 236 2834 agat,
274 2760 327 2814 in
368 2760 463 2813 tali
499 2760 718 2813 civitate
756 2759 965 2812 salvum
1004 2767 1060 2812 et
1093 2760 1418 2815 incolumem
1456 2780 1621 2833 posse
1659 2780 1785 2814 eva-

90 2832 250 2900 dere,
290 2832 394 2886 nisi
431 2823 596 2884 vitam
634 2830 801 2902 degat
836 2831 1132 2902 privatam3
1187 2851 1306 2885 sese
1357 2843 1537 2885 autem
1575 2851 1787 2904 semper

88 2904 355 2958 iustitiam
394 2910 449 2956 et
486 2903 825 2956 honestatem
865 2901 1022 2954 etiam
1061 2902 1116 2954 in
1143 2903 1482 2973 publicorum
1506 2923 1785 2956 munerum

67 2974 558 3035 ,administratione
594 2973 763 3027 luisse
797 2980 1183 3042 sequuturum,
1221 2975 1309 3028 vel
1346 2995 1413 3029 ex
1451 2995 1515 3029 eo
1554 2974 1787 3045 intelligi

92 3046 319 3114 debere,
385 3042 533 3116 quod
593 3045 719 3098 olim
779 3050 834 3096 et
893 3043 1224 3098 democratia
1292 3048 1512 3119 vigente
1570 3046 1786 3098 iniustis

91 3117 279 3189 populi
313 3117 554 3171 consiliis
606 3114 866 3168 restiterit
911 3122 966 3168 et
1011 3115 1112 3169 sub
1150 3117 1374 3189 triginta
1414 3117 1651 3170 virorum
1685 3118 1785 3170 im-

87 3189 244 3260 perio
285 3196 636 3261 tyrannorum
682 3186 838 3239 minis
886 3185 1021 3239 nihil
1067 3186 1322 3242 tribuerit
1360 3196 1415 3242 et
1451 3188 1786 3242 concesserit

93 3260 177 3330 (p.
216 3262 301 3314 31.
342 3258 407 3313 C.
446 3292 515 3298 --
551 3279 603 3330 p.
643 3259 726 3311 32.
764 3257 875 3326 E..)
951 3256 1056 3310 His
1113 3257 1295 3328 addit,
1347 3279 1448 3314 nec
1499 3259 1782 3330 discipulis

88 3331 208 3387 suis
246 3331 501 3403 privatim
532 3329 835 3402 quidquam
871 3327 1060 3383 iniusti
1097 3347 1352 3402 umquam
1392 3350 1424 3385 a
1463 3350 1520 3386 se
1558 3329 1782 3402 permis-
