2222 3762
392 161 458 211 76
999 157 1475 216 PLATONIS

388 310 585 376 ἐαυτῷ,
627 306 764 362 εἶναι
802 304 939 361 δὀὔ.
992 304 1223 361 κᾶπειτα
1258 306 1561 379 ἐπειρώμην
1596 306 1749 377 αὐτῷ
1786 307 2075 374 δεικνύναι,

387 389 475 446 ὅτι
503 391 678 446 οἴοιτο
694 394 795 461 μὲν
822 390 962 446 εἶναι
983 389 1173 465 σοφός,
1219 391 1299 457 εἴη
1330 389 1369 445 δ’
1403 389 1487 446 οὗ.
1527 396 1792 447 ἐντεῦθεν
1822 385 1924 447 οὖν
1944 390 2076 449 τού-

389 497 464 544 τῳ
491 497 546 529 τε
570 475 918 546 ἀπηχθόμην
947 478 1036 529 καὶ
1053 478 1279 538 πολλοῖς
1297 478 1406 529 τῶν
1432 476 1743 546 παρόντων.
1759 475 2076 547 πρὸςὲμαυ-

387 559 486 613 τὸν
513 559 550 613 δ’
579 552 876 614 οὗνάπιών
894 558 1230 628 ἐλογιζόμην,
1261 556 1349 613 ὅτι
1375 561 1592 614 Τούτου
1605 564 1706 629 μὲν
1724 565 1823 616 τοῦ
1842 560 2078 632 ἀνθρώ-

347 697 351 701 ,
386 664 494 698 που
524 642 621 709 ἐγώ
653 642 967 716 σοφώτερός
991 649 1097 712 εἰμι
1117 661 1129 674 ·
1162 641 1453 699 κινδυνεύει
1482 642 1711 715 μὲνγὰρ
1741 644 1895 712 ἡμῶν
1925 645 2079 702 οὐδὲ·

386 748 542 796 τερος
571 726 731 781 οὐδὲν
759 725 932 781 καλὸν
956 725 1224 793 κάγαθὸν
1239 731 1452 792 εἰδέναι,
1480 727 1592 782 ἀλλ’
1616 722 1890 799 οὗτοςμὲν
1905 729 2079 784 οἴεταί

388 833 437 863 τι
463 817 660 865 εἰδέναι
689 810 788 865 οὐκ
815 813 982 874 εἰδώς,
1016 810 1114 880 ἐγώ
1155 814 1224 876 δέ,
1266 809 1444 881 ὥςπερ
1492 805 1592 867 οὖν
1628 811 1727 867 οὐκ
1769 813 1908 875 οἶδα,
1950 814 2076 868 οὐδὲ

386 896 591 966 οἴομαι.
641 898 792 950 ἔοικα
813 899 952 964 γοῦν
999 895 1200 950 τούτου
1263 917 1319 962 γε
1357 900 1563 967 σμικρῷ
1605 918 1713 950 τινι
1755 896 1910 966 αὐτῷ
1952 897 2079 952 τού-

384 1121 426 1164 4.
465 1121 505 1164 6.
565 1120 683 1161 Plor.
725 1120 764 1161 d
812 1134 848 1162 e.
892 1134 932 1172 g.
993 1120 1043 1159 In
1076 1120 1177 1160 Par.
1211 1120 1297 1160 DS.
1331 1120 1532 1169 scriptum
1569 1116 1747 1160 οὑτοσὶν
1777 1119 1896 1171 ἐμοῦ.
1965 1120 2077 1162 vett,

387 1178 507 1221 editt.
542 1171 676 1219 οὗτός
708 1177 756 1232 γε’
784 1191 885 1230 μου,
918 1178 1033 1230 quod
1065 1177 1252 1218 Bekker.
1284 1191 1379 1218 cum
1419 1177 1513 1218 Par.
1549 1177 1638 1218 CB.
1669 1179 1847 1238 mutavit
1877 1179 1918 1219 in
1951 1169 2084 1218 οὗτός

388 1251 411 1289 γ
454 1234 576 1334 ἑμῧῑ.)
617 1289 778 1334 ου’δὲν
810 1290 972 1333 καλὸν
1004 1290 1260 1346 κάγαθὸν
1291 1289 1523 1343 ειδέναι]
1585 1294 1642 1333 V.
1690 1291 1821 1332 καλὸν
1853 1288 1947 1334 οὐδ’
1977 1288 2080 1345 ἄγα-

386 1350 518 1404 θόν,
561 1351 677 1405 quod
722 1365 744 1392 e
778 1351 878 1392 Bas.
919 1352 958 1394 2.
993 1350 1120 1393 Bodl.
1155 1352 1264 1393 Ven.
1300 1365 1337 1391 a.
1373 1351 1412 1390 b.
1459 1349 1871 1393 Vindobonensibus
1903 1358 1947 1393 et
1978 1350 2081 1391 Flo·

389 1526 429 1565 in
463 1525 671 1569 integrum
705 1523 870 1564 restitui
919 1535 1000 1563 non
1035 1523 1187 1575 possit.
1273 1522 1343 1566 18.
1376 1519 1647 1573 βουλόμενος
1677 1521 1836 1573 πέμψαι
1858 1520 2083 1573 -ἕδοξεν

391 1581 470 1623 Cui
500 1581 674 1634 quidem
712 1581 790 1622 viri
827 1581 981 1622 summi
1012 1588 1187 1622 senten-

388 1640 474 1680 tiae
513 1640 654 1680 fateor
706 1652 774 1679 me
824 1651 906 1678 non
963 1639 1188 1679 accedere.

389 1697 555 1738 Etenim
590 1697 717 1738 verba
739 1693 938 1737 τοιοῦτόν
959 1711 995 1736 τι
1021 1695 1190 1736 ἔπαθον

388 1762 505 1795 recte
559 1760 758 1808 poterant
817 1755 871 1795 ad
920 1753 1189 1807 parenthesin

389 1812 566 1864 referri,
618 1813 817 1865 quoniam
860 1825 1095 1866 pronomen
1136 1811 1190 1851 ad

390 1883 439 1911 ea
472 1875 665 1922 spectat,
705 1882 816 1921 quae
855 1872 938 1910 iam
983 1881 1092 1910 nunc
1123 1869 1192 1910 di-

389 1932 539 1968 cturus
567 1932 656 1969 est:
698 1929 810 1968 tate
845 1926 1000 1980 quid,
1031 1929 1192 1980 quate

387 1998 520 2026 nunc
557 1997 668 2025 sum
703 1984 978 2028 dicturus.
1018 1983 1109 2025 Nec
1130 1985 1187 2024 vi-

389 2042 489 2093 deo,
522 2042 623 2095 quid
657 2043 833 2083 σκοπῶν
867 2042 1025 2083 habeat
1055 2042 1194 2083 offen-

389 2101 535 2143 sionis.
613 2101 796 2142 Prorsus
853 2096 1021 2142 eodem‘
1062 2098 1194 2140 modo

390 2157 647 2200 Germanice
685 2159 830 2200 dicere
865 2159 988 2199 licet:
1032 2157 1195 2208 „Die-

391 2229 480 2257 sen
556 2229 655 2256 nun
715 2215 1081 2258 betrachtend
1148 2232 1188 2244 -ι

392 2274 529 2315 denn
590 2273 673 2315 ihn
736 2275 826 2316 mit
876 2274 1083 2316 Namen
1131 2274 1194 2314 zu

390 2344 606 2373 nennen
652 2333 726 2372 ist
779 2332 928 2373 nicht
977 2331 1195 2383 n6thig3

391 2403 446 2430 es
480 2402 582 2430 war
613 2390 740 2431 aber
773 2392 930 2431 einer
961 2401 1062 2429 von
1094 2388 1195 2428 den

391 2447 886 2498 staatsmannern,
956 2445 1194 2488 welchen

391 2505 478 2544 ins
503 2509 651 2558 ¹&nge
683 2503 911 2545 fassend
945 2504 1047 2544 mir
1079 2503 1196 2543 der-

391 2562 654 2613 gleichen
716 2560 1040 2610 widerfnhr,
1115 2560 1199 2599 ihr

396 2619 659 2670 Athener,
701 2643 752 2648 ——
811 2619 913 2660 und
960 2619 1058 2659 mit
1099 2617 1195 2658 ihm

391 2676 529 2717 mich
562 2676 941 2718 unterredend
985 2677 1097 2716 kam
1144 2686 1198 2714 es

393 2733 492 2773 mir
524 2746 616 2774 vor
653 2735 739 2775 als
771 2746 915 2775 wenn
949 2734 1078 2774 etc-‘⁶
1113 2731 1198 2773 Ce-

394 2795 526 2833 terum
560 2790 759 2843 frequens
793 2796 860 2833 est
903 2790 1008 2831 haec
1042 2790 1198 2830 verbo-

393 2860 484 2888 rum
520 2853 756 2900 structura,
794 2863 876 2901 qua
907 2845 1012 2888 κατὰ
1043 2843 1092 2888 τὸ
1126 2860 1198 2900 ση-

393 2903 653 2956 μαινόμενον
692 2907 825 2947 verbo
873 2904 1022 2958 ἔδοξεν
1058 2907 1199 2947 nomi-

393 2965 565 3004 nativus
625 2965 834 3017 pnrticipii
877 2965 1053 3005 additur
1102 2965 1198 3004 loco

393 3020 539 3063 dativi.
574 3022 637 3063 De
670 3022 908 3075 legg.111.
938 3035 976 3075 p.
1010 3021 1110 3065 686
1135 3020 1198 3063 D:

397 3075 651 3131 ἀποβλέψας
663 3077 763 3148 γὰρ
799 3077 912 3133 πρὸς
938 3081 1094 3119 τοῦτον
1122 3092 1200 3118 τον

397 3135 569 3184 στόλον,
625 3129 679 3178 οὗ
746 3137 842 3190 πέρι
898 3134 1198 3208 διαλεγόμεθα,

399 3193 550 3306 ἔδοξέρ
560 3209 631 3245 μοι
665 3193 882 3249 πάγκαλος
918 3190 1038 3238 εἶναι.
1090 3195 1197 3235 Ibid.

400 3253 491 3296 Vn.
600 3254 698 3298 811.
730 3254 776 3295 C.
809 3253 999 3308 Xenop
1010 3253 1048 3294 h.
1082 3252 1198 3294 Hen.

397 3266 703 3361 v11.5,1{3=
751 3309 1100 3363 ἐνθυμούμενος,
1135 3307 1199 3350 ὅτι

398 3392 452 3399 ——
491 3366 629 3410 ἐδόκει
672 3364 801 3423 αυτῷ.
841 3369 999 3425 Cyn-op
1044 3368 1115 3408 vl.
1159 3370 1197 3418 1,

1273 1638 1316 1689 5,
1374 1637 1445 1681 37.
1505 1638 1647 1690 ibique
1720 1638 1885 1681 Zenn.

1275 1575 1407 1634 αὐτῷ.
1447 1580 1604 1632 Cyrop.
1643 1581 1728 1623 ΙΙΙ.
1773 1581 1825 1631 2,
1872 1580 1942 1624 28.
1988 1581 2080 1622 vn.

1957 1638 2083 1683 conf.

1277 1695 1464 1739 Matth.
1500 1696 1576 1738 Gr.
1619 1696 1656 1748 ξ.
1690 1695 1788 1740 311.
1825 1695 2084 1737 Bernhar-

1278 1754 1345 1807 dy
1391 1754 1511 1806 Synt.
1569 1766 1608 1806 p.
1649 1753 1719 1796 41.
1769 1754 1975 1796 Jacobs
2026 1754 2084 1797 ad

1281 1810 1436 1853 Achin.
1469 1811 1569 1850 Tat.
1603 1825 1641 1864 p.
1676 1810 1775 1855 860.
1814 1811 1978 1853 Eadem
2012 1825 2083 1853 ra-

1278 1871 1395 1911 tione
1429 1867 1571 1908 Latini
1612 1874 1800 1911 utuntur.
1838 1869 1975 1910 Hirt.
2019 1870 2084 1912 De

1278 1928 1394 1968 bello
1430 1925 1558 1966 Afric.
1599 1939 1636 1970 c.
1670 1926 1740 1970 25.
1784 1928 1909 1967 Dum
1950 1926 2085 1968 haec

1278 1986 1354 2026 ita
1401 1983 1633 2035 fierent,
1667 1997 1770 2037 (rex
1806 1985 1954 2035 Iuba,
1999 1997 2085 2026 co-

1279 2041 1450 2096 gnitis
1503 2040 1944 2083 difficuitatibus
1995 2055 2085 2083 co-

1280 2101 1601 2154 piarumque
1640 2100 1933 2152 paucitate,
1983 2113 2084 2142 non

1282 2163 1366 2200 est
1407 2156 1577 2196 visum
1627 2162 1728 2208 ctr.‚
1786 2158 1857 2199 ubi
1902 2171 1940 2200 ν.
1988 2158 2084 2200 Da-

1281 2215 1380 2255 vis.
1419 2213 1640 2255 Wexius
1691 2215 1733 2256 in
1779 2216 1932 2254 Anual.
1976 2215 2084 2257 Phii.

1283 2278 1327 2313 et
1350 2271 1488 2313 Paed.
1522 2270 1741 2312 Jahnianis
1765 2273 1857 2319 ΧΖοΙ.
1876 2272 2083 2317 LXXIV.

1279 2331 1407 2371 Fasc.
1445 2328 1501 2370 X.
1543 2328 1671 2373 1856.
1713 2343 1752 2383 p.
1793 2330 1891 2374 610.
1935 2331 2087 2372 verba:

1282 2389 1350 2428 καὶ
1383 2383 1683 2440 διαλεγόμενος
1714 2383 1831 2442 αὐτῷ
1851 2387 1904 2428 ad
1932 2401 2088 2440 paren-

1282 2446 1420 2486 thesin
1457 2444 1639 2496 pertrahi
1672 2448 1775 2496 vuit‚
1810 2458 1861 2485 ne
1894 2446 1963 2485 καὶ
1997 2444 2086 2486 δια-

1283 2500 1514 2556 λεγόμενος
1545 2498 1661 2557 αὐτῷ
1693 2503 1808 2542 iuxta
1851 2500 1974 2554 ἔδοξέ
2015 2518 2088 2554 μοι

1283 2562 1468 2614 positum
1499 2559 1582 2610 sit,
1617 2559 1730 2612 quod
1764 2573 1841 2614 per
1871 2574 2089 2613 gramma—

1284 2619 1391 2659 ticas
1424 2617 1610 2658 rationes
1642 2617 1751 2658 fieri·
1772 2631 1904 2671 posse
1944 2624 2089 2671 negat.

1285 2675 1372 2716 Sed
1388 2686 1470 2715 non
1483 2676 1619 2715 multo
1633 2676 1758 2716 aliter
1771 2675 1906 2726 Legg.
1920 2677 2004 2716 111.
2019 2679 2085 2715 Lc.

1285 2739 1328 2774 et
1358 2732 1598 2785 Xenoph.
1635 2733 1792 2786 Cyrop.
1825 2735 1905 2773 VI.
1938 2735 1984 2784 Ι,
2016 2733 2087 2777 18.

1285 2798 1333 2831 ut
1365 2791 1450 2832 alia
1483 2794 1716 2834 taceamus,
1756 2790 1942 2831 Accedit
1971 2792 2086 2843 quod

1283 2849 1354 2889 hic
1399 2849 1687 2889 nominativus
1736 2848 2088 2889 accommodatus

1286 2911 1354 2947 est
1384 2907 1671 2958 antegressis:
1719 2903 1966 2946 διασκοπῶν
2006 2900 2089 2947 οὖν

1286 2977 1456 3004 τουτον.

1345 3021 1392 3063 D.
1443 3017 1579 3071 πρὸς
1616 3019 1856 3071 ἐμαυτὸν
1887 3045 1944 3051 -
1977 3019 2086 3061 ἐλο-

1286 3075 1546 3134 γιζόμηι]
1597 3078 1634 3119 h
1677 3093 1712 3122 e.
1757 3091 1963 3120 mecum
2001 3092 2087 3120 co—

1285 3138 1558 3194 gitabam,
1596 3141 1643 3177 ut
1676 3135 1893 3178 Phaedon.
1938 3150 1975 3180 c.
2013 3136 2086 3181 45.

1285 3170 1398 3247 πρὸς
1458 3191 1642 3244 ἐμαυτὸν
1695 3190 1978 3244 σκεψάμενος,
2043 3199 2087 3235 et

1286 3252 1577 3305 Euthyphrou.
1610 3267 1649 3304 p.
1677 3253 1719 3295 9.
1753 3253 1800 3291 Β.
1824 3250 1935 3304 πρὸς
1957 3250 2085 3301 ἐμαυ

1287 3307 1362 3351 τὸν
1401 3311 1560 3350 σκοπῶ.
1629 3310 1691 3350 De
1730 3309 1870 3350 verbis
1912 3306 2086 3362 ὥςπερ

1287 3362 1385 3408 οὖν
1430 3363 1530 3407 οὐκ
1571 3361 1696 3408 οἰδα
1735 3380 1776 3408 ν.
1817 3366 1868 3406 ad
1905 3367 2087 3409 Phaedr.
