<?xml version="1.0" encoding="UTF-8"?>
<!DOCTYPE html PUBLIC "-//W3C//DTD XHTML 1.0 Transitional//EN"
    "http://www.w3.org/TR/xhtml1/DTD/xhtml1-transitional.dtd">
<html xmlns="http://www.w3.org/1999/xhtml" xml:lang="en" lang="en">
 <head>
  <title>
</title>
<meta http-equiv="Content-Type" content="text/html;charset=utf-8" />
  <meta name='ocr-system' content='tesseract 3.04.00' />
  <meta name='ocr-capabilities' content='ocr_page ocr_carea ocr_par ocr_line ocrx_word'/>
</head>
<body>
  <div class='ocr_page' id='page_1' title='image "./operaomniarecens01platuoft_0691.png"; bbox 0 0 2158 3718; ppageno 0'>
   <div class='ocr_carea' id='block_1_1' title="bbox 0 2002 37 3718">
    <p class='ocr_par' dir='ltr' id='par_1_1' title="bbox 0 2002 37 3718">
     <span class='ocr_line' id='line_1_1' title="bbox 0 2002 37 3718; baseline 0 0"><span class='ocrx_word' id='word_1_1' title='bbox 0 2002 37 3718; x_wconf 95' lang='lat' dir='ltr'> </span> 
     </span>
    </p>
   </div>
   <div class='ocr_carea' id='block_1_2' title="bbox 586 183 1737 229">
    <p class='ocr_par' dir='ltr' id='par_1_2' title="bbox 586 183 1737 229">
     <span class='ocr_line' id='line_1_2' title="bbox 586 183 1737 229; baseline 0.005 -10"><span class='ocrx_word' id='word_1_2' title='bbox 586 226 590 229; x_wconf 44' lang='lat'>.</span> <span class='ocrx_word' id='word_1_3' title='bbox 659 184 738 220; x_wconf 79' lang='lat' dir='ltr'>AD</span> <span class='ocrx_word' id='word_1_4' title='bbox 778 183 1136 223; x_wconf 74' lang='lat' dir='ltr'>SYMPOSJUM.</span> <span class='ocrx_word' id='word_1_5' title='bbox 1593 188 1737 226; x_wconf 81' lang='lat' dir='ltr'>XLIX</span> 
     </span>
    </p>
   </div>
   <div class='ocr_carea' id='block_1_3' title="bbox 0 309 1748 3348">
    <p class='ocr_par' dir='ltr' id='par_1_3' title="bbox 0 309 1748 3348">
     <span class='ocr_line' id='line_1_3' title="bbox 46 309 1736 380; baseline 0.002 -19"><span class='ocrx_word' id='word_1_6' title='bbox 46 310 262 365; x_wconf 84' lang='lat' dir='ltr'>rabilem</span> <span class='ocrx_word' id='word_1_7' title='bbox 299 310 406 363; x_wconf 90' lang='lat' dir='ltr'>vim</span> <span class='ocrx_word' id='word_1_8' title='bbox 445 327 745 364; x_wconf 91' lang='lat' dir='ltr'>sermonum</span> <span class='ocrx_word' id='word_1_9' title='bbox 782 309 1099 377; x_wconf 90' lang='lat' dir='ltr'>divinorum,</span> <span class='ocrx_word' id='word_1_10' title='bbox 1139 329 1272 380; x_wconf 91' lang='lat' dir='ltr'>quos</span> <span class='ocrx_word' id='word_1_11' title='bbox 1311 330 1343 363; x_wconf 94' lang='lat' dir='ltr'>a</span> <span class='ocrx_word' id='word_1_12' title='bbox 1381 309 1602 364; x_wconf 84' lang='lat' dir='ltr'>Socrate</span> <span class='ocrx_word' id='word_1_13' title='bbox 1639 331 1736 364; x_wconf 87' lang='lat' dir='ltr'>au-</span> 
     </span>
     <span class='ocr_line' id='line_1_4' title="bbox 49 380 1739 449; baseline 0.002 -16"><span class='ocrx_word' id='word_1_14' title='bbox 49 381 257 435; x_wconf 85' lang='lat' dir='ltr'>diverit.</span> <span class='ocrx_word' id='word_1_15' title='bbox 295 380 406 434; x_wconf 89' lang='lat' dir='ltr'>Hic</span> <span class='ocrx_word' id='word_1_16' title='bbox 430 400 586 444; x_wconf 89' lang='lat' dir='ltr'>unus,</span> <span class='ocrx_word' id='word_1_17' title='bbox 623 381 812 449; x_wconf 84' lang='lat' dir='ltr'>inquit,</span> <span class='ocrx_word' id='word_1_18' title='bbox 851 383 1085 435; x_wconf 92' lang='lat' dir='ltr'>omnium</span> <span class='ocrx_word' id='word_1_19' title='bbox 1111 391 1191 436; x_wconf 92' lang='lat' dir='ltr'>est</span> <span class='ocrx_word' id='word_1_20' title='bbox 1226 382 1544 447; x_wconf 86' lang='lat' dir='ltr'><strong>mortalium,</strong></span> <span class='ocrx_word' id='word_1_21' title='bbox 1588 382 1739 436; x_wconf 85' lang='lat' dir='ltr'>cuius</span> 
     </span>
     <span class='ocr_line' id='line_1_5' title="bbox 46 452 1738 524; baseline 0.001 -19"><span class='ocrx_word' id='word_1_22' title='bbox 46 453 282 506; x_wconf 88' lang='lat' dir='ltr'>oratione</span> <span class='ocrx_word' id='word_1_23' title='bbox 316 452 392 505; x_wconf 90' lang='lat' dir='ltr'>ita</span> <span class='ocrx_word' id='word_1_24' title='bbox 415 470 629 505; x_wconf 88' lang='lat' dir='ltr'>moveor</span> <span class='ocrx_word' id='word_1_25' title='bbox 653 469 713 504; x_wconf 87' lang='lat' dir='ltr'>ao</span> <span class='ocrx_word' id='word_1_26' title='bbox 737 453 1010 522; x_wconf 86' lang='lat' dir='ltr'>percellor,</span> <span class='ocrx_word' id='word_1_27' title='bbox 1049 462 1110 505; x_wconf 93' lang='lat' dir='ltr'>ut</span> <span class='ocrx_word' id='word_1_28' title='bbox 1132 453 1237 506; x_wconf 91' lang='lat' dir='ltr'>mei</span> <span class='ocrx_word' id='word_1_29' title='bbox 1269 452 1442 522; x_wconf 88' lang='lat' dir='ltr'>ipsius</span> <span class='ocrx_word' id='word_1_30' title='bbox 1467 473 1553 506; x_wconf 91' lang='lat' dir='ltr'>me</span> <span class='ocrx_word' id='word_1_31' title='bbox 1579 472 1738 524; x_wconf 82' lang='lat' dir='ltr'>saepe</span> 
     </span>
     <span class='ocr_line' id='line_1_6' title="bbox 46 522 1740 593; baseline 0.001 -18"><span class='ocrx_word' id='word_1_32' title='bbox 46 523 331 593; x_wconf 89' lang='lat' dir='ltr'>poeniteat.</span> <span class='ocrx_word' id='word_1_33' title='bbox 366 522 531 575; x_wconf 90' lang='lat' dir='ltr'>Hunc</span> <span class='ocrx_word' id='word_1_34' title='bbox 567 541 732 575; x_wconf 90' lang='lat' dir='ltr'>unum</span> <span class='ocrx_word' id='word_1_35' title='bbox 768 542 1044 586; x_wconf 85' lang='lat' dir='ltr'>revereor3</span> <span class='ocrx_word' id='word_1_36' title='bbox 1081 523 1205 577; x_wconf 93' lang='lat' dir='ltr'>huic</span> <span class='ocrx_word' id='word_1_37' title='bbox 1240 523 1441 577; x_wconf 89' lang='lat' dir='ltr'>invitus</span> <span class='ocrx_word' id='word_1_38' title='bbox 1474 523 1740 592; x_wconf 89' lang='lat' dir='ltr'>obsequor</span> 
     </span>
     <span class='ocr_line' id='line_1_7' title="bbox 45 593 1739 665; baseline 0.002 -20"><span class='ocrx_word' id='word_1_39' title='bbox 45 603 202 662; x_wconf 82' lang='lat' dir='ltr'>atque</span> <span class='ocrx_word' id='word_1_40' title='bbox 246 611 439 663; x_wconf 88' lang='lat' dir='ltr'>pare0,</span> <span class='ocrx_word' id='word_1_41' title='bbox 487 593 563 646; x_wconf 91' lang='lat' dir='ltr'>ita</span> <span class='ocrx_word' id='word_1_42' title='bbox 608 602 669 645; x_wconf 90' lang='lat' dir='ltr'>ut</span> <span class='ocrx_word' id='word_1_43' title='bbox 717 612 778 646; x_wconf 91' lang='lat' dir='ltr'>eo</span> <span class='ocrx_word' id='word_1_44' title='bbox 823 603 1102 664; x_wconf 82' lang='lat' dir='ltr'>praesente</span> <span class='ocrx_word' id='word_1_45' title='bbox 1138 611 1336 665; x_wconf 84' lang='lat' dir='ltr'>negare</span> <span class='ocrx_word' id='word_1_46' title='bbox 1373 614 1479 647; x_wconf 91' lang='lat' dir='ltr'>non</span> <span class='ocrx_word' id='word_1_47' title='bbox 1516 596 1739 649; x_wconf 86' lang='lat' dir='ltr'>audeam</span> 
     </span>
     <span class='ocr_line' id='line_1_8' title="bbox 45 664 1740 735; baseline 0.003 -20"><span class='ocrx_word' id='word_1_48' title='bbox 45 664 284 717; x_wconf 85' lang='lat' dir='ltr'>facienda</span> <span class='ocrx_word' id='word_1_49' title='bbox 320 682 435 717; x_wconf 90' lang='lat' dir='ltr'>esse</span> <span class='ocrx_word' id='word_1_50' title='bbox 473 664 675 728; x_wconf 86' lang='lat' dir='ltr'>omnia,</span> <span class='ocrx_word' id='word_1_51' title='bbox 724 683 863 733; x_wconf 85' lang='lat' dir='ltr'>quae</span> <span class='ocrx_word' id='word_1_52' title='bbox 900 666 1017 735; x_wconf 91' lang='lat' dir='ltr'>ipse</span> <span class='ocrx_word' id='word_1_53' title='bbox 1052 666 1293 730; x_wconf 88' lang='lat' dir='ltr'>iusserit,</span> <span class='ocrx_word' id='word_1_54' title='bbox 1339 665 1491 729; x_wconf 91' lang='lat' dir='ltr'>licet,</span> <span class='ocrx_word' id='word_1_55' title='bbox 1540 666 1634 720; x_wconf 88' lang='lat' dir='ltr'>ubi</span> <span class='ocrx_word' id='word_1_56' title='bbox 1671 666 1740 720; x_wconf 86' lang='lat' dir='ltr'>ab</span> 
     </span>
     <span class='ocr_line' id='line_1_9' title="bbox 47 727 1741 797; baseline 0.002 -11"><span class='ocrx_word' id='word_1_57' title='bbox 47 753 109 787; x_wconf 90' lang='lat' dir='ltr'>eo</span> <span class='ocrx_word' id='word_1_58' title='bbox 147 734 389 797; x_wconf 82' lang='lat' dir='ltr'>discessi,</span> <span class='ocrx_word' id='word_1_59' title='bbox 426 754 611 787; x_wconf 91' lang='lat' dir='ltr'>rursus</span> <span class='ocrx_word' id='word_1_60' title='bbox 635 735 781 787; x_wconf 88' lang='lat' dir='ltr'>inani</span> <span class='ocrx_word' id='word_1_61' title='bbox 806 736 1081 789; x_wconf 86' lang='lat' dir='ltr'>ambitioni</span> <span class='ocrx_word' id='word_1_62' title='bbox 1106 737 1320 790; x_wconf 89' lang='lat' dir='ltr'>deditus</span> <span class='ocrx_word' id='word_1_63' title='bbox 1345 737 1413 788; x_wconf 92' lang='lat' dir='ltr'>ad</span> <span class='ocrx_word' id='word_1_64' title='bbox 1437 736 1540 789; x_wconf 90' lang='lat' dir='ltr'>alia</span> <span class='ocrx_word' id='word_1_65' title='bbox 1563 727 1741 789; x_wconf 78' lang='lat' dir='ltr'>omnia</span> 
     </span>
     <span class='ocr_line' id='line_1_10' title="bbox 46 803 1738 879; baseline 0.001 -21"><span class='ocrx_word' id='word_1_66' title='bbox 46 804 297 874; x_wconf 89' lang='lat' dir='ltr'>abripiar.</span> <span class='ocrx_word' id='word_1_67' title='bbox 337 803 696 871; x_wconf 82' lang='lat' dir='ltr'>Quamobrem</span> <span class='ocrx_word' id='word_1_68' title='bbox 734 825 854 858; x_wconf 91' lang='lat' dir='ltr'>eum</span> <span class='ocrx_word' id='word_1_69' title='bbox 893 808 1076 860; x_wconf 91' lang='lat' dir='ltr'>sedulo</span> <span class='ocrx_word' id='word_1_70' title='bbox 1114 807 1222 861; x_wconf 88' lang='lat' dir='ltr'>vito</span> <span class='ocrx_word' id='word_1_71' title='bbox 1259 826 1322 860; x_wconf 91' lang='lat' dir='ltr'>ac</span> <span class='ocrx_word' id='word_1_72' title='bbox 1357 826 1524 878; x_wconf 86' lang='lat' dir='ltr'>prope</span> <span class='ocrx_word' id='word_1_73' title='bbox 1561 807 1738 879; x_wconf 82' lang='lat' dir='ltr'>fugi03</span> 
     </span>
     <span class='ocr_line' id='line_1_11' title="bbox 44 877 1739 949; baseline 0.002 -21"><span class='ocrx_word' id='word_1_74' title='bbox 44 889 207 944; x_wconf 88' lang='lat' dir='ltr'>quum</span> <span class='ocrx_word' id='word_1_75' title='bbox 243 883 421 929; x_wconf 89' lang='lat' dir='ltr'>autem</span> <span class='ocrx_word' id='word_1_76' title='bbox 458 877 614 929; x_wconf 90' lang='lat' dir='ltr'>video</span> <span class='ocrx_word' id='word_1_77' title='bbox 624 916 639 940; x_wconf 96' lang='lat'>,</span> <span class='ocrx_word' id='word_1_78' title='bbox 689 877 857 947; x_wconf 90' lang='lat' dir='ltr'>pudet</span> <span class='ocrx_word' id='word_1_79' title='bbox 901 897 985 930; x_wconf 90' lang='lat' dir='ltr'>me</span> <span class='ocrx_word' id='word_1_80' title='bbox 1030 878 1407 948; x_wconf 90' lang='lat' dir='ltr'>promissorum</span> <span class='ocrx_word' id='word_1_81' title='bbox 1444 878 1550 949; x_wconf 87' lang='lat' dir='ltr'>ipsi</span> <span class='ocrx_word' id='word_1_82' title='bbox 1587 878 1739 932; x_wconf 88' lang='lat' dir='ltr'>dato-</span> 
     </span>
     <span class='ocr_line' id='line_1_12' title="bbox 43 947 1739 1029; baseline 0.002 -31"><span class='ocrx_word' id='word_1_83' title='bbox 43 965 164 999; x_wconf 87' lang='lat' dir='ltr'>rum</span> <span class='ocrx_word' id='word_1_84' title='bbox 201 947 536 1018; x_wconf 85' lang='lat' dir='ltr'>turpiterque</span> <span class='ocrx_word' id='word_1_85' title='bbox 572 949 953 1029; x_wconf 80' lang='lat' dir='ltr'>neglectorum.</span> <span class='ocrx_word' id='word_1_86' title='bbox 993 947 1141 1014; x_wconf 80' lang='lat' dir='ltr'>Quin</span> <span class='ocrx_word' id='word_1_87' title='bbox 1165 949 1322 1001; x_wconf 89' lang='lat' dir='ltr'>etiam</span> <span class='ocrx_word' id='word_1_88' title='bbox 1345 957 1525 1019; x_wconf 90' lang='lat' dir='ltr'>optem</span> <span class='ocrx_word' id='word_1_89' title='bbox 1550 968 1739 1020; x_wconf 88' lang='lat' dir='ltr'>saepe-</span> 
     </span>
     <span class='ocr_line' id='line_1_13' title="bbox 43 1018 1740 1083; baseline 0.001 -13"><span class='ocrx_word' id='word_1_90' title='bbox 43 1035 293 1080; x_wconf 86' lang='lat' dir='ltr'>numerO,</span> <span class='ocrx_word' id='word_1_91' title='bbox 331 1026 392 1070; x_wconf 91' lang='lat' dir='ltr'>ut</span> <span class='ocrx_word' id='word_1_92' title='bbox 425 1019 513 1071; x_wconf 92' lang='lat' dir='ltr'>ille</span> <span class='ocrx_word' id='word_1_93' title='bbox 552 1037 580 1071; x_wconf 90' lang='lat' dir='ltr'>e</span> <span class='ocrx_word' id='word_1_94' title='bbox 617 1027 729 1070; x_wconf 80' lang='lat' dir='ltr'>vlta</span> <span class='ocrx_word' id='word_1_95' title='bbox 762 1018 1017 1079; x_wconf 83' lang='lat' dir='ltr'>decedat3</span> <span class='ocrx_word' id='word_1_96' title='bbox 1066 1026 1118 1071; x_wconf 93' lang='lat' dir='ltr'>et</span> <span class='ocrx_word' id='word_1_97' title='bbox 1155 1027 1332 1071; x_wconf 88' lang='lat' dir='ltr'>tamen</span> <span class='ocrx_word' id='word_1_98' title='bbox 1371 1019 1482 1072; x_wconf 89' lang='lat' dir='ltr'>scio</span> <span class='ocrx_word' id='word_1_99' title='bbox 1522 1038 1628 1083; x_wconf 91' lang='lat' dir='ltr'>me,</span> <span class='ocrx_word' id='word_1_100' title='bbox 1695 1021 1740 1072; x_wconf 93' lang='lat' dir='ltr'>si</span> 
     </span>
     <span class='ocr_line' id='line_1_14' title="bbox 42 1087 1737 1158; baseline 0.001 -18"><span class='ocrx_word' id='word_1_101' title='bbox 42 1087 101 1140; x_wconf 88' lang='lat' dir='ltr'>id</span> <span class='ocrx_word' id='word_1_102' title='bbox 153 1088 430 1152; x_wconf 88' lang='lat' dir='ltr'>acciderit,</span> <span class='ocrx_word' id='word_1_103' title='bbox 488 1089 646 1158; x_wconf 84' lang='lat' dir='ltr'>longe</span> <span class='ocrx_word' id='word_1_104' title='bbox 700 1088 928 1141; x_wconf 89' lang='lat' dir='ltr'>maximo</span> <span class='ocrx_word' id='word_1_105' title='bbox 977 1089 1158 1141; x_wconf 89' lang='lat' dir='ltr'>dolore</span> <span class='ocrx_word' id='word_1_106' title='bbox 1203 1107 1265 1141; x_wconf 92' lang='lat' dir='ltr'>ac</span> <span class='ocrx_word' id='word_1_107' title='bbox 1313 1108 1554 1142; x_wconf 90' lang='lat' dir='ltr'>moerore</span> <span class='ocrx_word' id='word_1_108' title='bbox 1605 1090 1737 1142; x_wconf 83' lang='lat' dir='ltr'>affe-</span> 
     </span>
     <span class='ocr_line' id='line_1_15' title="bbox 48 1156 1740 1213; baseline 0 -2"><span class='ocrx_word' id='word_1_109' title='bbox 48 1166 194 1212; x_wconf 85' lang='lat' dir='ltr'>ctum</span> <span class='ocrx_word' id='word_1_110' title='bbox 226 1158 310 1211; x_wconf 90' lang='lat' dir='ltr'>iri.</span> <span class='ocrx_word' id='word_1_111' title='bbox 350 1157 492 1211; x_wconf 86' lang='lat' dir='ltr'>Tum</span> <span class='ocrx_word' id='word_1_112' title='bbox 529 1177 654 1211; x_wconf 90' lang='lat' dir='ltr'>vero</span> <span class='ocrx_word' id='word_1_113' title='bbox 679 1158 862 1211; x_wconf 89' lang='lat' dir='ltr'>laudat</span> <span class='ocrx_word' id='word_1_114' title='bbox 886 1158 1046 1211; x_wconf 91' lang='lat' dir='ltr'>etiam</span> <span class='ocrx_word' id='word_1_115' title='bbox 1069 1158 1323 1211; x_wconf 85' lang='lat' dir='ltr'>invictam</span> <span class='ocrx_word' id='word_1_116' title='bbox 1350 1156 1587 1212; x_wconf 86' lang='lat' dir='ltr'>Socratis</span> <span class='ocrx_word' id='word_1_117' title='bbox 1614 1179 1740 1213; x_wconf 85' lang='lat' dir='ltr'>con-</span> 
     </span>
     <span class='ocr_line' id='line_1_16' title="bbox 45 1227 1743 1299; baseline 0 -17"><span class='ocrx_word' id='word_1_118' title='bbox 45 1228 320 1282; x_wconf 90' lang='lat' dir='ltr'>tinentiam</span> <span class='ocrx_word' id='word_1_119' title='bbox 357 1237 410 1281; x_wconf 91' lang='lat' dir='ltr'>et</span> <span class='ocrx_word' id='word_1_120' title='bbox 445 1228 819 1282; x_wconf 84' lang='lat' dir='ltr'>abstinentiam</span> <span class='ocrx_word' id='word_1_121' title='bbox 856 1228 934 1299; x_wconf 90' lang='lat' dir='ltr'>(p.</span> <span class='ocrx_word' id='word_1_122' title='bbox 963 1229 1082 1281; x_wconf 88' lang='grc'><strong>216.</strong></span> <span class='ocrx_word' id='word_1_123' title='bbox 1110 1227 1157 1281; x_wconf 85' lang='lat' dir='ltr'>C</span> <span class='ocrx_word' id='word_1_124' title='bbox 1177 1276 1242 1281; x_wconf 66' lang='grc'>,-</span> <span class='ocrx_word' id='word_1_125' title='bbox 1265 1230 1385 1282; x_wconf 90' lang='grc'><strong>219.</strong></span> <span class='ocrx_word' id='word_1_126' title='bbox 1411 1229 1527 1298; x_wconf 87' lang='lat' dir='ltr'>E.),</span> <span class='ocrx_word' id='word_1_127' title='bbox 1560 1231 1743 1282; x_wconf 90' lang='lat' dir='ltr'>laudat</span> 
     </span>
     <span class='ocr_line' id='line_1_17' title="bbox 44 1298 1742 1368; baseline 0 -15"><span class='ocrx_word' id='word_1_128' title='bbox 44 1300 173 1353; x_wconf 88' lang='lat' dir='ltr'>item</span> <span class='ocrx_word' id='word_1_129' title='bbox 206 1298 619 1352; x_wconf 87' lang='lat' dir='ltr'>urbanissimam</span> <span class='ocrx_word' id='word_1_130' title='bbox 657 1300 771 1353; x_wconf 91' lang='lat' dir='ltr'>eius</span> <span class='ocrx_word' id='word_1_131' title='bbox 816 1299 1061 1363; x_wconf 87' lang='lat' dir='ltr'>ironiam,</span> <span class='ocrx_word' id='word_1_132' title='bbox 1112 1317 1220 1368; x_wconf 91' lang='lat' dir='ltr'>qua</span> <span class='ocrx_word' id='word_1_133' title='bbox 1268 1319 1384 1353; x_wconf 89' lang='lat' dir='ltr'>sese</span> <span class='ocrx_word' id='word_1_134' title='bbox 1429 1300 1559 1352; x_wconf 90' lang='lat' dir='ltr'>nihil</span> <span class='ocrx_word' id='word_1_135' title='bbox 1607 1301 1742 1354; x_wconf 89' lang='lat' dir='ltr'>scire</span> 
     </span>
     <span class='ocr_line' id='line_1_18' title="bbox 48 1369 1742 1441; baseline 0 -17"><span class='ocrx_word' id='word_1_136' title='bbox 48 1370 258 1424; x_wconf 84' lang='lat' dir='ltr'>simulet</span> <span class='ocrx_word' id='word_1_137' title='bbox 301 1378 459 1439; x_wconf 90' lang='lat' dir='ltr'>atque</span> <span class='ocrx_word' id='word_1_138' title='bbox 509 1371 668 1425; x_wconf 88' lang='lat' dir='ltr'>etiam</span> <span class='ocrx_word' id='word_1_139' title='bbox 718 1371 834 1424; x_wconf 86' lang='lat' dir='ltr'>aliis</span> <span class='ocrx_word' id='word_1_140' title='bbox 879 1369 1181 1424; x_wconf 90' lang='lat' dir='ltr'>hominibus</span> <span class='ocrx_word' id='word_1_141' title='bbox 1226 1378 1484 1441; x_wconf 91' lang='lat' dir='ltr'>perpetuo</span> <span class='ocrx_word' id='word_1_142' title='bbox 1518 1372 1742 1425; x_wconf 89' lang='lat' dir='ltr'>illudere</span> 
     </span>
     <span class='ocr_line' id='line_1_19' title="bbox 45 1440 1740 1513; baseline -0.001 -18"><span class='ocrx_word' id='word_1_143' title='bbox 45 1441 305 1495; x_wconf 87' lang='lat' dir='ltr'>videatur.</span> <span class='ocrx_word' id='word_1_144' title='bbox 345 1440 508 1508; x_wconf 79' lang='lat' dir='ltr'>Quod</span> <span class='ocrx_word' id='word_1_145' title='bbox 545 1450 713 1494; x_wconf 90' lang='lat' dir='ltr'>semet</span> <span class='ocrx_word' id='word_1_146' title='bbox 747 1441 928 1511; x_wconf 89' lang='lat' dir='ltr'>ipsum</span> <span class='ocrx_word' id='word_1_147' title='bbox 965 1441 1351 1495; x_wconf 83' lang='lat' dir='ltr'>adolescentem</span> <span class='ocrx_word' id='word_1_148' title='bbox 1387 1442 1511 1495; x_wconf 90' lang='lat' dir='ltr'>olim</span> <span class='ocrx_word' id='word_1_149' title='bbox 1550 1462 1740 1513; x_wconf 82' lang='lat' dir='ltr'>exper-</span> 
     </span>
     <span class='ocr_line' id='line_1_20' title="bbox 12 1512 1740 1582; baseline 0 -17"><span class='ocrx_word' id='word_1_150' title='bbox 12 1520 23 1527; x_wconf 66' lang='grc'>”</span> <span class='ocrx_word' id='word_1_151' title='bbox 46 1521 162 1565; x_wconf 91' lang='lat' dir='ltr'>tum</span> <span class='ocrx_word' id='word_1_152' title='bbox 197 1530 314 1566; x_wconf 90' lang='lat' dir='ltr'>esse</span> <span class='ocrx_word' id='word_1_153' title='bbox 349 1520 550 1577; x_wconf 90' lang='lat' dir='ltr'>narrat,</span> <span class='ocrx_word' id='word_1_154' title='bbox 602 1513 694 1582; x_wconf 91' lang='lat' dir='ltr'>qui</span> <span class='ocrx_word' id='word_1_155' title='bbox 728 1514 926 1565; x_wconf 87' lang='lat' dir='ltr'>frustra</span> <span class='ocrx_word' id='word_1_156' title='bbox 961 1512 1074 1565; x_wconf 91' lang='lat' dir='ltr'>eius</span> <span class='ocrx_word' id='word_1_157' title='bbox 1122 1513 1494 1566; x_wconf 83' lang='lat' dir='ltr'>continentiam</span> <span class='ocrx_word' id='word_1_158' title='bbox 1580 1514 1740 1566; x_wconf 86' lang='lat' dir='ltr'>ulcri-</span> 
     </span>
     <span class='ocr_line' id='line_1_21' title="bbox 46 1582 1741 1666; baseline 0.001 -31"><span class='ocrx_word' id='word_1_159' title='bbox 46 1582 246 1636; x_wconf 88' lang='lat' dir='ltr'>tudinis</span> <span class='ocrx_word' id='word_1_160' title='bbox 284 1602 424 1636; x_wconf 89' lang='lat' dir='ltr'>suae·</span> <span class='ocrx_word' id='word_1_161' title='bbox 447 1583 729 1637; x_wconf 85' lang='lat' dir='ltr'>lenociniis</span> <span class='ocrx_word' id='word_1_162' title='bbox 747 1582 1051 1648; x_wconf 90' lang='lat' dir='ltr'>tentaverit,</span> <span class='ocrx_word' id='word_1_163' title='bbox 1089 1602 1153 1637; x_wconf 92' lang='lat' dir='ltr'>ac</span> <span class='ocrx_word' id='word_1_164' title='bbox 1187 1584 1361 1666; x_wconf 88' lang='lat' dir='ltr'>potius</span> <span class='ocrx_word' id='word_1_165' title='bbox 1399 1584 1467 1636; x_wconf 84' lang='lat' dir='ltr'>ad</span> <span class='ocrx_word' id='word_1_166' title='bbox 1503 1603 1540 1655; x_wconf 94' lang='lat' dir='ltr'>p</span> <span class='ocrx_word' id='word_1_167' title='bbox 1582 1584 1741 1637; x_wconf 82' lang='lat' dir='ltr'>‘loso-</span> 
     </span>
     <span class='ocr_line' id='line_1_22' title="bbox 45 1653 1742 1724; baseline 0.001 -18"><span class='ocrx_word' id='word_1_168' title='bbox 45 1653 230 1724; x_wconf 91' lang='lat' dir='ltr'>phiam</span> <span class='ocrx_word' id='word_1_169' title='bbox 276 1654 609 1709; x_wconf 88' lang='lat' dir='ltr'>sermonibus</span> <span class='ocrx_word' id='word_1_170' title='bbox 662 1653 776 1708; x_wconf 92' lang='lat' dir='ltr'>eius</span> <span class='ocrx_word' id='word_1_171' title='bbox 823 1672 1112 1707; x_wconf 88' lang='lat' dir='ltr'>conversus</span> <span class='ocrx_word' id='word_1_172' title='bbox 1160 1663 1245 1707; x_wconf 90' lang='lat' dir='ltr'>s1t.</span> <span class='ocrx_word' id='word_1_173' title='bbox 1307 1653 1535 1721; x_wconf 79' lang='lat' dir='ltr'>Quibus·</span> <span class='ocrx_word' id='word_1_174' title='bbox 1566 1655 1742 1709; x_wconf 86' lang='lat' dir='ltr'>verbis</span> 
     </span>
     <span class='ocr_line' id='line_1_23' title="bbox 44 1723 1741 1795; baseline 0.001 -18"><span class='ocrx_word' id='word_1_175' title='bbox 44 1742 200 1777; x_wconf 91' lang='lat' dir='ltr'>nemo</span> <span class='ocrx_word' id='word_1_176' title='bbox 237 1733 319 1778; x_wconf 90' lang='lat' dir='ltr'>est</span> <span class='ocrx_word' id='word_1_177' title='bbox 353 1724 484 1794; x_wconf 90' lang='lat' dir='ltr'>quin</span> <span class='ocrx_word' id='word_1_178' title='bbox 522 1733 707 1795; x_wconf 87' lang='lat' dir='ltr'>sponte</span> <span class='ocrx_word' id='word_1_179' title='bbox 751 1723 933 1778; x_wconf 86' lang='lat' dir='ltr'>videat</span> <span class='ocrx_word' id='word_1_180' title='bbox 980 1724 1239 1778; x_wconf 86' lang='lat' dir='ltr'>confutari</span> <span class='ocrx_word' id='word_1_181' title='bbox 1282 1725 1449 1778; x_wconf 89' lang='lat' dir='ltr'>malas</span> <span class='ocrx_word' id='word_1_182' title='bbox 1492 1725 1741 1778; x_wconf 89' lang='lat' dir='ltr'>crimina-</span> 
     </span>
     <span class='ocr_line' id='line_1_24' title="bbox 47 1794 1738 1866; baseline 0.001 -19"><span class='ocrx_word' id='word_1_183' title='bbox 47 1796 221 1849; x_wconf 88' lang='lat' dir='ltr'>tiones</span> <span class='ocrx_word' id='word_1_184' title='bbox 258 1794 346 1849; x_wconf 90' lang='lat' dir='ltr'>vel</span> <span class='ocrx_word' id='word_1_185' title='bbox 383 1795 731 1866; x_wconf 92' lang='lat' dir='ltr'>suspiciones,</span> <span class='ocrx_word' id='word_1_186' title='bbox 781 1795 974 1865; x_wconf 90' lang='lat' dir='ltr'>quibus</span> <span class='ocrx_word' id='word_1_187' title='bbox 1017 1796 1238 1849; x_wconf 90' lang='lat' dir='ltr'>iuvenes</span> <span class='ocrx_word' id='word_1_188' title='bbox 1286 1815 1624 1866; x_wconf 89' lang='lat' dir='ltr'>corrumpere</span> <span class='ocrx_word' id='word_1_189' title='bbox 1658 1798 1738 1849; x_wconf 84' lang='lat' dir='ltr'>fe-</span> 
     </span>
     <span class='ocr_line' id='line_1_25' title="bbox 46 1866 1740 1935; baseline 0.001 -16"><span class='ocrx_word' id='word_1_190' title='bbox 46 1866 280 1931; x_wconf 80' lang='lat' dir='ltr'>rebatur,</span> <span class='ocrx_word' id='word_1_191' title='bbox 329 1884 495 1935; x_wconf 91' lang='lat' dir='ltr'>quum</span> <span class='ocrx_word' id='word_1_192' title='bbox 540 1875 716 1919; x_wconf 92' lang='lat' dir='ltr'>tamen</span> <span class='ocrx_word' id='word_1_193' title='bbox 762 1884 854 1919; x_wconf 92' lang='lat' dir='ltr'>eos</span> <span class='ocrx_word' id='word_1_194' title='bbox 891 1866 1220 1920; x_wconf 87' lang='lat' dir='ltr'>sanctissime</span> <span class='ocrx_word' id='word_1_195' title='bbox 1258 1867 1327 1919; x_wconf 90' lang='lat' dir='ltr'>ad</span> <span class='ocrx_word' id='word_1_196' title='bbox 1363 1867 1613 1920; x_wconf 88' lang='lat' dir='ltr'>virtutem</span> <span class='ocrx_word' id='word_1_197' title='bbox 1651 1886 1740 1920; x_wconf 90' lang='lat' dir='ltr'>co-</span> 
     </span>
     <span class='ocr_line' id='line_1_26' title="bbox 0 1935 1740 2008; baseline -0.001 -18"><span class='ocrx_word' id='word_1_198' title='bbox 0 1943 1 1966; x_wconf 59' lang='lat'><em>*</em></span> <span class='ocrx_word' id='word_1_199' title='bbox 45 1937 258 1990; x_wconf 85' lang='lat' dir='ltr'>leudam</span> <span class='ocrx_word' id='word_1_200' title='bbox 290 1936 593 1990; x_wconf 88' lang='lat' dir='ltr'>hortaretur</span> <span class='ocrx_word' id='word_1_201' title='bbox 629 1935 684 1991; x_wconf 85' lang='lat' dir='ltr'>et</span> <span class='ocrx_word' id='word_1_202' title='bbox 717 1937 1030 2007; x_wconf 89' lang='lat' dir='ltr'>impelleret.</span> <span class='ocrx_word' id='word_1_203' title='bbox 1083 1935 1195 1990; x_wconf 84' lang='lat' dir='ltr'>Sed</span> <span class='ocrx_word' id='word_1_204' title='bbox 1238 1937 1461 2008; x_wconf 90' lang='lat' dir='ltr'>propius</span> <span class='ocrx_word' id='word_1_205' title='bbox 1510 1938 1579 1989; x_wconf 85' lang='lat' dir='ltr'>ad</span> <span class='ocrx_word' id='word_1_206' title='bbox 1621 1936 1740 1989; x_wconf 92' lang='lat' dir='ltr'>Nu-</span> 
     </span>
     <span class='ocr_line' id='line_1_27' title="bbox 45 2006 1741 2079; baseline -0.001 -17"><span class='ocrx_word' id='word_1_207' title='bbox 45 2008 196 2062; x_wconf 90' lang='lat' dir='ltr'>bium</span> <span class='ocrx_word' id='word_1_208' title='bbox 231 2016 606 2078; x_wconf 88' lang='lat' dir='ltr'>argumentum</span> <span class='ocrx_word' id='word_1_209' title='bbox 641 2009 915 2079; x_wconf 83' lang='lat' dir='ltr'>pertinent</span> <span class='ocrx_word' id='word_1_210' title='bbox 947 2027 1026 2071; x_wconf 88' lang='lat' dir='ltr'>ea,</span> <span class='ocrx_word' id='word_1_211' title='bbox 1063 2026 1202 2076; x_wconf 91' lang='lat' dir='ltr'>quae</span> <span class='ocrx_word' id='word_1_212' title='bbox 1226 2008 1351 2060; x_wconf 91' lang='lat' dir='ltr'>inde</span> <span class='ocrx_word' id='word_1_213' title='bbox 1388 2027 1420 2059; x_wconf 90' lang='lat' dir='ltr'>a</span> <span class='ocrx_word' id='word_1_214' title='bbox 1444 2027 1497 2077; x_wconf 91' lang='lat' dir='ltr'>p.</span> <span class='ocrx_word' id='word_1_215' title='bbox 1524 2008 1645 2060; x_wconf 88' lang='grc'><strong>220.</strong></span> <span class='ocrx_word' id='word_1_216' title='bbox 1676 2006 1741 2061; x_wconf 87' lang='lat' dir='ltr'>C.</span> 
     </span>
     <span class='ocr_line' id='line_1_28' title="bbox 49 2076 1740 2133; baseline 0.001 -2"><span class='ocrx_word' id='word_1_217' title='bbox 49 2079 116 2132; x_wconf 90' lang='lat' dir='ltr'>de</span> <span class='ocrx_word' id='word_1_218' title='bbox 142 2076 365 2133; x_wconf 88' lang='lat' dir='ltr'>Socrate</span> <span class='ocrx_word' id='word_1_219' title='bbox 400 2088 701 2132; x_wconf 91' lang='lat' dir='ltr'>narrantur.</span> <span class='ocrx_word' id='word_1_220' title='bbox 737 2078 876 2132; x_wconf 91' lang='lat' dir='ltr'>Nam</span> <span class='ocrx_word' id='word_1_221' title='bbox 902 2079 959 2131; x_wconf 93' lang='lat' dir='ltr'>in</span> <span class='ocrx_word' id='word_1_222' title='bbox 981 2078 1230 2131; x_wconf 88' lang='lat' dir='ltr'>Nubibus</span> <span class='ocrx_word' id='word_1_223' title='bbox 1255 2078 1342 2132; x_wconf 91' lang='lat' dir='ltr'>ille</span> <span class='ocrx_word' id='word_1_224' title='bbox 1366 2078 1570 2131; x_wconf 89' lang='lat' dir='ltr'>ridetur</span> <span class='ocrx_word' id='word_1_225' title='bbox 1605 2087 1740 2132; x_wconf 90' lang='lat' dir='ltr'>tam-</span> 
     </span>
     <span class='ocr_line' id='line_1_29' title="bbox 48 2149 1740 2220; baseline 0.001 -19"><span class='ocrx_word' id='word_1_226' title='bbox 48 2167 208 2218; x_wconf 90' lang='lat' dir='ltr'>quam</span> <span class='ocrx_word' id='word_1_227' title='bbox 242 2149 457 2220; x_wconf 87' lang='lat' dir='ltr'>ineptus</span> <span class='ocrx_word' id='word_1_228' title='bbox 484 2149 738 2219; x_wconf 87' lang='lat' dir='ltr'>sophista,</span> <span class='ocrx_word' id='word_1_229' title='bbox 779 2149 872 2218; x_wconf 93' lang='lat' dir='ltr'>qui</span> <span class='ocrx_word' id='word_1_230' title='bbox 895 2149 1142 2203; x_wconf 87' lang='lat' dir='ltr'>inanibus</span> <span class='ocrx_word' id='word_1_231' title='bbox 1174 2149 1575 2218; x_wconf 86' lang='lat' dir='ltr'>quaestionibus</span> <span class='ocrx_word' id='word_1_232' title='bbox 1610 2168 1740 2220; x_wconf 89' lang='lat' dir='ltr'>ope-</span> 
     </span>
     <span class='ocr_line' id='line_1_30' title="bbox 8 2218 1745 2290; baseline 0.001 -21"><span class='ocrx_word' id='word_1_233' title='bbox 8 2266 9 2269; x_wconf 65' lang='lat'>,</span> <span class='ocrx_word' id='word_1_234' title='bbox 48 2239 163 2273; x_wconf 86' lang='lat' dir='ltr'>ram</span> <span class='ocrx_word' id='word_1_235' title='bbox 200 2219 307 2283; x_wconf 89' lang='lat' dir='ltr'>det,</span> <span class='ocrx_word' id='word_1_236' title='bbox 346 2220 480 2273; x_wconf 89' lang='lat' dir='ltr'>adeo</span> <span class='ocrx_word' id='word_1_237' title='bbox 515 2228 577 2272; x_wconf 91' lang='lat' dir='ltr'>ut</span> <span class='ocrx_word' id='word_1_238' title='bbox 612 2220 773 2272; x_wconf 90' lang='lat' dir='ltr'>etiam</span> <span class='ocrx_word' id='word_1_239' title='bbox 809 2220 1047 2290; x_wconf 89' lang='lat' dir='ltr'>pulicum</span> <span class='ocrx_word' id='word_1_240' title='bbox 1087 2220 1252 2272; x_wconf 88' lang='lat' dir='ltr'>saltus</span> <span class='ocrx_word' id='word_1_241' title='bbox 1289 2220 1552 2273; x_wconf 86' lang='lat' dir='ltr'>metiatur.</span> <span class='ocrx_word' id='word_1_242' title='bbox 1594 2218 1745 2286; x_wconf 84' lang='lat' dir='ltr'>Quid</span> 
     </span>
     <span class='ocr_line' id='line_1_31' title="bbox 50 2287 1745 2363; baseline -0.001 -19"><span class='ocrx_word' id='word_1_243' title='bbox 50 2309 180 2344; x_wconf 88' lang='lat' dir='ltr'>vero</span> <span class='ocrx_word' id='word_1_244' title='bbox 215 2290 358 2344; x_wconf 89' lang='lat' dir='ltr'>idem</span> <span class='ocrx_word' id='word_1_245' title='bbox 394 2290 510 2363; x_wconf 87' lang='lat' dir='ltr'>agit</span> <span class='ocrx_word' id='word_1_246' title='bbox 543 2291 599 2343; x_wconf 93' lang='lat' dir='ltr'>in</span> <span class='ocrx_word' id='word_1_247' title='bbox 625 2287 947 2360; x_wconf 81' lang='lat' dir='ltr'>Symposio?</span> <span class='ocrx_word' id='word_1_248' title='bbox 982 2289 1249 2342; x_wconf 91' lang='lat' dir='ltr'>Nimirum</span> <span class='ocrx_word' id='word_1_249' title='bbox 1283 2290 1359 2343; x_wconf 93' lang='lat' dir='ltr'>ibi</span> <span class='ocrx_word' id='word_1_250' title='bbox 1395 2291 1533 2343; x_wconf 89' lang='lat' dir='ltr'>inter</span> <span class='ocrx_word' id='word_1_251' title='bbox 1567 2290 1745 2342; x_wconf 84' lang='lat' dir='ltr'>media</span> 
     </span>
     <span class='ocr_line' id='line_1_32' title="bbox 49 2359 1744 2432; baseline -0.001 -18"><span class='ocrx_word' id='word_1_252' title='bbox 49 2361 175 2415; x_wconf 90' lang='lat' dir='ltr'>belli</span> <span class='ocrx_word' id='word_1_253' title='bbox 210 2360 447 2432; x_wconf 90' lang='lat' dir='ltr'>pericula</span> <span class='ocrx_word' id='word_1_254' title='bbox 470 2369 626 2430; x_wconf 89' lang='lat' dir='ltr'>atque</span> <span class='ocrx_word' id='word_1_255' title='bbox 661 2359 871 2414; x_wconf 88' lang='lat' dir='ltr'>labores</span> <span class='ocrx_word' id='word_1_256' title='bbox 907 2361 963 2413; x_wconf 93' lang='lat' dir='ltr'>in</span> <span class='ocrx_word' id='word_1_257' title='bbox 1001 2361 1188 2412; x_wconf 90' lang='lat' dir='ltr'>castris</span> <span class='ocrx_word' id='word_1_258' title='bbox 1213 2360 1281 2412; x_wconf 90' lang='lat' dir='ltr'>ad</span> <span class='ocrx_word' id='word_1_259' title='bbox 1304 2359 1611 2414; x_wconf 89' lang='lat' dir='ltr'>Potidaeam</span> <span class='ocrx_word' id='word_1_260' title='bbox 1636 2379 1744 2412; x_wconf 91' lang='lat' dir='ltr'>non</span> 
     </span>
     <span class='ocr_line' id='line_1_33' title="bbox 49 2430 1742 2495; baseline -0.002 -10"><span class='ocrx_word' id='word_1_261' title='bbox 49 2431 209 2485; x_wconf 90' lang='lat' dir='ltr'>modo</span> <span class='ocrx_word' id='word_1_262' title='bbox 244 2432 496 2485; x_wconf 86' lang='lat' dir='ltr'>invictam</span> <span class='ocrx_word' id='word_1_263' title='bbox 534 2431 902 2495; x_wconf 90' lang='lat' dir='ltr'>constantiam,</span> <span class='ocrx_word' id='word_1_264' title='bbox 940 2430 1357 2484; x_wconf 89' lang='lat' dir='ltr'>moderationem</span> <span class='ocrx_word' id='word_1_265' title='bbox 1383 2439 1436 2483; x_wconf 91' lang='lat' dir='ltr'>et</span> <span class='ocrx_word' id='word_1_266' title='bbox 1470 2430 1742 2491; x_wconf 80' lang='lat' dir='ltr'>fortitudi-</span> 
     </span>
     <span class='ocr_line' id='line_1_34' title="bbox 50 2500 1745 2573; baseline 0 -18"><span class='ocrx_word' id='word_1_267' title='bbox 50 2518 174 2557; x_wconf 88' lang='lat' dir='ltr'>nem</span> <span class='ocrx_word' id='word_1_268' title='bbox 218 2511 466 2556; x_wconf 90' lang='lat' dir='ltr'>narratur</span> <span class='ocrx_word' id='word_1_269' title='bbox 509 2502 810 2566; x_wconf 89' lang='lat' dir='ltr'>retinuisse,</span> <span class='ocrx_word' id='word_1_270' title='bbox 861 2502 956 2555; x_wconf 90' lang='lat' dir='ltr'>sed</span> <span class='ocrx_word' id='word_1_271' title='bbox 1000 2501 1159 2554; x_wconf 89' lang='lat' dir='ltr'>etiam</span> <span class='ocrx_word' id='word_1_272' title='bbox 1202 2500 1364 2554; x_wconf 92' lang='lat' dir='ltr'>rebus</span> <span class='ocrx_word' id='word_1_273' title='bbox 1412 2502 1745 2573; x_wconf 85' lang='lat' dir='ltr'>gravissimis</span> 
     </span>
     <span class='ocr_line' id='line_1_35' title="bbox 51 2571 1744 2646; baseline 0 -20"><span class='ocrx_word' id='word_1_274' title='bbox 51 2573 393 2643; x_wconf 88' lang='lat' dir='ltr'>explorandis</span> <span class='ocrx_word' id='word_1_275' title='bbox 438 2573 571 2626; x_wconf 89' lang='lat' dir='ltr'>adeo</span> <span class='ocrx_word' id='word_1_276' title='bbox 620 2572 790 2626; x_wconf 90' lang='lat' dir='ltr'>fuisse</span> <span class='ocrx_word' id='word_1_277' title='bbox 836 2573 1092 2646; x_wconf 79' lang='lat' dir='ltr'>intentus,</span> <span class='ocrx_word' id='word_1_278' title='bbox 1141 2580 1200 2623; x_wconf 86' lang='lat' dir='ltr'>ut</span> <span class='ocrx_word' id='word_1_279' title='bbox 1245 2571 1526 2641; x_wconf 90' lang='lat' dir='ltr'>aliquando</span> <span class='ocrx_word' id='word_1_280' title='bbox 1565 2572 1744 2626; x_wconf 86' lang='lat' dir='ltr'>divino</span> 
     </span>
     <span class='ocr_line' id='line_1_36' title="bbox 53 2642 1743 2716; baseline -0.002 -18"><span class='ocrx_word' id='word_1_281' title='bbox 53 2644 207 2716; x_wconf 89' lang='lat' dir='ltr'>quasi</span> <span class='ocrx_word' id='word_1_282' title='bbox 245 2644 475 2714; x_wconf 90' lang='lat' dir='ltr'>quodam</span> <span class='ocrx_word' id='word_1_283' title='bbox 512 2645 689 2697; x_wconf 79' lang='lat' dir='ltr'>furore</span> <span class='ocrx_word' id='word_1_284' title='bbox 727 2652 1002 2712; x_wconf 86' lang='lat' dir='ltr'>correptus</span> <span class='ocrx_word' id='word_1_285' title='bbox 1038 2661 1137 2713; x_wconf 89' lang='lat' dir='ltr'>per</span> <span class='ocrx_word' id='word_1_286' title='bbox 1169 2642 1309 2695; x_wconf 90' lang='lat' dir='ltr'>diem</span> <span class='ocrx_word' id='word_1_287' title='bbox 1326 2643 1388 2694; x_wconf 76' lang='lat' dir='ltr'>&#39;et</span> <span class='ocrx_word' id='word_1_288' title='bbox 1411 2651 1621 2696; x_wconf 91' lang='lat' dir='ltr'>noctem</span> <span class='ocrx_word' id='word_1_289' title='bbox 1643 2644 1743 2696; x_wconf 85' lang='lat' dir='ltr'>im-</span> 
     </span>
     <span class='ocr_line' id='line_1_37' title="bbox 40 2713 1743 2778; baseline -0.002 -10"><span class='ocrx_word' id='word_1_290' title='bbox 40 2720 226 2774; x_wconf 81' lang='lat' dir='ltr'>motus</span> <span class='ocrx_word' id='word_1_291' title='bbox 245 2715 463 2778; x_wconf 90' lang='lat' dir='ltr'>steterit,</span> <span class='ocrx_word' id='word_1_292' title='bbox 487 2715 684 2768; x_wconf 86' lang='lat' dir='ltr'>infixus</span> <span class='ocrx_word' id='word_1_293' title='bbox 705 2713 1069 2768; x_wconf 89' lang='lat' dir='ltr'>sublimiorum</span> <span class='ocrx_word' id='word_1_294' title='bbox 1087 2732 1268 2766; x_wconf 90' lang='lat' dir='ltr'>rerum</span> <span class='ocrx_word' id='word_1_295' title='bbox 1285 2713 1636 2777; x_wconf 90' lang='lat' dir='ltr'>meditationi,</span> <span class='ocrx_word' id='word_1_296' title='bbox 1662 2723 1743 2766; x_wconf 87' lang='lat' dir='ltr'>at-</span> 
     </span>
     <span class='ocr_line' id='line_1_38' title="bbox 52 2783 1743 2856; baseline -0.002 -17"><span class='ocrx_word' id='word_1_297' title='bbox 52 2804 156 2855; x_wconf 90' lang='lat' dir='ltr'>que</span> <span class='ocrx_word' id='word_1_298' title='bbox 177 2787 341 2840; x_wconf 90' lang='lat' dir='ltr'>solem</span> <span class='ocrx_word' id='word_1_299' title='bbox 364 2786 621 2839; x_wconf 90' lang='lat' dir='ltr'>orientem</span> <span class='ocrx_word' id='word_1_300' title='bbox 646 2786 861 2852; x_wconf 83' lang='lat' dir='ltr'>demum</span> <span class='ocrx_word' id='word_1_301' title='bbox 921 2804 1049 2838; x_wconf 91' lang='lat' dir='ltr'>uum</span> <span class='ocrx_word' id='word_1_302' title='bbox 1066 2785 1155 2855; x_wconf 93' lang='lat' dir='ltr'>pie</span> <span class='ocrx_word' id='word_1_303' title='bbox 1173 2783 1522 2856; x_wconf 82' lang='lat' dir='ltr'>religioseque</span> <span class='ocrx_word' id='word_1_304' title='bbox 1545 2786 1743 2838; x_wconf 87' lang='lat' dir='ltr'>saluta-</span> 
     </span>
     <span class='ocr_line' id='line_1_39' title="bbox 54 2855 1748 2925; baseline -0.001 -16"><span class='ocrx_word' id='word_1_305' title='bbox 54 2856 235 2920; x_wconf 87' lang='lat' dir='ltr'>visset,</span> <span class='ocrx_word' id='word_1_306' title='bbox 273 2875 456 2909; x_wconf 91' lang='lat' dir='ltr'>rursus</span> <span class='ocrx_word' id='word_1_307' title='bbox 495 2856 814 2910; x_wconf 89' lang='lat' dir='ltr'>discesserit.</span> <span class='ocrx_word' id='word_1_308' title='bbox 932 2874 1031 2908; x_wconf 91' lang='lat' dir='ltr'>uae</span> <span class='ocrx_word' id='word_1_309' title='bbox 1078 2862 1348 2925; x_wconf 90' lang='lat' dir='ltr'>postrema</span> <span class='ocrx_word' id='word_1_310' title='bbox 1394 2855 1644 2909; x_wconf 88' lang='lat' dir='ltr'>videntur</span> <span class='ocrx_word' id='word_1_311' title='bbox 1679 2855 1748 2908; x_wconf 89' lang='lat' dir='ltr'>ad</span> 
     </span>
     <span class='ocr_line' id='line_1_40' title="bbox 54 2926 1747 2995; baseline 0 -17"><span class='ocrx_word' id='word_1_312' title='bbox 54 2926 390 2979; x_wconf 81' lang='lat' dir='ltr'>refutandam</span> <span class='ocrx_word' id='word_1_313' title='bbox 427 2927 846 2980; x_wconf 88' lang='lat' dir='ltr'>criminationem</span> <span class='ocrx_word' id='word_1_314' title='bbox 880 2926 1024 2979; x_wconf 89' lang='lat' dir='ltr'>illam</span> <span class='ocrx_word' id='word_1_315' title='bbox 1049 2926 1331 2995; x_wconf 89' lang='lat' dir='ltr'>pertinere,</span> <span class='ocrx_word' id='word_1_316' title='bbox 1371 2927 1524 2979; x_wconf 89' lang='lat' dir='ltr'>cuius</span> <span class='ocrx_word' id='word_1_317' title='bbox 1548 2927 1747 2980; x_wconf 89' lang='lat' dir='ltr'>mentio</span> 
     </span>
     <span class='ocr_line' id='line_1_41' title="bbox 57 2995 1745 3068; baseline 0 -19"><span class='ocrx_word' id='word_1_318' title='bbox 57 2997 199 3049; x_wconf 85' lang='lat' dir='ltr'>facta</span> <span class='ocrx_word' id='word_1_319' title='bbox 235 3004 316 3048; x_wconf 89' lang='lat' dir='ltr'>est</span> <span class='ocrx_word' id='word_1_320' title='bbox 350 2997 407 3048; x_wconf 91' lang='lat' dir='ltr'>in</span> <span class='ocrx_word' id='word_1_321' title='bbox 431 2996 700 3068; x_wconf 84' lang='lat' dir='ltr'>Apologia</span> <span class='ocrx_word' id='word_1_322' title='bbox 726 2995 930 3050; x_wconf 86' lang='lat' dir='ltr'>Socrat.</span> <span class='ocrx_word' id='word_1_323' title='bbox 955 3016 1009 3066; x_wconf 90' lang='lat' dir='ltr'>p.</span> <span class='ocrx_word' id='word_1_324' title='bbox 1037 2997 1121 3048; x_wconf 83' lang='lat'>26.</span> <span class='ocrx_word' id='word_1_325' title='bbox 1145 2996 1235 3060; x_wconf 84' lang='lat' dir='ltr'>D.,</span> <span class='ocrx_word' id='word_1_326' title='bbox 1272 2997 1365 3050; x_wconf 90' lang='lat' dir='ltr'>ubi</span> <span class='ocrx_word' id='word_1_327' title='bbox 1393 2995 1507 3050; x_wconf 88' lang='lat' dir='ltr'>Soli</span> <span class='ocrx_word' id='word_1_328' title='bbox 1544 3017 1606 3050; x_wconf 94' lang='lat' dir='ltr'>ac</span> <span class='ocrx_word' id='word_1_329' title='bbox 1629 2997 1745 3049; x_wconf 91' lang='lat' dir='ltr'>Lu-</span> 
     </span>
     <span class='ocr_line' id='line_1_42' title="bbox 57 3066 1746 3139; baseline -0.002 -20"><span class='ocrx_word' id='word_1_330' title='bbox 57 3085 156 3119; x_wconf 92' lang='lat' dir='ltr'>nae</span> <span class='ocrx_word' id='word_1_331' title='bbox 201 3066 439 3119; x_wconf 87' lang='lat' dir='ltr'>divinum</span> <span class='ocrx_word' id='word_1_332' title='bbox 482 3066 737 3119; x_wconf 90' lang='lat' dir='ltr'>honorem</span> <span class='ocrx_word' id='word_1_333' title='bbox 786 3067 1045 3137; x_wconf 88' lang='lat' dir='ltr'>eripuisse</span> <span class='ocrx_word' id='word_1_334' title='bbox 1090 3067 1348 3139; x_wconf 88' lang='lat' dir='ltr'>arguitur.</span> <span class='ocrx_word' id='word_1_335' title='bbox 1409 3067 1485 3120; x_wconf 89' lang='lat' dir='ltr'>Et</span> <span class='ocrx_word' id='word_1_336' title='bbox 1520 3067 1746 3120; x_wconf 85' lang='lat' dir='ltr'>conferri</span> 
     </span>
     <span class='ocr_line' id='line_1_43' title="bbox 57 3135 1744 3207; baseline -0.003 -16"><span class='ocrx_word' id='word_1_337' title='bbox 57 3157 178 3191; x_wconf 90' lang='lat' dir='ltr'>cum</span> <span class='ocrx_word' id='word_1_338' title='bbox 201 3136 317 3189; x_wconf 90' lang='lat' dir='ltr'>istis</span> <span class='ocrx_word' id='word_1_339' title='bbox 342 3135 722 3207; x_wconf 89' lang='lat' dir='ltr'>Aristophanis</span> <span class='ocrx_word' id='word_1_340' title='bbox 742 3136 976 3190; x_wconf 88' lang='lat' dir='ltr'>dicteriis</span> <span class='ocrx_word' id='word_1_341' title='bbox 995 3146 1219 3206; x_wconf 91' lang='lat' dir='ltr'>possunt</span> <span class='ocrx_word' id='word_1_342' title='bbox 1243 3138 1404 3191; x_wconf 87' lang='lat' dir='ltr'>etiam</span> <span class='ocrx_word' id='word_1_343' title='bbox 1427 3138 1517 3191; x_wconf 90' lang='lat' dir='ltr'>illa</span> <span class='ocrx_word' id='word_1_344' title='bbox 1541 3158 1594 3207; x_wconf 90' lang='lat' dir='ltr'>p.</span> <span class='ocrx_word' id='word_1_345' title='bbox 1623 3138 1744 3188; x_wconf 86' lang='grc'><strong>221.</strong></span> 
     </span>
     <span class='ocr_line' id='line_1_44' title="bbox 59 3206 1744 3279; baseline -0.002 -19"><span class='ocrx_word' id='word_1_346' title='bbox 59 3206 131 3260; x_wconf 92' lang='lat' dir='ltr'>D.</span> <span class='ocrx_word' id='word_1_347' title='bbox 165 3206 254 3272; x_wconf 69' lang='lat' dir='ltr'>E„</span> <span class='ocrx_word' id='word_1_348' title='bbox 292 3206 387 3260; x_wconf 92' lang='lat' dir='ltr'>ubi</span> <span class='ocrx_word' id='word_1_349' title='bbox 424 3206 538 3260; x_wconf 91' lang='lat' dir='ltr'>eius</span> <span class='ocrx_word' id='word_1_350' title='bbox 577 3224 864 3271; x_wconf 90' lang='lat' dir='ltr'>sermones,</span> <span class='ocrx_word' id='word_1_351' title='bbox 909 3207 1152 3275; x_wconf 88' lang='lat' dir='ltr'>quamvis</span> <span class='ocrx_word' id='word_1_352' title='bbox 1189 3209 1361 3278; x_wconf 90' lang='lat' dir='ltr'>prima</span> <span class='ocrx_word' id='word_1_353' title='bbox 1400 3209 1577 3279; x_wconf 89' lang='lat' dir='ltr'>specie</span> <span class='ocrx_word' id='word_1_354' title='bbox 1614 3206 1744 3257; x_wconf 90' lang='lat' dir='ltr'>ridi-</span> 
     </span>
     <span class='ocr_line' id='line_1_45' title="bbox 62 3276 1744 3348; baseline -0.002 -17"><span class='ocrx_word' id='word_1_355' title='bbox 62 3278 168 3332; x_wconf 87' lang='lat' dir='ltr'>culi</span> <span class='ocrx_word' id='word_1_356' title='bbox 203 3277 504 3342; x_wconf 86' lang='lat' dir='ltr'>videantur,</span> <span class='ocrx_word' id='word_1_357' title='bbox 545 3285 720 3330; x_wconf 89' lang='lat' dir='ltr'>tamen</span> <span class='ocrx_word' id='word_1_358' title='bbox 756 3277 913 3347; x_wconf 88' lang='lat' dir='ltr'>plane</span> <span class='ocrx_word' id='word_1_359' title='bbox 952 3276 1117 3346; x_wconf 86' lang='lat' dir='ltr'>divini</span> <span class='ocrx_word' id='word_1_360' title='bbox 1155 3288 1312 3348; x_wconf 89' lang='lat' dir='ltr'>atque</span> <span class='ocrx_word' id='word_1_361' title='bbox 1341 3276 1633 3348; x_wconf 89' lang='lat' dir='ltr'>plenissimi</span> <span class='ocrx_word' id='word_1_362' title='bbox 1659 3294 1744 3328; x_wconf 91' lang='lat' dir='ltr'>sa-</span> 
     </span>
    </p>
   </div>
   <div class='ocr_carea' id='block_1_4' title="bbox 62 3345 1747 3476">
    <p class='ocr_par' dir='ltr' id='par_1_4' title="bbox 62 3345 1747 3476">
     <span class='ocr_line' id='line_1_46' title="bbox 62 3345 1747 3418; baseline -0.002 -18"><span class='ocrx_word' id='word_1_363' title='bbox 62 3348 259 3418; x_wconf 89' lang='lat' dir='ltr'>pientia</span> <span class='ocrx_word' id='word_1_364' title='bbox 294 3348 594 3402; x_wconf 89' lang='lat' dir='ltr'>iudicantur</span> <span class='ocrx_word' id='word_1_365' title='bbox 632 3366 764 3401; x_wconf 88' lang='lat' dir='ltr'>esse.</span> <span class='ocrx_word' id='word_1_366' title='bbox 806 3345 1039 3401; x_wconf 88' lang='lat' dir='ltr'>Omnino</span> <span class='ocrx_word' id='word_1_367' title='bbox 1078 3369 1202 3403; x_wconf 84' lang='lat' dir='ltr'>vero</span> <span class='ocrx_word' id='word_1_368' title='bbox 1230 3347 1436 3403; x_wconf 86' lang='lat' dir='ltr'>Socrati</span> <span class='ocrx_word' id='word_1_369' title='bbox 1465 3346 1747 3417; x_wconf 89' lang='lat' dir='ltr'>sophistae,</span> 
     </span>
     <span class='ocr_line' id='line_1_47' title="bbox 120 3421 1410 3476; baseline -0.009 -13"><span class='ocrx_word' id='word_1_370' title='bbox 120 3424 226 3463; x_wconf 78' lang='lat' dir='ltr'>Plat.</span> <span class='ocrx_word' id='word_1_371' title='bbox 250 3424 357 3476; x_wconf 82' lang='lat' dir='ltr'>Opp.</span> <span class='ocrx_word' id='word_1_372' title='bbox 390 3424 489 3465; x_wconf 80' lang='lat' dir='ltr'>Vol.</span> <span class='ocrx_word' id='word_1_373' title='bbox 513 3423 545 3462; x_wconf 91' lang='grc' dir='ltr'>Ι.</span> <span class='ocrx_word' id='word_1_374' title='bbox 578 3423 684 3464; x_wconf 90' lang='lat' dir='ltr'>Sect.</span> <span class='ocrx_word' id='word_1_375' title='bbox 708 3422 786 3462; x_wconf 91' lang='grc' dir='ltr'>ΙΙΙ.</span> <span class='ocrx_word' id='word_1_376' title='bbox 1262 3421 1410 3449; x_wconf 81' lang='lat'><em>****</em></span> 
     </span>
    </p>
   </div>
  </div>
 </body>
</html>
