2158 3718
859 4 862 13 ι
897 0 932 10 ²⁹
967 0 1168 23 .·-,ι»,-·ν·.””-,·”
1266 0 1854 29 νιν,Νῖνῗιψνιεη·-ητπιιν--ῐῆῑξΐτᾝι

249 116 349 169 138
967 112 1291 156 PLAToN1s

239 253 573 325 ἀμφοτέρων
610 253 839 307 πάντων
875 255 991 306 τῶν
1031 252 1306 306 ἐναντίων
1355 254 1520 306 δυοῖν
1559 251 1751 307 ὄντοιν
1789 251 1893 306 δύο
1930 265 2024 320 γε’-

179 340 447 408 Βνέσεις,
498 335 605 392 άπὸ
653 337 757 408 μὲν
804 339 908 391 τοῦ
958 335 1151 406 ἑτέρου
1200 337 1293 390 ἐπὶ
1338 335 1400 390 τὸ
1447 338 1669 407 ἕτερον,
1711 334 1818 390 ἀπὸ
1858 335 1910 390 δ’
1951 329 2026 390 αὖ

238 427 341 478 τοῦ
379 422 572 493 ἑτέρου
610 421 782 475 πάλιν
822 421 914 474 ἐπὶ
950 418 1013 474 τὸ
1051 421 1270 491 ἕτερον;
1311 424 1559 491 μείζονος
1595 421 1700 492 μὲν
1734 420 1843 491 γὰρ
1881 421 2026 492 πρά-

237 527 444 578 γματος
489 507 583 560 καὶ
631 506 927 569 ἐλάττονος
971 503 1178 575 μεταξὺ
1224 503 1453 577 αὔξησις
1508 508 1602 560 καὶ
1659 507 1883 575 φθίσις,
1935 506 2028 559 καὶ

239 596 526 662 καλοῦμεν
564 589 711 645 οὕτω
751 588 813 643 τὸ
852 589 957 660 μὲν
994 587 1359 661 αὐξάνεσθαι,
1385 589 1448 645 τὸ
1488 592 1550 646 δὲ
1589 593 1846 661 φθίνειν;
1888 593 2024 659 Ναί,

238 679 365 747 ἔφη.
445 673 676 729 Οὐκοῦν
725 675 819 727 καὶ
867 676 1261 744 διακρίνεσθαι
1308 677 1402 730 καὶ
1446 677 1881 746 συγκρίνεσθαι,
1933 675 2027 728 καὶ

237 762 522 829 ψύχεσθαι
560 760 653 813 καὶ
689 760 1124 829 θερμαίνεσθαι,
1164 761 1257 813 καὶ
1295 760 1476 814 πάντα
1511 759 1679 830 οὕτω,
1719 759 1827 814 κᾶν
1866 759 1917 813 εί
1951 757 2025 829 μὴ

236 845 503 916 χρώμεθα
537 852 654 907 τοῖς
691 841 964 913 ὀνόμασιν
1004 844 1261 914 ἐνιαχοῦ,
1294 843 1418 898 ἀλλ’
1459 847 1604 915 ἔργῳ
1640 848 1785 912 γοῦν
1810 861 2025 897 παντα-

235 928 558 998 χοῦιοῧτως
596 931 743 998 ἔχειν
781 925 1111 999 άναγκαῖον,
1150 932 1453 999 γίγνεσθαί
1485 949 1545 983 τε
1572 926 1715 982 αὐτοὶ
1756 928 1812 992 ἐξ
1852 926 2026 998 ἀλλή-

235 1018 354 1068 λων
389 1014 615 1082 γένεσίν
651 1033 712 1067 τε
751 1009 896 1068 εἶναι
936 1014 992 1079 ἐξ
1031 1013 1311 1083 ἑκατέρων
1350 1015 1428 1077 είς
1464 1011 1707 1083 ἅλληλας
1749 1012 1917 1067 Πάνυ
1954 1010 2023 1082 γ’,

233 1092 432 1168 Ήδῖ
407 1096 463 1161 (Ἲς

177 1119 268 1238 cn
376 1119 492 1252 Cap.
533 1186 655 1236 XVI.
739 1185 810 1235 Τί
853 1176 986 1247 οὗνς
1037 1184 1172 1253 ἔφη,
1222 1186 1299 1253 τῷ
1346 1186 1443 1252 ζῆν
1491 1184 1608 1236 ἔστι
1646 1202 1698 1235 τι
1739 1183 2021 1251 ἐναντίον,

234 1264 416 1337 ὥςπερ
471 1271 548 1338 τῷ
606 1267 973 1336 ἐγρηγορέναι
1029 1266 1091 1321 τὸ
1147 1267 1480 1331 καθεύδειν;
1538 1265 1707 1320 Πάνυ
1752 1266 1856 1336 μὲν
1894 1258 2021 1336 οὖν,

234 1353 360 1421 ἔφη.
445 1354 534 1417 Τι’,
601 1349 675 1404 Τὸ
720 1351 1020 1421 τεθνάναι,
1071 1354 1226 1422 ἔφη..
1278 1349 1508 1406 Οὐκοῦν
1560 1351 1616 1414 ἐξ
1665 1348 1925 1421 ἀλλήλων
1963 1370 2023 1404 τε

232 1438 484 1504 γίγνεται
521 1438 716 1504 ταῦτα,
758 1440 914 1507 εἴπερ
955 1436 1185 1493 ἐναντία
1225 1437 1362 1504 ἐστί,
1402 1436 1496 1489 καὶ
1522 1436 1584 1488 αἱ
1604 1436 1850 1504 γενέσεις
1878 1435 2022 1489 εἰσὶν

240 1632 245 1634 ,
347 1594 394 1636 Β.
425 1593 692 1647 μείζονος
713 1589 818 1648 μὲν
839 1588 959 1649 γάρ]
983 1591 1073 1647 μέν
1094 1608 1115 1634 e
1138 1593 2019 1637 B0d1.Tub.Vat.Ven.HVind.d⁵-.Par

180 1692 184 1693 ⁷
233 1648 435 1693 GAmbr.
464 1651 576 1694 Flor.
598 1651 626 1692 d
654 1651 861 1692 additum.
902 1653 949 1692 Ιιι
970 1651 1091 1692 Bodl.
1115 1651 1139 1690 a
1161 1664 1223 1704 pr.
1249 1664 1303 1694 m.
1334 1659 1374 1691 et
1394 1651 1499 1692 Tub
1524 1642 1612 1704 γάρ
1642 1650 1871 1701 omissum,
1902 1651 2013 1700 quod

233 1714 356 1748 erunt
378 1707 450 1758 qui
471 1718 556 1748 non
577 1707 832 1761 imp1obent‚
856 1715 903 1747 ut
922 1706 1023 1747 fecit
1043 1708 1182 1750 Heim
1208 1721 1247 1747 v.
1273 1713 1417 1748 annot.
1439 1707 1494 1747 ad
1514 1719 1557 1760 p
1580 1707 1635 1748 87
1656 1707 1707 1748 A.

349 1773 501 1820 εἶναι
524 1770 580 1829 ἐξ
612 1769 923 1832 ἑκατέρων]
951 1777 1019 1819 Sic
1040 1778 1160 1819 Bodl.
1183 1779 1281 1818 Vat.
1303 1779 1408 1818 Tub.
1433 1778 1543 1820 Ven.
1571 1777 1774 1819 HVind.
1797 1777 1836 1818 Φ
1865 1777 1960 1819 Par.
1984 1774 2020 1817 G

231 1834 343 1875 Flor.
375 1835 415 1874 d.
455 1834 587 1874 Editt.
624 1834 751 1901 vulgo
792 1834 949 1875 habent
985 1828 1111 1876 εἶναι
1148 1827 1389 1887 ἑκατέρου.
1431 1834 1538 1873 Dein
1573 1833 1695 1874 Bodl.
1728 1834 1835 1875 Ven.
1860 1833 1911 1874 H
1940 1845 2016 1886 pro

232 1883 374 1932 Πάνυ
397 1883 442 1944 γ’
465 1889 624 1931 habent
645 1885 786 1932 Πάνυ
805 1886 893 1945 μὲν
913 1878 1014 1940 οὖν,
1037 1899 1084 1932 ut
1106 1892 1173 1933 ed.
1196 1892 1340 1932 He1m.

231 2032 398 2073 medius
427 2033 671 2073 interiectus
702 2037 779 2083 est,
804 2037 916 2072 recte
937 2031 1077 2085 dupli-

228 2089 291 2129 cis
339 2089 508 2142 generis
564 2100 659 2129 esse
705 2088 932 2132 iudicatur.
994 2091 1080 2129 Aut

233 2145 344 2185 enim
375 2157 427 2186 ex
448 2145 595 2198 vigilia
623 2145 678 2186 ad
703 2157 904 2186 somnum
926 2145 1080 2186 transi-

229 2209 310 2250 tur,
340 2202 385 2242 id
405 2201 521 2253 quod
543 2202 942 2243 obdormiscere
973 2202 1077 2242 dici-

230 2271 343 2311 mus,
368 2264 441 2299 aut
459 2270 512 2299 ex
529 2270 679 2299 somno
698 2259 753 2299 ad
772 2258 959 2311 vigiliam
980 2271 1077 2311 per-

232 2315 447 2363 venimus,
478 2315 592 2366 quod
622 2315 935 2368 expergisci
966 2315 1078 2355 sole-

230 2383 326 2411 mus
351 2382 516 2415 vocare.
553 2370 638 2412 Sed
659 2372 808 2412 audias
832 2383 941 2423 quae
961 2371 1079 2412 Plato

227 2427 322 2480 ipse
352 2429 404 2468 de
432 2427 511 2468 hac
539 2440 584 2467 re
606 2428 811 2492 deinceps
830 2428 1078 2480 disputavit.

286 2483 333 2527 Β.
369 2474 475 2525 κᾶν
517 2477 665 2538 εἰμὴ
703 2476 979 2538 χρώμεθα
1008 2483 1078 2535 --]

229 2539 532 2584 Buttmann.
557 2542 611 2582 ad
631 2541 753 2585 Dem.
776 2541 886 2582 Orat.
912 2541 1011 2580 Mid.
1015 2553 1079 2607 p.

227 2598 306 2639 33:
339 2596 579 2648 „Voculam
612 2589 673 2638 άν
694 2598 738 2637 ἰιι
766 2597 948 2637 formula
976 2611 1069 2638 καν

232 2649 277 2695 εἰ
296 2654 466 2706 proprie
486 2654 697 2705 pertinere
712 2654 766 2694 ad
783 2653 971 2694 alterum
982 2659 1079 2705 post

232 2706 276 2750 εἰ
303 2711 476 2750 verbum
506 2710 651 2761 negari
679 2721 763 2749 non
792 2716 954 2761 potest:
986 2709 1072 2761 pli-

229 2765 361 2804 maria
402 2765 515 2804 enim
557 2765 753 2805 dictionis
796 2764 932 2804 forma
971 2764 1075 2803 haec

230 2829 310 2871 est,
343 2817 426 2861 καὶ
457 2817 501 2861 εἰ
528 2819 669 2862 τοῦτο
696 2819 905 2874 ποιοίην,
941 2808 994 2861 εὖ
1016 2810 1076 2862 ἂν

226 2875 440 2930 ποιοίην,
470 2878 582 2928 quod
612 2878 655 2916 in
685 2889 880 2918 sermone
902 2877 1073 2927 obliquo

231 2933 297 2974 vel
327 2934 389 2973 sic
419 2932 676 2973 efferendum
710 2940 787 2984 est,
819 2931 945 2973 δοκῶ
975 2946 1073 2986 μοι,

227 2986 311 3030 καὶ
345 2984 388 3030 εἰ
407 2987 548 3031 τοῦτο
566 2987 781 3055 ποιοίην,
813 2978 865 3030 εὖ
888 2979 949 3030 ὂίν
970 3002 1075 3030 ποι-

230 3047 318 3111 εῖν,
338 3045 403 3085 vel
426 3046 504 3097 sic,
526 3058 618 3087 καν
642 3041 685 3086 εἰ
705 3043 844 3086 τοῦτο
863 3045 1072 3099 ποιοίην,

231 3090 284 3143 εὖ
313 3103 488 3144 ποιεῖν.
530 3103 617 3142 Iam
642 3114 739 3142 vero
761 3100 865 3141 haec
897 3102 1077 3142 formula

226 3149 320 3199 κᾶν
344 3154 401 3211 εἰ,
432 3158 559 3211 plane
588 3166 635 3199 ut
655 3158 746 3198 Lat.
771 3158 1001 3206 etiamsi,
1032 3159 1074 3198 in

228 3226 425 3255 sermone
448 3215 692 3265 quotidiano
724 3215 919 3255 induerat
941 3215 1076 3267 signi-

227 3269 467 3311 ficationem
484 3279 707 3324 cognatam
724 3271 953 3323 particulae
969 3270 1076 3312 καί·

225 3338 333 3380 περ,
377 3327 466 3369 Lat.
504 3328 760 3378 quamvis.
815 3327 904 3376 Quo
947 3327 1074 3381 facto,

227 3383 396 3435 quoties
424 3383 482 3434 id,
515 3385 628 3435 quod
657 3385 820 3438 protasi
842 3384 1075 3424 continere-

227 3445 308 3492 tur,
329 3451 414 3481 non
428 3448 475 3480 ut
495 3440 701 3481 incertum
719 3447 832 3482 esset
850 3441 1071 3482 enuntian-

1168 2032 1283 2083 dum,
1305 2033 1345 2071 in
1366 2030 1524 2072 Graeco
1543 2030 1714 2096 quidem
1733 2042 1930 2070 sermone
1951 2030 2017 2070 iu-

1168 2088 1408 2130 dicativus
1398 2101 1440 2127 ιιι
1459 2087 1635 2140 optativi
1656 2087 1796 2128 locum
1813 2087 2014 2128 succede·
2038 2113 2041 2115 Α

1168 2146 1251 2195 bat,
1287 2151 1534 2185 remanente
1563 2151 1701 2184 tamen
1731 2143 1801 2184 illo
1832 2134 1943 2196 κᾶν,
1972 2144 2012 2183 in

1168 2214 1250 2254 quo
1273 2201 1483 2256 particula
1504 2192 1565 2242 o’c‘v
1595 2200 1881 2253 consopita
1903 2211 2016 2240 nunc

1169 2267 1272 2299 erat.
1305 2259 1366 2298 De
1388 2269 1470 2310 qua
1490 2270 1537 2297 re
1557 2257 1721 2298 monuit
1741 2256 1869 2297 Hein
1883 2255 2013 2298 dorf.

1167 2315 1220 2355 ad
1241 2314 1404 2357 Platon.
1426 2312 1615 2367 Sophist.
1639 2314 1679 2364 ἓ.
1700 2314 1767 2356 69.
1777 2311 1805 2334 “
1828 2312 1941 2354 conf.
1961 2314 2015 2354 ad

1167 2372 1330 2414 Politic.
1354 2384 1397 2424 p.
1420 2372 1502 2412 308
1526 2369 1570 2411 C.

1224 2424 1456 2482 γένεσίν
1478 2439 1535 2468 τε
1559 2420 1713 2468 εἶναι
1736 2417 1839 2477 ἕξ”
1816 2422 2015 2467 εκατέ-

1167 2483 1291 2537 ρων]
1322 2484 1364 2527 Ιι.
1400 2496 1437 2526 e.
1480 2483 1856 2537 duplicemque
1898 2494 2015 2523 esse

1168 2554 1233 2582 ex
1262 2540 1434 2581 altero
1471 2541 1533 2580 ad
1562 2539 1782 2579 alterum
1812 2539 2011 2579 transi-

1167 2599 1374 2637 tionem.
1417 2595 1487 2636 Sic
1509 2609 1552 2648 p.
1576 2597 1627 2636 71
1650 2595 1683 2634 Ε
1723 2588 1774 2636 ἐκ
1812 2593 1905 2636 τῶν
1941 2606 2013 2636 τε·

1165 2648 1393 2695 θνεώτων
1421 2641 1481 2692 ὂὶν
1505 2650 1579 2705 εἰή
1602 2646 1786 2705 γένεσις
1810 2645 1878 2699 εἰς
1900 2663 2014 2698 τους

1163 2707 1356 2761 ζῶντας,
1400 2719 1579 2758 quorum
1618 2708 1844 2747 verborum
1883 2708 2011 2748 ratio·

1163 2777 1260 2805 nem
1282 2777 1356 2805 cur
1376 2763 1646 2805 Heindorf.
1680 2763 1805 2803 aliam
1828 2775 1923 2804 esse
1944 2763 2010 2803 iu-

1163 2822 1385 2873 dicaverit,
1428 2821 1624 2872 equidem
1662 2832 1746 2860 non
1783 2820 2010 2874 perspicio.

1163 2878 1302 2929 Atque
1331 2888 1507 2930 prorsus
1539 2877 1687 2917 eodem
1718 2877 1844 2918 modo
1867 2876 2010 2930 paullo

1162 2941 1260 2974 aute
1283 2934 1489 2998 scriptum
1514 2933 1723 2999 Jegimus:
1756 2931 1902 2975 δυοῖν
1928 2926 2010 2974 ὅν-

1161 3003 1265 3032 τοιν
1295 2983 1384 3031 δύο
1448 2986 1648 3058 ενέσεις,
1682 2981 1776 3030 άπὸ
1807 2983 1895 3054 μὲν
1926 2987 2010 3030 τοῦ

1164 3039 1265 3100 ἕτέρ
1269 3059 1325 3087 ov
1355 3039 1412 3087 ἐπ
1464 3040 1515 3087 τὸ
1549 3042 1621 3088 ε’τε
1654 3058 1724 3097 ον,
1754 3038 1848 3114 ᾆπό
1874 3037 1923 3086 δ’
1947 3058 2009 3086 αυ

1162 3101 1247 3144 τοῦ
1271 3095 1435 3155 ἑτέρου
1456 3096 1601 3144 πάλιν
1623 3060 1682 3144 gn
1685 3099 1701 3143 2
1724 3096 1774 3143 τὸ
1800 3097 1973 3153 ετερον.

1220 3214 1322 3269 Cap.
1335 3217 1450 3259 XVL
1476 3216 1520 3259 C.
1544 3208 1729 3256 καὶαι
1747 3224 2007 3268 γενεσεις

1165 3270 1410 3313 -δυοίν
1440 3263 1687 3323 ὅντοινς]
1720 3270 1761 3314 Ιι.
1787 3283 1822 3313 e
1857 3276 2008 3309 etia-

1161 3329 1361 3381 tiones,
1392 3329 1585 3380 quibus
1614 3327 1743 3367 haec
1770 3326 2004 3379 gignun-

1160 3394 1265 3437 tur,
1309 3386 1439 3426 duae
1480 3391 1603 3426 sunt
1644 3383 1849 3423 duobus
1890 3381 2005 3422 illis

1161 3442 1317 3493 quasi
1347 3441 1696 3482 interiectae?
1736 3439 1795 3479 De
1824 3431 2006 3493 μεταξύ
