2158 3718
507 160 1018 214 SYMPosltJM.
1057 161 1246 227 p.181
1286 159 1364 215 St.
1714 160 1785 211 53

107 315 170 364 ὲν
210 308 354 388 αὐτῇ
396 310 462 387 τῇ
504 310 876 379 παιδεραστία
914 302 1048 370 τοὺς
1088 306 1384 377 εἰλικρινῶς
1427 300 1537 360 ὑπὸ
1582 301 1786 361 τούτου

110 396 212 449 τοῦ
255 397 455 465 ἔρωτος
495 390 865 492 ὡρμημένους.
914 388 980 446 οὐ
1024 411 1132 462 γαρ
1176 391 1332 462 ἐρῶσι
1377 391 1606 454 παίδων,
1652 387 1778 443 ἀλλ’
1837 393 1880 442 D

110 475 333 533 ἐπειδὰν
373 475 480 544 ήδη
522 473 803 547 ἅρχωνται
835 478 970 530 νοῦν
1013 473 1207 545 ἰ”σχειν
1253 474 1422 530 τοῦτο
1462 476 1518 529 δὲ
1548 470 1792 540 πλησιά-

113 564 189 630 ζει
231 564 307 632 τῷ
350 558 695 632 γενειάσκειν.
756 562 1253 631 παρεσκευασμένοι
1295 554 1429 629 γάρ,
1487 553 1670 628 οἶμαι,
1720 562 1793 612 εὶ-

113 647 611 702 σὶνοὶὲντεῦθεν
639 642 937 717 ἀρχόμενοι
980 644 1115 714 ἐρᾶν
1143 637 1359 706 aig-„ton
1394 643 1519 712 βίον
1563 638 1793 696 ἅπαντα

111 727 462 800 ξυνεσόμενοι
504 732 596 785 καὶ
639 731 793 805 κοινῇ
838 725 1301 800 σνμβιωσόμενοι,
1355 722 1477 782 ἀλλ”
1531 723 1630 785 οὐκ
1674 725 1796 792 ἑξα-

103 808 458 881 πατήσαντες
501 818 560 868 ὲν
602 809 897 889 ἀφροσύνῃ
956 809 1223 880 λαβόντες
1282 805 1355 874 ὡς
1397 815 1523 866 νέον
1563 801 1797 878 και-αγε-

108 895 381 963 λάσαντες
423 895 753 968 οἰχήσεσθαι
798 893 883 951 ἐπ’
941 891 1115 950 ἄλλον
1164 892 1580 966 ἀποτρέχοντες,
1654 896 1799 966 χρῆν

99 985 169 1037 «δὲ
213 984 308 1038 καὶ
349 979 523 1052 νόμον
567 979 708 1037 εἶναι
732 976 809 1052 μὴ
854 981 988 1052 ἐρᾶν
1011 981 1239 1044 παίδων,
1283 982 1376 1033 ἵνα
1417 977 1496 1051 μὴ
1543 985 1623 1043 sic}
1661 973 1800 1045 ἄδη-

110 1070 212 1122 λον
245 1062 433 1133 πολλὴ
477 1061 694 1132 σπουδὴ
738 1062 1090 1131 ἀνηλίσκετο·
1151 1057 1214 1118 τὸ
1278 1060 1387 1136 γὰρ
1429 1066 1541 1119 τῶν
1582 1065 1799 1118 παίδων
1852 1094 1895 1142 Ε

227 1288 280 1331 E.
338 1283 550 1339 σπουδὴ
594 1283 960 1343 ιῆνηλίσκετο]
1002 1282 1281 1325 &mazonomo
1332 1283 1434 1325 Par.
1483 1284 1585 1326 DK.
1627 1283 1726 1326 Vat.

115 1344 238 1387 vind.
282 1344 325 1388 7.
365 1346 488 1387 male.
551 1325 638 1384 Pro
678 1343 844 1384 παίδων
884 1341 1164 1390 Marklandus
1215 1341 1269 1383 ad
1312 1340 1416 1398 Lysi
1420 1343 1486 1385 ain
1538 1356 1577 1396 p
1617 1341 1690 1387 43.
1731 1341 1800 1384 ed.

115 1403 267 1446 Reisk.
297 1401 360 1445 Τ.
389 1401 439 1443 V.
473 1401 638 1450 παῖδας
671 1400 900 1455 legendum
931 1399 1168 1455 proposuit.
1202 1398 1399 1441 Frustra.

119 1578 239 1614 tores
270 1570 425 1614 cadere
441 1575 567 1613 antea
586 1568 776 1612 ostendit
796 1570 913 1613 Pau-

120 1632 276 1672 sanias.
334 1630 401 1671 lta
431 1628 579 1675 παῖδες
608 1628 650 1669 in
681 1627 823 1669 verbis
851 1626 910 1682 μὴ

119 1689 220 1741 ἐρᾶν
254 1687 444 1739 παίδων,
494 1683 565 1726 z'm
611 1683 668 1739 μὴ
715 1701 751 1727 κ.
789 1701 828 1727 τ.
872 1686 913 1725 λ.

120 1749 244 1786 sunt2
275 1744 432 1799 pueri
479 1742 654 1784 adhuc
701 1742 912 1796 impru-

121 1802 318 1844 dentes
349 1806 402 1843 et
431 1800 724 1843 immaturi.
757 1823 815 1831 —-
845 1804 914 1855 τῷ

119 1857 474 1914 revectionem
499 1890 511 1910 ‚
567 1871 663 1899 nam
712 1858 915 1912 pubertas

118 1923 188 1959 est
215 1915 298 1969 ἥβη
327 1914 608 1970 χαριεστάτη,
639 1920 686 1957 ut
715 1916 778 1957 ait
810 1915 919 1957 Ho-

119 1987 243 2017 mer.
271 1974 355 2016 Od.
386 1973 444 2025 X,
482 1972 582 2018 279.

176 2089 228 2129 ἐν
275 2085 562 2143 ἀφροσύνῃ
613 2086 917 2141 λαβόντες]

120 2146 343 2187 Sententia
382 2145 487 2186 liaec
532 2149 621 2186 est:
669 2158 785 2186 nam
827 2145 919 2198 qui

120 2203 244 2245 inde
275 2204 340 2244 ab
372 2202 469 2243 hoc
498 2206 752 2255 tempore
782 2215 921 2243 ama-

121 2273 176 2303 re
208 2260 495 2314 incipiunt,
527 2259 564 2300 ii
595 2273 653 2301 se
683 2259 758 2300 ita
789 2273 921 2301 com-

122 2321 499 2372 paraverunt,
531 2319 590 2356 ut
624 2318 796 2386 vel'hnt
824 2328 923 2370 per

124 2380 301 2417 totam
342 2376 519 2415 vitam
557 2385 676 2414 cum
709 2374 922 2415 amasio

124 2445 234 2474 suo
277 2430 581 2482 versari,
626 2443 726 2471 non
765 2443 923 2483 quum

125 2503 268 2539 eum,
301 2489 504 2544 quippe
537 2500 690 2540 quem
733 2487 924 2542 depre-

123 2546 435 2590 henderint
487 2546 772 2597 iuvenem,
821 2547 926 2587 vim-

123 2603 370 2660 peritum
410 2607 466 2644 et
495 2603 924 2656 imprudentem,

123 2661 445 2704 fefellerint
473 2673 535 2702 ac
576 2659 925 2714 deceperint,

125 2732 240 2761 cum
273 2721 387 2761 risu
430 2723 486 2759 et
530 2722 824 2759 contemtu
866 2715 927 2758 ad

126 2777 296 2818 alium
334 2774 609 2828 aufugere.
667 2774 928 2827 Participio-

125 2846 218 2876 rum
252 2833 486 2874 cumulatio
522 2832 694 2884 effecit,
728 2837 773 2872 ut
806 2833 927 2873 locus

126 2902 211 2932 non
242 2894 359 2931 recle
378 2890 702 2940 intellioeretur.
752 2888 926 2930 Tenen-

130 2947 233 2987 dum
274 2946 400 2998 igitur
449 2946 582 2987 verba
624 2947 667 2985 ἐν
703 2943 927 3001 αφροσύιῃ

129 3004 238 3058 λαβο
219 3001 338 3049 ὄντες
367 3000 421 3049 ὡς
455 3005 543 3043 νέον
573 3007 690 3043 arcte
722 3002 929 3042 cohaere-

130 3074 177 3103 re
210 3073 309 3101 cum
349 3058 624 3112 praecedenti
664 3057 741 3101 οἰκ
774 3057 930 3100 ἐξα-πα

130 3116 338 3170 τήσαντες
398 3116 519 3168 eique
580 3114 829 3168 explicando
890 3119 933 3155 et

131 3173 385 3218 illustrando
424 3172 654 3217 inservire,
694 3171 934 3223 eademque

132 3235 300 3275 ratione
332 3229 400 3271 ἐπ’
452 3228 582 3269 ἄλλον
625 3227 937 3281 ἀποτρέχοντες

133 3287 474 3332 connectendum
520 3298 618 3328 esse
660 3298 758 3327 cum
798 3285 938 3326 verbis

134 3344 499 3401 καταγελάσαντες
531 3340 791 3394 οἰχήσεσθαι
823 3355 859 3382 v.
883 3340 940 3382 ad

138 3402 431 3458 Euthyphron.
453 3415 495 3455 p.
521 3401 591 3446 27.
618 3405 661 3443 et
690 3399 743 3441 ad
775 3398 938 3442 Criton.

999 1568 1145 1624 p.50>
1176 1571 1226 1610 Α.
1258 1567 1463 1610 Ceterum
1493 1567 1660 1609 transiit
1693 1567 1803 1607 scri-

999 1633 1099 1682 ptor
1113 1640 1139 1668 a
1158 1626 1381 1680 participio
1399 1623 1515 1671 ὡς-
1532 1626 1577 1671 ξι
1580 1621 1804 1676 νεσόμενοι

998 1702 1035 1726 κ.
1069 1700 1107 1724 κ.
1141 1682 1505 1737 σιμβιωσόμενοι·
1537 1682 1589 1723 ad
1628 1681 1800 1723 infiniti-

1000 1755 1126 1785 vumx
1160 1754 1270 1794 quae
1301 1740 1564 1781 constructio
1595 1739 1693 1779 nibil
1727 1738 1802 1779 ha-

1000 1800 1075 1840 bet
1105 1798 1375 1839 insolentiae.
1415 1810 1455 1838 v,
1495 1796 1711 1838 Charmid.
1757 1809 1798 1848 p.

1005 1856 1098 1901 164.
1119 1856 1171 1897 D.
1202 1855 1369 1896 Politic
1390 1856 1432 1906 pi
1456 1853 1554 1898 303.
1586 1854 1634 1894 C.
1661 1853 1800 1904 Legg.

1004 1915 1035 1956 I.
1067 1927 1106 1967 p
1141 1911 1239 1956 626.
1270 1914 1317 1952 Α
1342 1911 1535 1965 DeRep.
1554 1911 1607 1952 ll.
1640 1925 1678 1965 p.
1698 1909 1802 1953 383.

1006 1973 1055 2012 Λ.
1093 1971 1236 2023 ibique
1265 1982 1360 2010 ann.

1063 2026 1160 2069 ι’να
1190 2025 1257 2079 μὴ
1300 2027 1374 2071 εἰς
1413 2022 1493 2066 ἅδ.
1530 2046 1581 2055 -
1610 2021 1803 2076 ἀνηλί-

1006 2102 1061 2126 σκ
1078 2101 1095 2125 ε
1109 2102 1134 2125 τ
1147 2084 1197 2138 ο]
1225 2083 1392 2125 lndicat
1411 2081 1610 2123 accidere
1640 2083 1799 2132 solere,

1005 2148 1052 2184 ut
1083 2144 1311 2210 plurimum
1346 2139 1472 2181 studii
1503 2139 1659 2180 frustra
1697 2151 1802 2180 con-

1006 2205 1198 2241 sumatur
1218 2200 1258 2240 in
1274 2210 1421 2240 amore
1451 2196 1800 2247 adolescentium,

1005 2257 1192 2310 ideoque
1233 2257 1366 2300 utitur
1408 2252 1676 2320 imperfecto.
1717 2252 1804 2295 vid.

1002 2314 1300 2356 Hermann.
1345 2312 1398 2353 ad
1442 2311 1584 2363 Viget.
1614 2324 1656 2363 p.
1697 2309 1799 2382 8)Οὸ-

1003 2371 1168 2412 Rost.
1203 2370 1238 2423 ξ.
1273 2369 1369 2412 122.
1412 2367 1477 2412 12.
1524 2367 1671 2419 ltaque
1700 2365 1803 2418 ἄνη-

1003 2428 1168 2469 λίσκετο
1199 2428 1460 2469 retinuimus.
1500 2425 1727 2478 Protagor.
1759 2438 1800 2477 p.

1004 2485 1103 2530 317·
1155 2485 1215 2526 B:
1257 2483 1309 2524 ἆιι
1293 2482 1366 2523 ’λα
1425 2497 1468 2524 σε
1521 2483 1648 2533 ἐχρῆν
1702 2479 1804 2534 ἡμῖν

1010 2546 1244 2596 συγχωρεῖν
1272 2540 1349 2582 τὸν
1373 2537 1602 2593 ἀμφότερα
1622 2537 1805 2591 δυνάμε-

1009 2615 1105 2652 ν,ον
1137 2597 1205 2638 ἵνα
1239 2597 1384 2653 μηδεὶς
1412 2594 1574 2640 αὐτοὺς
1605 2596 1807 2647 διέφθει-

1011 2672 1095 2711 ρεν.
1157 2657 1260 2698 Crit
1309 2669 1350 2710 p.
1401 2653 1474 2697 44.
1525 2654 1574 2694 D.
1627 2654 1803 2695 Menon.

1010 2729 1050 2769 p·
1095 2713 1167 2757 89.
1214 2714 1264 2754 B.
1325 2711 1415 2754 Sed
1458 2711 1640 2765 plurima
1683 2709 1807 2764 liujus

1013 2771 1347 2814 constructionis
1387 2769 1586 2821 exempla
1618 2769 1808 2819 conene-

1013 2835 1113 2870 runt
1158 2829 1416 2870 Valcken.
1462 2826 1593 2866 Diatr.
1636 2839 1677 2880 p.
1713 2824 1807 2867 149.

1013 2890 1059 2927 et
1088 2886 1301 2928 Monck.
1335 2884 1390 2926 ad
1427 2884 1606 2936 Hippol.
1640 2897 1679 2924 v.
1714 2880 1813 2925 643.

1013 2942 1120 2984 Mox
1150 2942 1205 2984 de
1223 2943 1364 2984 verbis
1388 2946 1431 2983 οἱ
1454 2941 1634 2997 τελευτᾷ
1654 2953 1694 2981 v.
1713 2939 1749 2979 l
1761 2952 1812 2979 o-

1012 3000 1194 3041 beck.
1248 2999 1301 3041 ad
1351 2999 1508 3052 Plirym
1651 2996 1720 3039 43.
1769 2999 1812 3035 et

1016 3056 1232 3109 Pflugk.
1266 3056 1319 3098 ad
1350 3056 1496 3109 Eurip.
1522 3053 1694 3096 Hecub.
1712 3051 1810 3093 419.

1017 3113 1197 3154 Fallitur
1254 3119 1399 3155 autem
1460 3109 1810 3154 Hommelius

1018 3171 1158 3216 κακίας
1189 3169 1214 3222 ἢ
1244 3170 1399 3225 αρετῆς
1437 3167 1704 3210 scribendum
1742 3177 1811 3204 ra·

1020 3231 1114 3279 tus;
1175 3229 1228 3269 de
1279 3241 1364 3280 quo
1409 3226 1540 3267 verbo
1595 3221 1814 3264 monuisse

1023 3284 1128 3326 satis
1190 3285 1282 3327 erit.
1354 3281 1610 3324 Germanice
1675 3278 1822 3319 dicas·

1023 3355 1124 3383 was
1173 3340 1401 3396 Tugend
1457 3336 1567 3380 und
1616 3335 1821 3379 Laeter

1026 3398 1260 3441 betrifst.
