2158 3718
483 144 989 198 SYMPOSHJM.
1029 148 1224 213 p..197
1265 149 1338 202 st.
1652 151 1756 200 109

115 353 118 357 ,
169 292 396 367 εἰρήνην
436 294 536 364 μὲν
579 296 639 346 ἐν
681 289 1031 362 ἀνθρώποις,
1066 290 1288 362 πελάγει
1331 294 1387 347 δὲ
1428 294 1695 362 γαλήνην,

170 380 436 449 νηνεμίαν
477 373 710 446 ἀνέμων,
753 379 944 443 κοίτην
985 372 1168 432 ὕπνον
1207 375 1260 431 τ’
1315 377 1598 446 ἑνὶμκήδει.

88 452 254 526 οὗτος
282 463 354 530 Δδὲ
396 456 545 531 ἡμᾶς
581 457 1014 530 ἀλλοτριότητος
1054 463 1155 532 μὲν
1189 470 1365 526 κενοῖ,
1423 460 1761 536 οἰκειότητος
1815 477 1855 524 1)

89 547 147 600 δὲ
190 548 407 614 πληροῖ,
451 539 554 607 τὰς
596 541 809 607 τοιάςδε
851 541 1116 609 ξυνόδους
1138 543 1256 615 μετ’
1300 543 1557 611 ἀλλήλων
1582 544 1766 610 πάσας

86 631 269 694 τιθεὶς
309 628 575 695 ξυνιέναι,
636 633 694 682 ἐν
738 632 984 699 ἑορταῖς,
1046 634 1104 683 ὲν
1141 638 1358 700 χοροῖς,
1419 635 1479 684 ἐν
1532 633 1765 695 θυσίαις

85 711 407 787 γιγνόμενος
429 708 675 783 ἡγεμών·
720 710 1016 783 πραότητα
1037 714 1138 784 μὲν
1165 714 1419 785 πορίζων,
1460 711 1766 786 ἀγριότητα

87 846 192 890 Par.
201 846 302 892 ΒΚ.
329 847 426 890 vat.
440 861 483 902 p.
507 845 633 889 Vind.
646 847 687 890 7.
721 846 762 888 δ’
795 846 973 904 ἀνέμοις
1001 840 1308 902 Hermogenes
1341 863 1381 904 p
1403 848 1502 894 321-
1537 850 1605 892 ed
1631 851 1768 895 Walz

86 904 195 947 Dein
222 903 361 947 ὕπνον
389 903 429 944 δ’
469 904 568 946 Par.
581 904 678 946 DK
700 904 797 947 Vat.
811 920 852 960 p.
916 906 1003 947 Pro
1033 908 1135 960 vulg
1196 905 1236 946 τ’
1270 907 1331 947 ἕνὶ
1360 905 1477 958 κηδει
1508 907 1602 951 Vat
1619 908 1668 949 A.
1699 923 1772 949 τε·

86 977 181 1017 νικη
212 963 289 1003 δεῖ.
323 962 418 1004 Vat.
444 974 484 1003 s
512 963 726 1014 τειικηδῆ.
755 963 891 1005 Coisl.
920 972 966 1004 τε
997 963 1102 1003 κυδυ
1103 967 1182 1019 μῆ
1195 964 1282 1004 Par
1319 964 1420 1005 EF.
1447 965 1595 1008 Ambr.
1621 966 1768 1015 Vatmn

87 1018 701 1088 Ang.u.uvnur3‹515.Flor.a
730 1020 769 1062 b.
782 1034 817 1063 c.
833 1021 859 1064 i
891 1018 1028 1061 ὕπνον
1057 1035 1102 1060 τε
1103 981 1306 1072 μνηκηὸἤ.
1342 1012 1518 1062 Bastius
1539 1013 1770 1076 legendum

86 1077 265 1132 'putabat
293 1075 353 1117 ἐνὶ
381 1075 542 1146 μῆθει
573 1076 816 1118 Dindorfius
846 1090 969 1120 meus
998 1077 1191 1118 codicum
1221 1082 1395 1120 secutus
1426 1079 1610 1133 vestigia
1639 1093 1770 1134 repo-

86 1134 238 1176 nebat:
272 1135 394 1188 κοίτῃ
428 1132 479 1172 θ’
511 1130 648 1173 ὕπνον
675 1135 849 1186 νηκηδῆ.

201 1191 253 1232 D.
312 1190 365 1230 ἐν
396 1191 649 1245 θυσίαις]
684 1190 921 1234 stobaeum
953 1192 995 1232 ἐν
1025 1189 1274 1245 ευθυμίαις.

88 1279 158 1319 eat
189 1289 214 1317 a
242 1274 387 1318 verbo
407 1274 528 1328 χλίω,
560 1276 746 1317 calore
785 1276 893 1319 sol-

88 1333 440 1385 vo,'mollio,
481 1332 704 1374 deliciis
748 1332 892 1375 fran-

90 1403 170 1444 go.
219 1402 262 1432 v.
305 1389 635 1434 Ruhnken.
687 1390 740 1432 ad
777 1391 890 1435 Tim.

90 1449 238 1490 GlOSS.
278 1460 320 1500 p.
363 1446 458 1491 176.
501 1470 556 1477 —-
627 1447 892 1502 ἐπιμελὴς

91 1504 390 1559 ἀγαθῶν,
420 1502 666 1558 ἀμελὴς
702 1510 892 1546 κακῶν.

93 1562 291 1606 Imitatus
323 1566 392 1603 est
419 1561 523 1603 haec
555 1561 809 1604 Ar1staen
825 1567 892 1606 et

92 1619 274 1688 Epistol.
306 1619 337 1663 I.
375 1619 422 1661 lt
468 1617 632 1673 αμελὴς
667 1617 891 1674 ἄκόμψων,

92 1673 298 1729 ἐπιμελὴς
329 1675 560 1732 εὔπρεπῶι.
581 1697 638 1707 -·-
697 1678 762 1719 De
791 1690 893 1730 pro·-

91 1734 218 1776 ximis
245 1733 389 1776 verbis
415 1734 726 1776 Scln‘itzius
746 1734 890 1778 Lectt.

91 1794 260 1841 Platon.
293 1790 479 1845 Specim.
511 1792 544 1835 l.
576 1805 615 1845 p.
648 1793 692 1836 4.
732 1792 793 1832 sic
829 1791 893 1832 di—

93 1847 306 1903 spu'tavitx
371 1847 734 1900 „Sententiarum
783 1849 895 1890 inter

96 1920 145 1948 se
184 1906 417 1948 relatarum
454 1907 768 1961 oppositionem
805 1911 896 1947 tur-

92 1964 242 2006 batam
283 1975 381 2005 esse
421 1966 535 2006 nullo
574 1964 750 2014 negotio
795 1974 895 2016 per—

94 2020 287 2075 spicitur.
329 2022 515 2062 Primum
545 2022 655 2062 enim
679 2022 789 2061 inter
810 2017 896 2061 πό-
935 2021 938 2025 ’

94 2094 152 2132 νῳ
183 2083 227 2119 et
258 2075 372 2131 λόγῳ
403 2091 578 2132 prorsus
602 2081 714 2119 nulla
736 2084 802 2119 est
824 2091 893 2119 re-

96 2134 223 2186 latio,
253 2147 366 2187 quae
390 2134 502 2176 inter
533 2134 658 2189 φόβῳ
690 2140 734 2176 et
762 2133 894 2187 πόθῳ

95 2192 203 2234 satis
262 2193 374 2233 clara
434 2192 679 2243 intercedft3
740 2191 894 2233 deinde

96 2261 302 2303 quorsum
353 2250 526 2290 omnino
572 2249 639 2291 hic
688 2250 730 2289 ἐν
780 2247 893 2304 λόγῳ

97 2306 331 2373 pertineat,
363 2311 436 2347 ant
468 2319 592 2359 quam
616 2306 698 2346 vim
719 2305 893 2358 babeat,

95 2363 270 2417 intelligi
293 2364 359 2404 vix
381 2369 551 2417 potest3
580 2363 765 2415 denique
786 2376 893 2416 qua-

97 2426 198 2463 tuor
235 2421 296 2462 illi
331 2422 608 2463 nominativi
621 2419 893 2475 κυβερνήτης,

97 2475 319 2531 ἐπιβάτης,
349 2476 698 2537 παραστάτης-κα
685 2478 720 2516 ιὶ
754 2476 894 2532 σωτήρ

98 2534 318 2605 quomodo
350 2535 403 2577 ad
435 2541 619 2588 quatuor
650 2535 818 2577 dativos
853 2537 896 2575 ἐν

97 2590 242 2646 πόνῳ,
285 2594 328 2632 ἐν
370 2591 522 2647 φόβῳ,
565 2595 607 2633 ἓν
646 2592 806 2645 πόθῳ,
852 2593 896 2633 ἓν

98 2648 210 2705 λόγῳ
241 2649 503 2702 referantur,
536 2655 583 2691 ut
611 2650 777 2703 singula
808 2650 897 2691 sin-

99 2708 209 2762 gulis
239 2705 292 2748 ad
312 2708 567 2749 sententiam
587 2706 895 2762 respondeant,

100 2763 211 2806 haud
241 2769 432 2819 apparet.
494 2766 647 2818 ltaque
671 2777 803 2818 quum
826 2764 899 2805 vix

101 2820 307 2863 credibile
357 2821 411 2862 sit
443 2822 677 2876 Agathonis
720 2834 897 2875 operam

100 2878 142 2919 in
173 2878 458 2920 concinnitate
490 2879 796 2922 sententiarum
828 2892 899 2921 as-

103 2934 307 2976 sectanda
368 2936 554 2988 positam
617 2940 808 2977 extrema
856 2936 899 2976 in

102 2997 226 3046 parte
276 2990 571 3043 claudicasse,
635 2992 901 3033 librariorum

103 3049 229 3101 culpa
261 3049 460 3089 nonnulla
507 3047 573 3089 hic
603 3049 773 3090 turbata
805 3062 902 3090 esse

103 3104 368 3148 arbitramur.
429 3105 489 3146 Ut
519 3106 666 3162 paucis
697 3104 904 3158 defunga-

103 3175 222 3214 mur,
282 3163 339 3204 ita
395 3162 520 3203 nobis
567 3162 735 3203 videtur
775 3161 900 3204 Plato

105 3220 353 3273 scripsisse·
401 3222 442 3259 ἐν
484 3217 632 3274 φόβῳ,
673 3221 717 3258 ἐν
752 3233 805 3259 πο
800 3217 900 3271 ’θῳ,

104 3279 148 3319 ἰν
176 3275 320 3330 πόνῳ,
350 3278 394 3317 ἐν
428 3276 573 3331 μόγῳ,
619 3273 901 3330 κιβερνήτης,

102 3332 326 3388 ἐπιβάτης,
356 3332 634 3389 παραστάτης
663 3331 732 3373 καὶ
761 3331 901 3400 σωτὴρ

104 3393 295 3448 αριστος.
327 3393 414 3435 lam
434 3394 614 3446 primum
636 3395 772 3433 totam
791 3389 899 3432 ima—

977 1277 1120 1344 ginem
1154 1290 1178 1318 e
1208 1289 1254 1318 re
1285 1276 1455 1319 nautica
1478 1275 1656 1334 petitam
1677 1291 1774 1321 esse

980 1333 1301 1375 existimamus.·
1348 1334 1498 1377 Nautis
1533 1335 1643 1377 enim
1675 1348 1776 1378 sae-

979 1404 1034 1445 pe
1075 1392 1235 1432 timor
1275 1392 1507 1451 naufragii,
1554 1392 1777 1436 deside-

976 1449 1112 1490 rium
1148 1453 1304 1500 terrae,
1343 1447 1498 1491 labor
1527 1448 1567 1490 in
1593 1449 1773 1492 difficul-

979 1510 1069 1547 tate
1100 1506 1349 1559 navigandi,
1381 1520 1638 1548 aerumna
1671 1521 1776 1549 nau-

980 1563 1228 1614 seantibus,
1267 1563 1380 1614 fame
1421 1564 1775 1617 periclitantibus,

980 1632 1079 1660 cum
1118 1622 1450 1674 tempestatibus
1492 1623 1775 1663 conflictanti-

979 1677 1059 1718 bus
1089 1678 1283 1718 aceidere
1315 1680 1438 1719 solet.
1499 1679 1543 1719 ln
1581 1679 1776 1721 timore

977 1734 1107 1787 igitur
1137 1734 1209 1775 illo
1239 1735 1340 1786 quid
1377 1732 1776 1788 gubernatore,

978 1791 1019 1832 in
1050 1791 1335 1833 desiderio
1373 1792 1471 1844 quid
1505 1793 1656 1834 socio
1689 1794 1776 1834 iti·

979 1847 1127 1889 neris
1179 1852 1234 1889 et
1280 1849 1482 1890 comite
1530 1847 1775 1904 (ἐπιβάτῃ),

979 1905 1031 1946 in
1069 1904 1258 1946 labore
1296 1905 1394 1959 quid
1435 1906 1778 1948 auxiliatore

979 1961 1298 2018 (παραστάτῃ),
1317 1963 1358 2003 ἰιι
1391 1973 1648 2005 aerumna
1674 1963 1776 2016 quid

981 2019 1338 2073 sospitatore
1370 2020 1574 2074 (σωτῆρι)
1609 2021 1778 2075 optabi-

980 2076 1088 2118 lius?
1148 2076 1272 2117 Haec
1317 2077 1449 2130 igitur
1478 2077 1618 2119 officia
1646 2090 1777 2119 unum

981 2136 1181 2175 Amorem
1215 2137 1353 2174 omnia
1388 2138 1610 2187 praestare
1632 2147 1780 2176 aman-

979 2192 1093 2232 tibus
1126 2190 1257 2231 docet
1331 2191 1494 2233 Deinde
1538 2191 1616 2233 liae
1653 2193 1776 2233 unius

979 2248 1128 2289 literae
1167 2248 1407 2289 mutatione
1447 2249 1653 2302 uniusque
1698 2262 1777 2290 vo-

979 2305 1116 2346 cabuli
1150 2305 1482 2359 transpositione
1525 2305 1606 2347 boc
1642 2306 1777 2347 effici-

978 2366 1063 2413 tur,
1094 2367 1142 2403 ut
1172 2364 1338 2415 singula
1357 2363 1531 2416 singulis
1554 2362 1606 2404 ad
1627 2375 1777 2404 amus-

978 2420 1055 2460 sim
1103 2420 1410 2472 respondeant.
1479 2420 1539 2461 Ut
1586 2422 1696 2462 enim
1735 2422 1778 2460 ἔν

979 2475 1106 2530 φόβῳ
1149 2478 1200 2517 ad
1243 2478 1476 2530 malorum,
1515 2478 1579 2518 sic
1620 2479 1662 2518 ἐν
1691 2475 1778 2517 πό-

977 2537 1050 2586 θῳ
1082 2533 1134 2574 ad
1167 2534 1373 2575 bonorum
1407 2535 1778 2588 exspectationem

978 2591 1185 2642 refertur3
1218 2597 1266 2632 ut
1297 2590 1430 2639 πόνος
1462 2593 1704 2634 molestiam
1736 2593 1778 2633 in

980 2648 1173 2702 agendo,
1206 2649 1266 2689 sic
1295 2646 1432 2700 μόγος
1462 2649 1706 2691 molestiam
1737 2650 1781 2691 in

980 2705 1182 2760 patiendo
1223 2705 1439 2759 designat3
1485 2706 1659 2748 tandem
1709 2721 1782 2748 κυ-

982 2761 1186 2818 βερνήτης
1215 2763 1269 2803 ad
1301 2762 1454 2816 φόβον,
1487 2763 1696 2817 ἐπιβάτης
1725 2762 1779 2805 ad

983 2818 1135 2862 πόθον
1167 2821 1279 2873 (quis
1311 2820 1421 2862 enim
1453 2821 1673 2875 flagrantis
1704 2820 1780 2862 de-

985 2876 1126 2920 siderii
1158 2890 1327 2918 sensum
1362 2877 1512 2919 melius
1531 2880 1659 2920 lenire
1678 2891 1781 2933 pos-

985 2937 1067 2986 sit,
1108 2947 1240 2987 quam
1274 2936 1418 2976 socius
1457 2936 1644 2987 itineris,
1686 2935 1780 2987 qni·-

987 3003 1084 3033 cum
1117 2992 1404 3048 colloquendo
1449 2991 1574 3034 boras
1619 2992 1779 3032 tardius

988 3054 1136 3090 euntes
1175 3048 1321 3090 fallere
1359 3049 1590 3103 possis?)‚
1639 3063 1780 3101 παρα-

987 3103 1147 3158 στάτης
1175 3106 1228 3146 ad
1261 3105 1414 3157 πόνον,
1452 3104 1723 3146 similitudine
1753 3117 1779 3144 a

984 3156 1292 3231 remigantibus
1315 3163 1457 3212 ducta,
1490 3162 1673 3213 denique
1698 3176 1779 3201 σω-

984 3219 1066 3274 τὴρ
1109 3219 1162 3262 ad
1202 3218 1340 3273 μάγον
1383 3219 1603 3272 aptissime
1642 3217 1778 3258 refer-

984 3279 1102 3318 tur.“
1163 3277 1287 3319 Haec
1316 3276 1379 3318 vir
1409 3275 1604 3328 egregius
1623 3287 1779 3328 magno

985 3335 1192 3376 acumine.
1256 3334 1379 3377 Quae
1397 3331 1488 3373 scio
1515 3332 1656 3373 multis
1688 3334 1779 3385 pla-

985 3392 1119 3434 citura
1150 3404 1263 3441 esse,
1301 3387 1430 3431 modo
1462 3400 1514 3430 ne
1544 3390 1779 3442 transposi-
