2158 3718
145 718 201 762 78
232 709 421 781 ᾴσητε.

960 118 1284 195 PLAToNis

203 114 206 118 ’
231 152 369 227 162*

230 293 410 360 πειρῶ
466 288 829 358 ἀναπείθειν,
887 271 1125 357 μᾶλλον
1159 288 1222 344 δὲ
1275 286 1350 358 μὴ
1389 285 1464 352 ὠς
1517 287 1680 358 ἡμῶν
1728 288 2019 371 δεδιότων,

231 372 360 428 ἀλλ’
409 378 542 438 ἴσως
589 375 675 427 ἔνι
720 392 803 436 τις
851 373 944 425 καὶ
994 387 1059 426 εν
1104 370 1240 442 ἡμῖν
1285 380 1441 442 παῖς,
1490 371 1636 436 ὅςτις
1683 372 1751 426 τὰ
1786 374 2020 428 τοιαῦτα

233 461 511 528 φοβειται.
585 460 792 511 τοῦτον
841 450 951 510 οὐν
997 455 1324 526 πειρώμεθα
1363 459 1595 510 πείθειν
1649 454 1723 526 μὴ
1774 458 2022 512 δεδιέναι

230 539 331 595 τὸν
367 541 622 595 θάνατον
661 538 843 609 ὥςπερ
890 537 958 593 τὰ
1003 540 1402 609 μορμολύκεια.
1476 538 1639 593 ’Ande
1675 541 1800 611 χρή,
1839 543 1948 610 ἔφη
1987 538 2021 594 o‘

233 625 560 696 Σωκράτης,
603 624 836 695 ἐπᾴδειν
874 621 1026 694 αὐτῷ
1066 623 1299 693 ἑκάστης
1335 622 1567 695 ἡμέρας,
1606 625 1710 687 ἕως
1747 623 1820 678 ἄν
1859 623 2019 688 ε’ξεπ-

495 707 697 762 Πόθεν
743 699 880 776 οὖν,
929 710 1064 776 ἔφη,
1114 700 1162 761 03
1207 709 1536 778 Σώκρατες,
1584 712 1700 762 τῶν
1745 708 2020 762 τοιούτων

130 796 150 801 s
231 790 454 862 ἀγαθὸν
491 789 715 862 ἐπῳδὸν
753 792 1080 862 ληψόμεθα,
1132 790 1325 862 ἐπειδὴ
1366 793 1470 861 σύ,
1511 795 1647 862 ἔφη,
1697 790 1840 862 ἡμᾶς
1877 789 2020 846 ἄπο-

228 879 468 940 λείπεις;
508 873 706 945 Πολλὴ
744 874 850 945 μ’ὲν
886 873 921 945 ἡ
953 874 1166 945 Ἑλλάς,
1206 878 1334 946 ἔφη,
1375 870 1422 929 ὦ
1446 877 1647 945 Κέβης,
1690 876 1754 931 ἐν
1778 869 1818 947 ᾗ
1842 878 2025 931 ἔνεισί

203 1070 206 1071 ⁷
344 1026 686 1098 ἕξεποξσῃτε]
729 1033 874 1099 Vulgo
913 1038 1004 1074 erat
1043 1026 1304 1092 ἐξιασηται.
1345 1035 1507 1074 Verum
1528 1033 1800 1074 Heindorfius
1831 1034 1886 1074 de
1916 1047 2018 1076 con·

227 1092 389 1131 iectura
417 1090 603 1130 restituit
638 1090 836 1142 idemque
864 1090 1085 1130 inventum
1116 1095 1180 1130 est
1206 1091 1249 1130 in
1270 1090 1467 1133 Vind.¹1⁷
1489 1103 1554 1188 pr.
1577 1103 1631 1131 m.
1672 1092 1762 1130 Iam
1782 1091 1927 1143 accipe
1949 1103 2016 1131 er-

227 1158 348 1187 rores
368 1146 617 1186 scribaium.
643 1145 738 1188 Par.
765 1145 796 1186 Ο
817 1139 1085 1200 ἐξετάσητε,
1115 1147 1223 1187 Ven.
1247 1146 1295 1188 Π
1314 1146 1408 1187 Par.
1433 1144 1467 1186 G

1515 1141 1695 1214 ξεπᾳση
1700 1159 1804 1199 ται,
1835 1146 1947 1190 Flor.
1969 1147 2020 1187 ib

227 1202 325 1246 Par.
346 1202 408 1243 EI
434 1194 776 1256 ἔξευποὶσηται,
817 1202 917 1245 Vat.
949 1214 1057 1243 corr.
1097 1194 1381 1256 ἐξαπασητε,
1425 1202 1493 1242 alii
1526 1160 1758 1257 ἐξιᾶσητε.
1789 1202 1904 1246 conf.
1932 1202 2016 1244 Lo-

226 1258 350 1299 beck.
373 1258 429 1299 ad
448 1257 677 1311 Phiyuich.
699 1270 742 1311 p.
766 1259 865 1301 320.

230 1376 635 1426 διασκεδάννυσιν
651 1390 740 1433 aut,
751 1384 787 1424 si
807 1384 948 1434 malis,
967 1382 1074 1425 δια-

230 1436 554 1482 σκεδαννῦσιν
576 1439 681 1479 satis
702 1447 846 1493 aperte
868 1440 1007 1481 docet.

283 1497 333 1538 E.
366 1494 547 1549 πειρῶ
571 1487 947 1547 ἀναπείθειν]
970 1496 1013 1536 h.
1037 1510 1072 1537 e.

156 1562 158 1565 ·
226 1564 321 1595 nos
342 1552 562 1592 meliora
582 1551 791 1600 docere
811 1551 964 1592 aham
989 1565 1077 1593 no

226 1609 308 1649 bis
339 1608 659 1649 sententiam
689 1609 929 1660 probare.
970 1609 1079 1649 Ver-

226 1666 323 1705 bum
345 1664 570 1704 illustravit
591 1665 628 1702 Α
641 1663 841 1707 bresch.
865 1664 1075 1706 Dilucidd.

224 1720 613 1786 Thucyd.Aucta1-.
634 1733 676 1772 p.
700 1721 784 1761 258
802 1733 895 1787 sqq.
918 1721 980 1761 De
1000 1734 1074 1774 ge-

225 1777 370 1817 netivo
413 1770 476 1824 ώς
517 1773 749 1817 δεδιότων
777 1798 830 1805 -
859 1771 995 1841 ἡμῶν
1035 1791 1076 1817 v.

223 1832 404 1875 Matth.
426 1833 467 1883 §.
480 1832 576 1873 568.
604 1832 796 1873 Ceterum
818 1846 882 1887 μη
905 1842 1078 1886 proptel

227 1889 539 1943 oppositionem
570 1900 666 1927 cum
695 1889 739 1927 vi
769 1891 1073 1954 praepositum,

222 1952 271 1986 ut
299 1945 432 1998 Legg
462 1944 536 1988 IX.
567 1957 611 1997 p.
642 1945 726 1987 882
748 1944 780 1985 Β
808 1939 873 1999 μὴ
905 1938 1078 2000 ἀρχόν-

223 2014 319 2043 των
339 1994 648 2043 κελευόντων.
675 2001 773 2043 Grit
798 2014 842 2055 p.
865 2002 982 2051 471)
1003 2003 1078 2043 ubi

221 2058 348 2123 plura
369 2058 578 2098 dedimus.

281 2106 406 2155 αλλ’
450 2112 583 2162 ἴσως
624 2108 709 2156 ἔνι
750 2127 836 2163 τις
876 2111 979 2155 καὶ
1017 2108 1077 2156 ἐν

227 2164 371 2225 ἡμῖν
410 2167 572 2224 παῖς]
615 2171 813 2235 Respicit
838 2172 970 2211 veiha
1001 2171 1078 2212 So-

222 2227 374 2267 cratis:
403 2223 488 2268 καὶ
520 2221 737 2268 δεδιέναι
765 2219 818 2269 τὸ
849 2226 944 2268 τῶν
964 2227 1075 2269 παί

222 2281 347 2347 διον,
374 2276 438 2337 μὴ
471 2296 534 2330 ως
563 2275 763 2336 ἀληθῶς
798 2296 842 2327 κ.
866 2298 905 2327 τ.
932 2284 972 2325 λ.
1015 2285 1076 2324 De

220 2340 373 2380 ceteris
409 2339 559 2379 audias
581 2338 1073 2392 Wyttenbachium:

220 2396 439 2447 „Primum
461 2395 655 2449 quidem,
679 2396 818 2447 inquit
837 2396 921 2448 ille,
955 2403 996 2436 et
1016 2398 1075 2437 ita

221 2452 363 2493 subito
405 2452 562 2504 legenti
594 2452 788 2492 videatur
828 2453 982 2504 aliquis
1020 2467 1074 2493 ex

218 2508 533 2562 praesentibus,
558 2509 752 2561 inprimis
770 2509 1069 2563 Apollodorus,

220 2563 469 2617 significari:
512 2572 554 2604 at
595 2577 753 2605 nexum
788 2573 828 2605 et
863 2566 1071 2606 rationem

221 2621 528 2674 disputationis
570 2622 807 2661 attendenti
834 2634 935 2662 mox
974 2623 1071 2676 pla-·

221 2689 321 2716 num
342 2676 389 2715 fit
410 2677 464 2715 ad
486 2677 726 2716 interiorem
748 2678 953 2729 cuiusque
976 2679 1068 2718 ani-

218 2745 336 2771 mum
378 2732 554 2782 eiusque
593 2740 753 2783 partem
783 2734 989 2785 puerilem
1032 2740 1071 2773 et

217 2788 503 2827 irrationalem
525 2787 629 2826 haec
649 2788 810 2828 referri.
843 2790 893 2829 Et
915 2791 976 2829 sic
998 2802 1070 2829 ve-

218 2851 332 2883 teres
362 2843 474 2882 hunc
506 2843 644 2883 locum
676 2851 716 2884 et
744 2838 830 2886 τὸν
866 2838 976 2889 ἐνκ
951 2848 1071 2898 ημῖν

217 2897 391 2952 παῖδα,
416 2911 636 2952 puerum
659 2901 707 2939 in
734 2901 884 2941 nobis
913 2902 1069 2942 abdi-

218 2964 349 3004 tum,
371 2956 634 3008 interpretati
657 2963 772 2998 sunt.
815 2957 943 2997 Velut
964 2958 1066 2997 Pm-

218 3011 343 3066 phyr.
375 3011 437 3052 De
468 3012 627 3054 abstin.
652 3012 682 3052 1.
704 3014 772 3053 41.
798 3025 839 3065 p.
863 3014 916 3054 69
945 3026 1068 3054 παν-

218 3066 368 3134 ταχοῦ
408 3061 499 3121 γὰρ
541 3067 626 3108 τοῦ
664 3061 715 3109 ἐν
743 3063 861 3122 ἡμῖν
889 3063 1067 3117 παιδὸς

218 3112 281 3176 ’ἦν
310 3122 465 3165 ταῦτα
495 3116 552 3164 τὰ
575 3118 1064 3191 παθῃ.’“1116ιῃίεῑ.()ι·

217 3181 254 3220 1.
263 3193 318 3245 p.
345 3179 452 3221 13D
494 3175 594 3221 ἔστι
634 3175 722 3234 γάρ
750 3195 821 3228 τις
858 3174 909 3222 ἐν
945 3175 1066 3246 ἡμῖν

218 3228 277 3277 οὗ
318 3239 455 3283 παῖς,
500 3227 560 3284 ω’ς
602 3248 779 3305 φησιν
792 3231 814 3278 ὁ
847 3232 1066 3287 Πλατων,

218 3283 327 3333 αλλ’
358 3286 464 3333 οἷόν
500 3307 571 3340 τις
605 3286 812 3360 ευγενὴς
854 3294 1067 3347 νεανίας

219 3341 495 3447 φιιλῖόνεικός
517 3362 570 3402 γε
591 3343 829 3404 ὑπεροχῆς
851 3327 1067 3403 ἐραστής.

215 3416 244 3449 a

271 3454 698 3515 μορμολύκεια]
767 3455 824 3504 τὰ
883 3455 1066 3517 φοβερα

1161 1386 1263 1433 τοῖς
1298 1382 1440 1426 παισὶ
1475 1386 1748 1438 προςωπεῖα
1785 1385 2018 1439 interprete

1162 1442 1395 1493 Timaeo,
1419 1441 1473 1480 ad
1494 1454 1620 1506 quem
1643 1441 1767 1494 plura
1787 1441 1987 1482 Ruhnk.

1221 1473 1479 1552 επᾴδειν
1519 1489 1673 1552 αὐτῷ
1710 1519 1762 1526 —-
1804 1492 1906 1545 εως
1946 1489 2057 1538 αν’

1165 1539 1515 1607 ἔξεπᾴσητε]
1539 1542 1797 1607 Ἐπόὶδειν,
1830 1554 2017 1594 inean-

1164 1618 1302 1660 tare‚
1346 1607 1579 1663 τροπικῶς
1615 1609 1879 1664 consolandi,
1922 1622 2014 1650 mo-

1165 1666 1320 1718 nendi,
1362 1666 1541 1706 docendi
1583 1665 1892 1719 significatione
1930 1665 2016 1707 fre·

1166 1722 1360 1774 quentari
1387 1734 1483 1762 cum
1514 1723 1566 1762 ab
1598 1723 1692 1776 ipso
1713 1722 1903 1773 Platone,
1923 1728 2012 1763 tum

1165 1791 1189 1818 a
1217 1778 1446 1819 Platonicis
1484 1779 1606 1819 docta
1643 1779 1930 1832 disputatione
1959 1779 2015 1820 ad

1165 1835 1277 1875 hunc
1308 1835 1445 1875 locum
1479 1835 1622 1875 docuit
1642 1835 2013 1887 Wyttenbach.

1167 1891 1415 1933 Conferatur
1445 1891 1657 1934 Chat-mid.
1688 1904 1732 1945 p
1764 1891 1844 1932 155
1865 1891 1944 1932 DE
1975 1900 2015 1932 et

1163 1960 1205 2001 p.
1238 1948 1317 1988 157
1355 1955 1395 1987 et
1429 1948 1526 1991 Hor.
1560 1947 1917 2001 Epist.1.1,.34
1945 1960 2012 2013 sq.

1164 2004 1306 2055 ibique
1347 2016 1447 2048 ann.
1490 2006 1635 2055 Itaque
1676 2004 1802 2044 etiam
1843 1996 2012 2058 ε’ξεπᾳ-

1166 2058 1285 2109 δειν,
1296 2060 1762 2101 incantationibus
1784 2060 2014 2112 aliquem

1165 2118 1227 2157 ab
1257 2117 1437 2168 aliquo
1466 2117 1603 2157 malo
1632 2116 1887 2170 liberare,
1929 2117 2013 2158 in—

1165 2173 1566 2214 cantationibus
1608 2185 1819 2222 sanare,
1879 2180 2012 2214 meta-

1163 2229 1339 2283 phorice
1378 2230 1709 2282 intellegendum
1751 2238 1829 2270 est.
1879 2229 2011 2282 Soph.

1164 2286 1266 2328 Oed.
1294 2285 1382 2326 Col.
1408 2287 1516 2327 1192
1524 2262 1650 2327 Οείσὶ
1661 2278 1916 2352 χατέροις
1932 2299 2010 2351 γο-

1162 2339 1246 2383 ναὶ
1267 2339 1414 2383 κακαὶ
1435 2339 1520 2383 καὶ
1543 2335 1703 2396 θυμὸς
1726 2334 1854 2394 ὀξύς,
1886 2334 2010 2383 αλλα

1161 2391 1539 2463 νουθετούμενοι
1570 2398 1742 2464 φίλων
1801 2373 2012 2453 ἐπῳδαῖς

1161 2448 1498 2523 ἐξεπᾴδονται,
1513 2450 1673 2508 φύσιν.
1716 2455 1813 2497 Eur.
1836 2455 2009 2522 Hippol.

1158 2514 1243 2553 478
1285 2497 1407 2552 εἰσὶν
1448 2507 1498 2552 δ’
1534 2504 1719 2576 ἐπῳδαὶ
1753 2509 1838 2552 καὶ
1878 2512 2009 2566 λογοι

1158 2561 1461 2632 θελκτήριοι·
1484 2561 1769 2632 φανησεταί
1792 2581 1839 2608 τι
1863 2566 2010 2621 τῆςδε

1161 2619 1418 2677 φάρμακον
1439 2618 1597 2666 νόσου.

1214 2680 1260 2721 Ρ.
1288 2681 1354 2722 78.
1391 2673 1594 2721 Πόθεν
1624 2667 1752 2732 οὖν,
1787 2674 2006 2733 ἔφη,-

1159 2729 1369 2803 ἐπειδὴ
1411 2730 1500 2788 σύ,
1545 2731 1684 2789 ἔφη]
1729 2710 1789 2774 ὗε
1829 2737 2006 2789 repetito

1160 2787 1254 2845 ἔφη
1271 2792 1369 2831 vide
1389 2801 1556 2844 piaetei
1578 2791 1837 2834 locumXen.
1851 2791 2006 2835 Oecon.

1121 2890 1126 2894 ⁴
1159 2847 1271 2889 V111.
1307 2849 1358 2887 15
1401 2848 1454 2887 ab
1486 2847 1801 2888 Heindoifio
1833 2848 2007 2888 allatum

1155 2903 1267 2945 Xen.
1312 2903 1474 2942 Helhn
1518 2906 1567 2946 11.
1609 2907 1657 2954 3,
1700 2905 1754 2945 52
1795 2896 2006 2968 ακούσας

1157 2958 1310 3000 ταῦτα
1340 2953 1364 2999 ὁ
1391 2957 1667 3030 Θεραμὲνης
1699 2973 1821 3001 ανεπ
1844 2954 2022 3027 ’δησεν

1155 3008 1235 3056 ἐπὶ
1251 3009 1338 3080 τὴν
1350 3009 1544 3057 Εστίαν
1560 3030 1643 3057 και
1662 3011 1810 3058 εἶπεν·
1854 3031 1919 3071 ’γω
1938 3010 2004 3065 δ’,

1155 3067 1282 3140 ἕψῃ,
1298 3059 1333 3112 ὦ
1364 3063 1554 3126 ἄνδρες,
1586 3066 1797 3117 ἱκετεύω.
1841 3074 1944 3116 ibid.
1977 3086 2002 3115 ο

1156 3126 1210 3168 δε
1252 3127 1565 3195 απεκρίνατο·
1623 3121 1730 3170 αλλ’
1770 3123 1827 3170 οὗ
1869 3126 2010 3171 δοκεῖ

1153 3196 1251 3237 μοι,
1276 3180 1384 3251 ἔφη,
1407 3179 1556 3249 καλὸν
1580 3180 1720 3228 εἶναι.
1746 3186 1880 3228 Erast
1896 3186 2001 3228 Plat.

1161 3241 1293 3281 132ss
1325 3236 1380 3282 Ο
1422 3235 1472 3282 δ’
1516 3237 1639 3290 εἶπε,
1681 3244 1846 3294 ποῖον,
1889 3237 1998 3295 ἔφη,

1155 3309 1300 3392 ἕειῇῗη
1315 3295 1427 3395 {gh
1443 3291 1737 3420 ζῗίλῖξέιίἰῡῐῗη
1757 3297 1926 3395 Latin?
1958 3311 1998 3339 v

1214 3403 1407 3464 Πολλὴ
1431 3404 1584 3465 μὲν
1558 3425 1586 3463 η
1602 3355 1896 3457 Ἑλλοιῖς92
1819 3357 1946 3463 -]ΙΟ].
1960 3422 1996 3454 e.
2052 3433 2054 3435 >

1154 3464 1258 3505 late
1278 3476 1485 3520 patens.
1506 3467 1664 3508 Eodem
1680 3463 1999 3511 modor'rheocr.
