2222 3762
384 239 505 308 tis,
538 237 625 295 (3³1
641 238 738 292 ito
754 255 788 289 n
804 255 930 304 em,
969 236 1113 291 Gor
1129 237 1244 311 gia
1262 255 1329 288 ma
1352 265 1375 284 »ι
1398 236 1622 290 Vocari
1648 245 1831 291 autem
1867 239 1926 292 hi
1962 236 2078 293 diac-

382 309 630 383 logi-iure
656 316 889 380 possunt
915 307 1185 363 Socratici
1208 307 1365 376 iique¹
1382 306 1682 366 elencht‘iei
1698 317 1863 380 atque
1887 309 2073 378 ethici,

389 452 718 460 —-...—-..-—.---—-—-

496 526 710 576 menides,
735 526 957 588 cratylus,
989 538 1099 578 quos
1131 526 1386 565 dialecticos
1417 524 1554 565 libros
1590 527 1860 576 nominavit3
1890 527 2081 580 denique

496 585 573 637 qui
615 585 699 624 visi
737 590 839 625 suut
887 585 1113 629 doct-rinae
1160 583 1377 623 rationem
1405 582 1612 623 subtilius
1642 585 1862 626 illustrare
1892 596 1945 625 ac
1975 598 2077 626 vere

494 643 737 685 Platonici:
787 642 1024 692 Philebus,
1071 640 1594 694 Symposium,‹P0litia‚
1629 642 1860 691 Timaeus,
1897 641 2078 688 Critias.

495 700 619 742 Haec
656 700 797 751 igitur
840 699 921 739 Fr.
966 700 1183 753 Astius3
1225 699 1302 750 qui
1340 699 1447 739 licet
1472 699 1796 752 vipse-quoque
1827 701 1964 742 multa
1993 703 2079 742 ele·

495 764 652 811 gauter
703 763 746 797 et
792 758 1011 798 subtiliter
1059 759 1113 797 de
1152 770 1215 796 re·
1248 763 1539 797 controversa
1577 757 1894 810 disputaverit,
1933 764 2080 800 tamen

496 817 550 856 de
581 828 751 856 summa
781 816 980 867 tcaput-1<
1006 815 1462 866 paucissimos·stdem
1493 815 1685 861 invenlt,
1719 819 2079 870 quandoquidem

417 887 421 904 2
493 874 590 914 fieri
627 886 716 914 non
757 875 903 925 potuit
941 875 1045 926 quin
1078 873 1147 913 vel
1192 874 1278 914 ista
1307 873 1518 913 severitas
1550 877 1595 912 et
1623 874 1832 930 audacia,
1855 872 1951 928 qua
1979 877 2076 916 Pla-

492 937 640 973 tonem
687 935 858 972 tantum
911 943 1012 970 nour
1040 931 1148 971 fecit
1188 932 1488 979 dimidiatum,
1536 936 1690 983 utpote
1735 932 1909 984 ingenti
1944 941 2072 986 parte

493 990 757 1041 scriptorum
779 990 822 1029 ei
846 989 994 1040 vulgo.
1010 990 1335 1041 adscriptorum
1360 989 1625 1030 ¹insolentius
1657 990 1894 1042 privatum,
1914 991 2080 1032 erroris

435 1084 437 1087 .
495 1048 790 1099 suspicionem
832 1048 953 1098 'apud
984 1046 1188 1088 homines
1220 1056 1373 1088 cautos
1406 1053 1448 1087 et
1473 1047 1820 1099 circumspectos
1853 1050 2078 1090 excitaret.

497 1105 592 1153 Nec
630 1119 734 1146 vero
772 1103 914 1145 defuit
956 1107 1049 1157 qui·
1080 1106 1280 1146 Platonis
1324 1106 1481 1158 opibus
1521 1105 1612 1145 suis
1658 1106 1876 1147 violenter
1913 1108 2077 1160 privati

495 1164 790 1217 patrocinium
811 1164 1087 1215 susciperet-:1
1106 1163 1281 1211 Prodiit
1299 1165 1413 1204 enim
1434 1173 1538 1204 mox
1555 1164 1603 1203 in
1624 1165 1815 1204 medium
1846 1165 1915 1205 vir
1938 1165 2078 1206 sobrii

488 1223 663 1274 pariter¹
681 1227 814 1273 atque
831 1223 949 1262 acuti
969 1222 1124 1262 iudicii
1139 1221 1208 1262 εἷο
1222 1233 1312 1274 sep
1328 1221 1424 1261 hus
1443 1221 1514 1262 So
1527 1235 1548 1261 c
1561 1222 1724 1265 herus
1737 1253 1749 1270 ,
1774 1221 2074 1275 Monacensis,

497 1282 573 1333 qui
621 1280 668 1319 in
708 1277 854 1332 Opere
894 1281 1162 1321 doctissimo
1216 1287 1259 1320 et
1300 1281 1492 1320 maxima
1527 1281 1844 1332 perspicuitate
1886 1283 2078 1335 scripto:

493 1337 684 1387 „Ue-be
701 1350 723 1377 r
747 1338 996 1385 ,matous
1020 1337 1396 1380 *Schriften.·‘
1426 1337 1678 1389 Msmehen,
1713 1338 1841 1382 1820.
1864 1339 1912 1383 8,
1950 1352 2078 1392 supe-

491 1397 684 1436 rioribus
728 1396 892 1436 criticis
935 1397 1241 1447 gravissimam
1281 1397 1427 1436 movit
1452 1396 1815 1437 controversiam.
1874 1395 2082 1438 Ostendit

492 1455 609 1498 enim
641 1466 854 1505 perquam
885 1455 1089 1505 dilucide,
1109 1457 1155 1495 in
1185 1455 1352 1495 iudicio
1382 1455 1436 1494 de
1467 1455 1731 1507 scriptorum
1751 1453 2081 1497 Platonicorum

491 1513 683 1564 origine,
716 1514 888 1563 ordine,
921 1516 1199 1563 auctoritate,
1231 1518 1334 1552 ante
1363 1514 1513 1553 omnia
1542 1513 1590 1552 id
1620 1525 1718 1553 esse
1759 1513 2001 1568 agendum,
2033 1521 2082 1554 ut

493 1584 589 1611 cum
625 1577 819 1611 veterum
846 1572 1114 1624 scripturum
1134 1571 1400 1612 testimoniis
1431 1572 1594 1610 iustum
1624 1571 1813 1624 pretium
1844 1577 2080 1622 statuatur,

489 1635 580 1668 tum
614 1630 746 1669 etiam
778 1631 895 1669 vit-ae
925 1642 976 1670 ac
1006 1635 1252 1682 temporum
1285 1628 1623 1677 vicissitudines,
1654 1642 1763 1682 quas
1794 1629 1891 1682 ipse·
1918 1630 2067 1682 philo·

491 1685 658 1738 sophus
671 1687 728 1727 sit
737 1693 960 1739 expertus,
978 1689 1214 1735 dtlitgenter
1231 1687 1538 1739 respiciantur.
1573 1688 1614 1727 A
1631 1699 1718 1739 qua
1743 1688 1961 1728 sententia
1973 1700 2077 1741 pro·

489 1745 872 1785 fectusuonmodo
891 1746 1022 1786 fidem
1042 1747 1256 1786 librorum
1269 1745 1760 1786 aSchleiermache
1777 1756 1835 1785 ro
1853 1750 1898 1786 et
1913 1748 1952 1786 A
1967 1747 2079 1786 stio

491 1804 797 1843 damnatorum
826 1804 960 1845 »facile
982 1805 1290 1858 sustentavit,
1319 1804 1396 1843 sed
1443 1803 1570 1845 etiam
1613 1803 1902 1855 probabiliter
1929 1804 2082 1844 docuit

490 1867 691 1912 tempora
721 1864 815 1914 ipsa
845 1863 910 1902 ita
939 1863 1107 1916 tulisse,
1136 1869 1185 1902 ut
1214 1861 1507 1914 philosophus
1538 1862 1766 1914 paullatim
1786 1867 1831 1902 et
1850 1861 2079 1902 doctrinae

487 1921 708 1960 rationem
754 1926 800 1959 et
827 1933 933 1960 vero
968 1921 1099 1960 etiam
1131 1921 1278 1962 stilum
1314 1926 1447 1972 atque
1474 1920 1722 1960 disserendi
1756 1921 1971 1960 rationem
2005 1933 2080 1960 va-

487 1978 637 2018 riaret.
706 1977 869 2030 Itaque
918 1979 1099 2019 omnino
1143 1978 1321 2030 quidem
1374 1991 1448 2018 eas
1486 1978 1808 2031 dubitationes,
1855 1989 1968 2030 quae
2007 1979 2076 2018 vel

489 2035 1003 2077 Schleiermacheri
1049 2037 1117 2075 vcl
1160 2036 1311 2077 Astii
1353 2037 1526 2076 ratione
1565 2036 1782 2077 excitatae
1820 2042 1993 2086 essent,
2026 2036 2081 2076 de

486 2096 633 2134 medio
652 2094 884 2134 sustulisse
907 2094 1169 2135 iudicandus
1185 2099 1261 2135 est.
1327 2092 1592 2147 Quanquam
1610 2095 1657 2134 in
1687 2103 1777 2134 una
1807 2095 2082 2147 quaestionis

486 2158 612 2205 parte
662 2153 790 2192 iustis
818 2153 1020 2193 *virorum*
1053 2153 1283 2193 doctorum
1315 2152 1548 2192 desideriis
1579 2164 1670 2193 non
1702 2152 1928 2195 satisfecit.
1988 2150 2080 2192 Ne-

489 2223 574 2264 que
613 2212 729 2251 eui'm
768 2211 875 2251 satis
917 2211 1184 2264 ponderavit
1225 2215 1446 2251 momenta
1477 2223 1647 2262 rerum,
1677 2221 1792 2261 quae
1820 2210 1871 2251 in
1900 2211 2078 2261 scriptis

488 2268 731 2310 Platonicis
761 2275 976 2309 tractatae
1008 2276 1111 2314 sunt
1184 2267 1254 2308 Ex
1285 2280 1374 2320 quo
1397 2269 1557 2315 evenit,
1586 2274 1633 2308 ut
1662 2281 1804 2325 neque
1828 2269 1891 2308 ‘de
1921 2269 2081 2308 ordine

487 2328 701 2367 librorum
735 2327 1063 2367 Platonicorum
1107 2338 1423 2378 usquequaque
1462 2328 1568 2367 satis
1600 2331 1726 2367 caute
1766 2332 1995 2376 statueret,
2031 2333 2083 2365 ut

489 2398 622 2437 quum
657 2383 882 2435 Cratylum
915 2397 942 2424 a
984 2385 1143 2424 iuvene
1177 2383 1365 2423 Platone
1411 2386 1620 2435 seriptum
1651 2396 1750 2424 esse
1779 2383 1973 2433 censuit,
2004 2391 2080 2424 aut

484 2444 636 2482 Ionem
687 2447 730 2482 et
776 2442 984 2493 Hippiam
1028 2443 1238 2481 maiorem
1278 2442 1419 2480 eidem
1451 2441 1655 2482 Platonis
1697 2441 1830 2481 aetati
1862 2441 2079 2492 attribuit,

487 2513 576 2551 qua
611 2501 899 2549 Protagoras.
935 2497 1127 2550 Gorgias
1159 2505 1202 2538 et
1230 2498 1499 2539 Theaetetus
1532 2499 1685 2550 scripti
1717 2499 1818 2545 sint,
1850 2511 1993 2551 neque
2024 2499 2079 2539 de

482 2558 583 2601 file,
598 2567 639 2596 et
654 2558 919 2596 auctoritate
935 2555 1249 2596 nonnullorum
1269 2556 1481 2596 librorum
1501 2562 1620 2596 recte
1632 2557 2069 2610 iudicaret‚quando-

484 2616 658 2666 quidem
700 2615 954 2660 l’olitieum,
994 2613 1263 2666 Sophistam‚
1300 2613 1622 2670 Parmenidem,
1655 2613 1951 2655 Charmidem.
1984 2614 2073 2668 Ly-

484 2674 641 2721 sidem,
680 2677 853 2724 praeter
885 2673 1098 2724 opuscula
1122 2673 1205 2711 illa
1235 2672 1407 2712 minora
1430 2703 1440 2722 ,
1468 2672 1631 2712 dudum
1665 2673 1709 2712 in
1742 2673 1900 2712 malam
1931 2674 2073 2726 suspi-

482 2743 651 2771 cionem
676 2730 880 2774 adducta,
892 2742 972 2782 pro
996 2730 1242 2769 subditiciis
1265 2741 1362 2769 csse
1379 2730 1606 2770 habendos
1627 2731 1837 2770 audacius
1854 2737 2069 2783 pronunt-

479 2789 601 2829 iavit.
643 2786 864 2835 Quocirca
882 2800 964 2828 uos
983 2788 1160 2840 quidem
1180 2787 1312 2827 etiam
1334 2786 1402 2829 aS
1416 2801 1442 2827 ο
1455 2789 1611 2828 cheri
1633 2789 1853 2829 sententia
1871 2795 2071 2829 nostrum

482 2846 693 2887 iudicium
747 2846 1064 2898 seiungendum
1115 2859 1211 2886 esse
1264 2848 1532 2897 putav-imus.
1593 2845 1833 2887 censemus
1873 2848 1988 2886 enim
2021 2847 2067 2887 in

479 2904 563 2944 hac
604 2916 759 2944 caussa
798 2903 1089 2943 diiudicanda
1126 2905 1189 2943 ita
1231 2916 1328 2946 esse
1370 2904 1659 2956 versandum,
1705 2909 1754 2943 ut
1783 2909 1826 2944 et
1858 2905 2070 2945 librorum

481 2961 818 3002 Platonicorum
857 2967 1118 3012 argumenta
1157 2966 1294 3014 atque·
1331 2963 1542 3011 consilia,
1575 2967 1619 3002 et
1664 2961 1918 3015 philosophi
1950 2963 2070 3003 vitae

487 3020 816 3060 vicissitudines
847 3026 989 3071 atque
1009 3019 1254 3059 studiorum
1286 3025 1506 3072 tamquam
1525 3014 1714 3071 cursus,
1747 3027 1791 3060 et
1821 3018 2069 3061 disserendi

482 3079 607 3118 varia
637 3084 1005 3130 temperamenta.
1039 3083 1082 3115 et
1113 3088 1218 3117 vero
1260 3077 1392 3118 etiam
1423 3085 1619 3118 veterum
1651 3079 1916 3131 scriptorum
1946 3081 2068 3118 testi-

478 3137 629 3176 monia
666 3135 722 3175 de
761 3135 886 3175 libris
931 3135 1130 3175 Platonis
1170 3135 1348 3187 prodita
1387 3136 1519 3176 simul
1556 3147 1688 3188 quam
1725 3136 2066 3188 diligentissime

478 3200 782 3247 respectentur
811 3199 944 3246 atque
974 3194 1289 3246 ponderentur.
1349 3191 1448 3241 Qua
1486 3195 1777 3247 persuasione
1809 3194 1928 3234 ducti
1961 3201 2066 3235 aute

403 3267 406 3273 ¹
477 3251 561 3293 hos
610 3252 701 3292 fere
749 3252 932 3303 triginta
976 3262 1116 3291 anuos
1169 3262 1223 3291 ea
1261 3252 1419 3293 litteris
1456 3252 1813 3306 perscripsimus,
1858 3263 1974 3304 quae
2015 3252 2061 3291 in

423 3311 459 3342 ν’
478 3311 705 3364 superiore
736 3308 1105 3350 commentatione
1134 3321 1265 3359 nunc,
1296 3310 1449 3362 paucis
1479 3311 1683 3361 mutatis,
1716 3309 1906 3351 fideliter
1937 3322 2061 3361 repe-

457 3369 558 3410 ·tita
585 3368 883 3422 exposuimus.
944 3366 1038 3407 Nec
1069 3378 1175 3406 vero
1198 3364 1363 3408 temere
1378 3368 1442 3409 ita
1460 3370 1666 3410 statuisse
1687 3368 1903 3420 videmur,
1922 3380 2061 3418 qusu-
