2158 3718
342 130 442 208 120
986 125 1461 181 PLATONIS

335 279 458 346 περὶ
507 272 608 342 τὴν
655 277 752 331 τοῦ
800 278 944 330 θεοῦ
991 274 1145 330 δόσιν
1171 271 1302 342 ὑμῖν
1330 277 1464 345 ἐμοῦ
1490 272 2042 349 καταψηφισάμενοι.

230 374 281 427 Ε
334 358 431 414 ἐὰν
474 359 584 430 γὰρ
620 362 712 430 ἐμὲ
758 358 1132 425 ἀποκτείνητε,
1180 357 1248 412 οὐ
1289 353 1493 431 ῥᾳδίως
1545 359 1722 413 ἄλλον
1777 362 2044 415 τοιοῦτον

336 442 602 514 εὑρήσετε,
648 443 905 514 ἀτεχνῶς,
951 450 996 498 εἰ
1040 448 1129 497 καὶ
1174 443 1524 511 γελοιότερον
1568 452 1753 506 εἰπεῖν,
1799 447 2046 515 nocenti-

332 550 504 595 μενον
534 532 596 602 τῇ
642 527 797 582 πόλει
843 525 978 604 [ὑπὸ
1030 530 1129 580 τοῦ
1181 523 1354 603 θεοῦ]
1397 526 1573 597 ὥςπερ
1631 531 1781 596 ἵππῳ
1826 528 2044 596 μεγάλῳ

335 618 436 682 μὲν
497 618 598 666 καὶ
648 616 910 681 γενναίῳ,
963 610 1072 666 ὑπὸ
1127 615 1403 681 μεγέθους
1465 615 1521 665 δὲ
1581 615 1907 680 νωι9·εστέρῳ
1953 615 2047 666 καὶ

339 700 576 765 δεομένῳ
631 700 944 763 ἐγείρεσθαι
990 693 1099 750 ὑπὸ
1146 695 1374 764 μύωπος
1416 713 1594 758 τινος·
1659 694 1784 751 οἷον
1818 693 1906 762 Υδή
1950 717 2049 763 μοι

343 784 492 834 δοκεῖ
535 778 564 834 ὁ
618 778 752 840 θεὸς
799 784 888 848 ἐμὲ
938 784 1001 856 τῇ
1043 779 1198 833 πόλει
1255 783 1732 848 προςτεθεικέναι,
1788 779 2049 835 τοιοῦτόν

341 886 484 927 τινα,
528 862 590 927 ὃς
632 866 777 935 ὑμᾶς
817 869 1035 934 ἐγείρων
1099 868 1191 918 καὶ
1236 869 1452 918 πείθων
1499 866 1590 916 καὶ
1632 862 1906 931 ὀνειδίζων
1950 869 2048 918 ἕνα

462 1056 509 1098 Ε.
571 1055 662 1097 ἐὰν
701 1056 798 1113 γὰρ
841 1058 930 1110 ἐμὲ
973 1056 1361 1113 ἀποκτείνητε]
1425 1059 1497 1098 Sic
1545 1063 1662 1099 recte
1709 1057 1803 1098 libri
1849 1058 2053 1100 meliores

347 1126 425 1166 pro
457 1128 506 1164 με

462 1173 521 1225 τῇ
561 1171 711 1214 πόὶει
752 1170 852 1214 ὑπὸ
898 1175 984 1215 τοῦ
1028 1176 1203 1228 θεοῦ]
1251 1175 1388 1215 verba
1431 1169 1519 1213 ὑπὸ
1559 1173 1638 1212 tos
1675 1171 1792 1212 θεοῦ
1832 1172 2049 1227 Hirschig.

346 1242 427 1270 non
469 1239 554 1272 ten·
564 1245 635 1272 ere
678 1241 907 1285 suspectat-
917 1235 940 1274 it
951 1265 960 1274 .

346 1290 542 1340 petitum.

1026 1235 1102 1274 Est
1135 1235 1567 1286 interpretamentum
1603 1230 1832 1284 magistelli
1876 1243 1929 1272 ex
1960 1245 2052 1283 sqq.

459 1346 819 1402 νωθεστέρῳ]
855 1348 927 1388 Sic
961 1349 1083 1389 Bodl.
1120 1350 1215 1389 Vnt.
1248 1348 1358 1388 Ven.
1392 1346 1432 1388 b.
1470 1344 1595 1386 vind.
1627 1344 1667 1387 1.
1699 1345 1744 1389 4.
1778 1346 1820 1390 6.
1856 1345 1973 1388 Flor.
2010 1346 2052 1390 d.

345 1490 652 1532 cohortari.
697 1491 888 1534 Dativus
920 1490 1018 1544 ὑμῖν
1049 1507 1154 1546 pen-

345 1550 420 1588 det
462 1562 516 1588 ex
560 1551 737 1590 nomine
782 1548 922 1598 δόσις,
970 1553 1023 1592 de
1066 1564 1151 1604 quo

345 1608 551 1658 loquendi
566 1620 725 1659 genere
737 1609 838 1648 v-ad
851 1610 1151 1661 cap.IX.ext1·.

402 1665 455 1703 E.
515 1660 773 1716 ἀτεχνῶς,
820 1665 874 1706 εἰ
935 1667 1022 1707 καὶ
1069 1681 1150 1720 γε·

346 1718 745 1777 λοιότερον-ι
781 1724 834 1764 In
866 1725 936 1766 his
970 1720 1154 1776 ἀτεχνῶς

344 1781 535 1831 pertinet
560 1782 617 1822 ad
649 1784 955 1834 προςκείμενον
995 1784 1043 1835 τῇ
1076 1797 1154 1823 πο-

345 1839 406 1878 let
437 1840 520 1879 κτλ.
563 1852 704 1892 neque
747 1841 1056 1893 corrigendum
1091 1848 1157 1882 est

345 1909 442 1936 cum
472 1897 725 1938 Luzacio
765 1897 886 1938 Orat.
919 1901 973 1940 de
997 1897 1156 1940 Socra·

344 1960 387 1994 te
418 1955 514 1994 cive
545 1969 589 2007 p.
621 1955 690 1998 86.
726 1951 927 2008 εὖρήσετε
958 1952 1159 2008 (ἀτεχνῶς

345 2010 388 2051 εἰ
413 2013 480 2051 καὶ
512 2013 669 2063 εἰπεῖν)
707 2017 930 2064 προσκείμ.
965 2016 1031 2055 De
1057 2029 1154 2055 voc.

344 2065 531 2122 ἀτεχνῶς
567 2072 614 2111 in
645 2074 1048 2123 comparationibus
1079 2087 1157 2126 po-

347 2129 434 2168 sito
466 2142 506 2168 v.
538 2141 641 2169 ann.
674 2131 731 2169 ad
758 2130 857 2170 Ion.
893 2144 935 2182 p.
966 2131 1067 2174 534.
1101 2132 1158 2171 D.

348 2186 526 2228 Politic.
565 2201 605 2239 p.
640 2187 740 2231 277.
777 2187 826 2227 C.
846 2187 1075 2229 Phaedon.
1113 2202 1157 2241 p.

346 2243 419 2287 90.
455 2243 506 2285 C.
540 2258 674 2298 supra
702 2258 743 2298 p.
777 2245 846 2288 18.
881 2246 928 2285 C.

405 2305 812 2355 προςκείμενον
866 2304 924 2355 τῇ
978 2302 1156 2356 πόλει]

345 2360 520 2401 Horum
570 2362 806 2402 verborum
849 2363 1156 2414 interpretatio

345 2419 508 2470 pendet
539 2432 566 2458 e
595 2433 690 2460 voc.
727 2417 929 2469 μύωπος,
963 2422 1083 2472 quod
1115 2426 1158 2460 et

347 2477 602 2517 calearia
651 2478 874 2529 significat
918 2485 961 2517 et
1010 2479 1158 2518 taba·

347 2547 490 2585 num,
532 2535 574 2574 h.
616 2548 653 2574 e.
694 2547 833 2586 genus
862 2548 1036 2575 muscae
1067 2548 1157 2575 ma-

346 2593 471 2642 ioris,
498 2593 694 2633 iumenta
713 2593 965 2633 infestantis
990 2599 1033 2632 et
1057 2606 1159 2632 con-

348 2650 543 2696 citantis,
589 2651 642 2690 de
675 2663 761 2701 quo
794 2663 835 2688 v,
870 2656 1044 2702 praeter
1075 2651 1159 2690 Fi-

349 2708 605 2747 scherum
648 2709 705 2748 ad
745 2708 786 2747 h.
826 2707 839 2746 1
896 2707 1158 2748 Boisson.

350 2766 407 2804 ad
440 2765 654 2805 Aristaen.
696 2779 736 2816 p.
779 2764 876 2808 710.
911 2772 953 2805 et
983 2765 1159 2806 Blem-

349 2823 514 2862 field.
543 2821 692 2863 Gloss.
715 2823 772 2862 ad
793 2822 1159 2875 Aeschyl.Prom.

351 2893 388 2920 v.
422 2878 524 2922 583.
579 2880 712 2929 Quod
744 2881 780 2919 si
812 2881 1002 2921 calcaria
1034 2882 1160 2926 intel-

348 2939 472 2990 ligis,
523 2938 569 2978 id
615 2939 731 2990 quod
779 2938 980 2979 fecerunt
1019 2939 1162 2979 Fici-

351 3009 474 3046 nus,
532 2996 841 3046 Serranus,
889 2996 1162 3043 Wolfius‚

353 3054 1162 3103 Schleiermacherus,alii,com-

350 3117 476 3163 parat
505 3124 551 3151 se
576 3111 781 3152 Socrates
813 3112 949 3163 equiti
982 3114 1050 3152 vel
1081 3125 1158 3152 au-

350 3170 488 3221 rigae,
521 3173 595 3222 qui
629 3169 919 3222 reipublicae,
951 3174 1159 3222 tanquam

353 3240 467 3279 equo
487 3228 663 3268 cuidam
687 3240 846 3278 magno
862 3239 913 3267 ac
932 3240 1160 3278 generoso,

352 3285 430 3326 sed
473 3286 600 3326 tardo
639 3286 704 3326 illi
749 3291 793 3325 et
830 3286 984 3337 pigro,
1036 3286 1162 3337 quasi

352 3343 578 3384 incumbat
608 3355 796 3396 eumque
817 3344 982 3384 aculeis
1014 3350 1057 3383 et
1075 3344 1162 3384 cal-

354 3401 526 3442 caribus
577 3403 738 3443 excitet
787 3405 922 3454 atque
968 3401 1163 3454 instiget.

326 3106 348 3127 d

1241 1491 1321 1532 Sin
1362 1492 1569 1532 tabanum
1607 1493 1798 1544 cogitas,
1847 1489 2053 1532 Socrates

1239 1551 1302 1590 ait
1345 1551 1592 1600 civitatem,
1637 1555 1847 1603 tanquam
1896 1561 2055 1602 equum

1238 1609 1428 1660 aliquem
1458 1620 1666 1659 magnum
1705 1614 1748 1648 et
1777 1619 2052 1659 generosum,

1238 1667 1313 1706 sed
1366 1667 1538 1706 tardum
1591 1672 1634 1705 et
1683 1667 1884 1718 pigrum,
1933 1678 1960 1705 a
2007 1676 2055 1704 se

1242 1725 1367 1776 quasi
1407 1724 1519 1764 asilo
1563 1725 1753 1775 quodam
1789 1723 1971 1763 excitari
2013 1727 2056 1762 et

1244 1783 1468 1822 concitari.
1506 1780 1775 1821 Sententiam
1804 1781 1950 1833 ipsam
1980 1779 2056 1820 ubi

1245 1847 1506 1892 spectamus,
1528 1841 1700 1880 etiamsi
1728 1839 1871 1891 primo
1899 1839 2055 1890 adspe-

1246 1905 1318 1938 ctu
1360 1910 1449 1937 non
1488 1898 1671 1937 multum
1701 1897 1866 1936 referre
1905 1897 2056 1936 videa-

1245 1963 1329 2004 tur,
1360 1955 1444 1995 hoc
1473 1969 1529 1996 an
1560 1956 1637 1995 illo
1669 1955 1800 1995 modo
1823 1955 1959 1994 verba
1988 1955 2055 1993 in-

1245 2014 1512 2065 terpreteris,
1541 2019 1689 2053 tamen
1717 2025 1766 2053 re
1801 2012 2055 2065 diligentius

1246 2072 1544 2118 considerata,
1585 2071 1876 2122 posteriorem
1917 2069 2056 2122 expli-

1245 2130 1463 2169 cationem
1492 2129 1834 2181 praeferendam?
1869 2139 1964 2167 esse
1993 2127 2057 2166 fa—

1247 2188 1328 2227 cile
1359 2188 1596 2238 intelliges.
1629 2186 1744 2226 Nam
1773 2186 1962 2238 primum
1982 2197 2056 2224 ur-

1246 2245 1432 2285 banitati
1485 2252 1528 2285 et
1582 2245 1753 2284 ironiae
1802 2242 2060 2284 Socraticae

1246 2316 1404 2356 parum
1452 2304 1628 2342 videtur
1680 2315 1776 2342 esse
1825 2306 2057 2342 consenta-

1246 2373 1392 2402 neum.
1426 2362 1462 2401 si
1492 2361 1570 2400 ille
1602 2360 1720 2400 dicat
1751 2372 1797 2400 se
1825 2359 2059 2399 universae

1248 2419 1438 2459 civitatis
1464 2419 1647 2458 salutem
1677 2429 1832 2457 curare
1851 2422 2059 2468 tanquam

1246 2477 1447 2527 aurigam
1463 2476 1532 2514 vel
1554 2475 1755 2526 equitem,
1795 2475 1868 2525 qui
1901 2486 2059 2525 equum

1246 2535 1455 2585 ignavum
1482 2533 1685 2583 instiget:
1715 2532 1854 2572 multo
1876 2531 2059 2571 facetius

1248 2597 1290 2631 et
1320 2591 1530 2631 urbanius
1557 2603 1604 2630 se
1637 2602 1735 2630 cum
1764 2601 1915 2629 musca
1941 2602 2058 2628 com-

1249 2655 1400 2701 parat,
1439 2661 1551 2700 quae
1590 2659 1749 2700 equum
1786 2647 1912 2687 tarde
1941 2646 2060 2687 ince-

1251 2707 1423 2745 dentem
1494 2707 1681 2746 lacessat
1751 2711 1795 2744 et
1856 2705 2059 2744 concitet.

1248 2763 1421 2815 Quippe
1461 2765 1524 2803 ita
1569 2763 1918 2811 admonitiones,
1960 2763 2055 2814 qui-

1248 2822 1328 2861 bus
1382 2822 1607 2872 utebatur,
1665 2822 1770 2872 quia
1834 2821 2058 2872 plerisque

1250 2884 1376 2919 erant
1404 2880 1604 2929 ingratae
1647 2884 1690 2919 et
1718 2880 1950 2924 molestae,
1986 2891 2060 2917 ve-

1249 2937 1421 2977 rissime
1471 2950 1566 2976 cnm
1598 2937 1762 2977 aculeis
1803 2948 2060 2988 comparan-

1250 3001 1344 3044 tur,
1377 2995 1535 3046 quibus
1572 2995 1859 3035 Athenienses
1891 2994 1948 3034 ad
1978 2993 2057 3034 ho·

1250 3058 1377 3092 nesta
1407 3054 1655 3104 appetenda
1684 3057 1728 3092 et
1762 3052 1819 3092 ad
1844 3052 1960 3092 mala
1990 3051 2058 3091 fu·

1245 3110 1406 3161 gienda
1436 3111 1710 3163 instigentur.
1771 3108 1946 3149 Deinde
1984 3110 2060 3149 illa

1247 3169 1464 3208 sententia
1487 3169 1598 3208 nihil
1631 3168 1764 3208 habet
1795 3167 1966 3207 insoliti
1994 3173 2057 3207 at-

1249 3238 1334 3278 que
1365 3227 1569 3266 ridiculi:
1612 3226 1750 3267 altera
1786 3224 1896 3264 haec
1926 3225 2059 3276 longe

1249 3289 1315 3324 est
1335 3284 1581 3324 mirabilior
1604 3284 1831 3335 magisque
1857 3283 2062 3333 ridicula,

1250 3348 1298 3381 ut
1345 3348 1461 3383 recte
1507 3342 1845 3395 praemittantur
1898 3340 2058 3383 verba:

1253 3399 1295 3440 εἰ
1322 3400 1389 3439 καὶ
1421 3397 1692 3453 γελοιότερον
1723 3396 1869 3441 εἰπεῖν.
1919 3397 2058 3438 Deni-
