2158 3718
0 382 29 452 ἒ

134 279 263 348 ἔφη,
303 271 348 332 ὦ
384 279 599 348 Κέβης,
638 282 835 347 ζητεῖς·

797 137 1058 182 ΡΗΑΕΒο
1090 153 1136 196 p.
1169 141 1238 183 96.

1767 195 1771 199 ,
1805 143 1910 196 229

903 276 1046 341 ὅλως
1080 277 1188 349 γὰρ
1227 280 1318 332 δεῖ
1348 281 1476 348 περὶ
1514 282 1783 348 γενέσεως
1820 283 1913 334 καὶ

135 365 359 433 φθορᾶς
403 360 506 431 τὴν
550 362 736 415 αἰτίαν
781 362 1433 432 ὃιαπραγματεύσασθαι.

137 445 308 515 δίειμι
343 447 474 516 περὶ
511 443 720 514 αὐτῶν,
763 443 864 499 ε’ὂιν
900 447 1101 518 βούλῃ,
1140 448 1208 501 τά
1243 447 1300 515 γ’
1342 446 1446 517 ἐμοὶ
1482 449 1664 518 πάθη·
1725 452 1914 504 ἔπειτα

134 526 208 582 ἄν
262 533 318 583 τί
371 544 461 584 σοι
515 531 789 600 χρήσιμον
845 533 1112 600 φαίνηται
1159 524 1240 584 ὧν
1287 531 1357 585 ἂν
1403 533 1578 601 λέγω,
1628 531 1915 604 πρόςτὴν

135 612 315 667 πειθώ
354 616 484 685 περὶ
522 609 603 668 ὦν
641 615 820 682 λέγεις
856 616 1066 685 χρήσει.

133 697 419 768 βούλομαί
465 719 546 767 γε.

610 698 814 753 ”Ακουε
867 704 1064 753 τοίνυν
1120 696 1196 762 ὦς
1248 701 1531 769 ἐροῦντος.

1142 613 1304 669 Ἀλλὰ
1341 617 1471 686 μήν,
1511 619 1618 686 ἔφη
1658 616 1687 671 ὃ
1713 619 1914 688 Κέβης,

1620 721 1729 770 εγω
1786 722 1914 772 γαρ,

135 783 271 852 ἔφη,
311 775 357 837 ὦ
393 783 601 852 Κέβης,
641 784 766 846 νέος
804 783 884 837 ὢν
921 788 1263 853 θαυμαστῶς
1300 781 1374 848 ὥς
1413 785 1743 855 ἐπεθύμησα
1781 783 1919 838 ταύ-

134 885 231 936 της
273 870 373 936 τῆς
422 871 651 937 σοφίας,
701 866 774 936 ἣν
822 866 889 936 δὴ
938 871 1178 921 καλοῦσι
1214 871 1342 939 περὶ
1381 870 1605 939 φύσεως
1644 870 1916 939 ἱστορίαν.

135 949 504 1022 ὑπερήφανος
558 952 668 1021 γάρ
723 971 817 1021 μοι
875 951 1060 1005 ἐδόκει
1116 948 1286 1022 εἶναι,
1347 955 1556 1008 εἰδέναι
1602 951 1698 1017 τὰς
1743 954 1920 1017 αἰτίας

138 1035 402 1104 ἑκάστου,
452 1034 545 1088 διὰ
590 1038 648 1088 τί
686 1039 938 1103 γίγνεται
982 1035 1220 1089 ἕκαστον
1258 1037 1352 1089 καὶ
1389 1035 1482 1090 διὰ
1518 1040 1576 1090 τί
1609 1037 1919 1090 ἀπόλλυται

137 1121 232 1174 καὶ
279 1117 371 1173 διὰ
418 1121 475 1172 τί
516 1121 656 1172 ἔστι·

141 1205 381 1273 έβαλλον
420 1206 649 1256 σκοπῶν
687 1207 913 1273 πρῶτον
950 1201 1018 1256 τὰ
1042 1203 1250 1272 τοιοίδε,
1290 1197 1384 1273 ἆρ’
1426 1201 1656 1257 ἐπειδὰν
1681 1201 1743 1256 τὸ
1782 1209 1923 1272 θερ-

255 1373 359 1428 Cap
381 1374 512 1417 XLV
547 1375 594 1416 P.
619 1375 687 1417 96.
730 1363 957 1427 περὶῶν
979 1371 1189 1428 λέγεις]
1215 1371 1324 1427 περὶ
1346 1363 1410 1416 ὧν
1431 1364 1492 1416 ἂν
1513 1370 1650 1428 λέγῃς
1671 1374 1790 1415 Bodl.
1813 1374 1921 1417 Tub

137 1433 246 1472 Ven.
266 1387 480 1474 HpAmbr.
491 1431 614 1470 Flor.
638 1431 663 1470 d
686 1430 782 1471 Zitt.
773 1462 800 1482 .,
823 1431 934 1481 quod
959 1443 1042 1470 non
1064 1431 1319 1483 praeferam.
1361 1431 1476 1471 Bene
1498 1431 1689 1470 Ficinus:
1723 1431 1768 1470 si
1798 1430 1923 1480 quid

139 1500 345 1539 eorum,
371 1499 504 1537 quae
534 1487 744 1533 dixero
766 1487 828 1526 ad
859 1487 1200 1536 quaestionis
1223 1492 1345 1530 tuae
1368 1487 1650 1527 veritatem
1672 1487 1922 1538 aperien-

139 1544 257 1584 dam
282 1543 579 1583 conducere
601 1542 834 1595 putabis
879 1543 974 1584 Vat.
999 1538 1135 1596 λέγῃς
1157 1543 1315 1582 omisso
1338 1533 1413 1583 ἄν.

206 1619 210 1623 ”
254 1605 659 1666 υπερήφανος]
684 1612 737 1651 V.
763 1604 1080 1664 υπερήφανον
1108 1612 1253 1651 invitis
1283 1611 1402 1654 Bodl.
1427 1611 1554 1654 Coisl.
1576 1613 1673 1654 Vat.
1696 1612 1801 1652 Tub.
1815 1612 1922 1651 Ven.

138 1667 510 1716 „4:111deoe
533 1668 626 1708 Par.
649 1667 729 1709 EG
748 1668 861 1720 Aug.
892 1668 1003 1709 Flor.
1026 1679 1051 1706 a
1072 1668 1098 1706 b
1120 1681 1142 1706 c
1163 1667 1177 1706 i
1198 1680 1254 1707 m.
1286 1680 1324 1708 v.
1347 1675 1492 1711 annot.
1532 1668 1637 1708 Dein
1663 1667 1788 1708 Coisl.
1811 1668 1917 1707 Ven-

139 1726 180 1768 A
210 1725 306 1768 Par.
332 1724 518 1766 CEHIL
546 1724 656 1764 Flor.
680 1735 704 1764 a
727 1724 753 1763 b
776 1737 798 1763 c
818 1725 831 1762 i
851 1736 894 1763 m
932 1718 1143 1774 ferreolas
1178 1734 1255 1776 pro
1287 1720 1462 1773 αἰτίας
1495 1725 1610 1775 quod
1639 1725 1678 1763 in
1710 1722 1923 1763 nonnullis

142 1782 323 1834 marginl
343 1780 601 1834 appositum.

255 1842 371 1892 ἅνω
401 1846 569 1903 κάτω]
602 1850 650 1892 V.
677 1863 777 1891 ανω
797 1846 881 1890 καὶ
906 1863 1048 1890 κατω.
1093 1849 1300 1902 Copulam
1324 1849 1520 1889 omittunt
1539 1849 1658 1891 Bodl
1691 1849 1788 1888 Vat.
1811 1849 1923 1891 Ven

143 1906 296 1953 ΑΞΠ
317 1907 424 1947 Tub.
448 1906 579 1949 Vind.
607 1906 761 1948 YPal
788 1905 893 1946 CHI
922 1907 1070 1946 Ambr.
1093 1906 1202 1958 Aug.
1227 1905 1470 1947 Florentini

201 2045 248 2086 P.
260 2046 330 2087 96.
348 2040 414 2086 τὰ
438 2037 484 2099 γ’
510 2038 611 2098 ἐμοὶ
636 2037 880 2098 πάθηᾙ]
902 2056 936 2084 e.
959 2034 990 2084 δι’

143 2095 236 2156 ἐγώ
268 2097 481 2167 ἔπαθον,
524 2101 648 2152 quid
682 2100 808 2140 mihi
847 2100 991 2139 acci-

142 2158 358 2198 deritin
386 2169 545 2196 causa
577 2168 755 2196 eorum
778 2162 991 2196 natura-

144 2226 245 2265 que
274 2212 671 2264 investiganda.

205 2276 308 2337 ἒνώ
350 2275 478 2337 γάρ,
527 2276 660 2335 ἔφη,
710 2268 745 2322 ὦ
784 2279 992 2334 Κέβης]

147 2339 202 2382 cf.
209 2339 462 2417 nP.rolegom
484 2351 527 2391 p.
549 2339 604 2378 46
625 2350 686 2388 sq.

200 2398 268 2462 ἣν
310 2401 379 2461 δὴ
423 2406 670 2449 καλοῦσι
710 2404 842 2459 περὶ
884 2402 988 2459 φύ-

144 2476 284 2512 σεως
325 2458 614 2517 ἱστορίαν]
654 2464 681 2503 i.
713 2476 748 2503 e.
790 2471 989 2514 partem

143 2519 840 2591 philosophiaephysicam.
883 2519 990 2558 Nam

145 2575 330 2642 ιστορία
351 2586 538 2629 φυσεως
560 2587 759 2615 umverse
780 2574 991 2626 significat

145 2633 427 2686 cognitionem
469 2638 507 2671 et
556 2631 775 2671 scientiam
817 2636 990 2670 naturae

146 2701 202 2729 ex
229 2688 586 2741 contemplatlone
615 2694 654 2726 et
683 2688 857 2735 ratione,
882 2686 924 2729 h
952 2699 989 2726 e.

143 2752 230 2784 tam
254 2744 516 2797 experientia
534 2756 657 2794 quam
675 2745 838 2783 ratione
857 2740 992 2794 (theo-

143 2800 227 2851 ria)
254 2801 449 2850 ductam,
482 2799 534 2839 de
562 2811 644 2850 quo
674 2812 755 2839 usu
790 2799 992 2849 loquendi

147 2868 188 2895 v.
209 2854 582 2908 Wyttenbach
605 2852 755 2895 adh

205 2918 587 2977 ὑπερήφανος
617 2939 722 2988 ‘gozo
744 2938 841 2990 μοι
864 2918 991 2965 ἐδό-

147 2993 236 3022 κει
278 2974 454 3034 εἶναι]
498 2993 559 3022 sc.
590 2994 711 3033 αυτη
751 2974 784 3045 ἡ
826 2979 989 3032 σοφία.

148 3038 296 3086 Itaque
323 3034 450 3075 haec·
490 3031 672 3076 εἰδέναι
710 3030 795 3083 τὰς
832 3032 991 3083 αἰτίας

149 3090 665 3211 ιῖῗὲἓῗὲῗζῖἓΠὲἓΞΓ
706 3093 992 3188 ῧὲἐὲῗῗὲ-

150 3201 270 3245 κοῦν
289 3195 438 3244 καλόν
460 3213 533 3242 σοι
563 3159 741 3269 detine}
713 3195 744 3265 ἡ
768 3195 992 3270 ῥητορικὴ

154 3255 296 3325 εἶναι,
309 3257 613 3324 χαρίζεσθαι
647 3251 752 3298 οἷόν
786 3253 830 3298 τ’
868 3254 993 3299 εἶναι

153 3307 456 3369 ἅνθρωποιςς

210 3375 324 3428 ἅνω
343 3381 492 3426 κοὶτω
514 3379 884 3438 μετέβαλλον]
900 3383 993 3427 h.e.

153 3441 197 3480 in
236 3447 440 3495 perpetua
474 3441 674 3481 versabar
713 3439 995 3480 inconstantia

1080 2049 1119 2082 et
1141 2043 1420 2086 dubitatione.
1443 2042 1549 2083 Nam
1574 2049 1801 2096 usurpatur
1821 2042 1925 2082 haee

1078 2099 1260 2138 formula
1282 2099 1406 2138 etiam
1429 2099 1481 2138 de
1500 2099 1552 2138 iis
1567 2131 1577 2151 ,
1608 2099 1679 2150 qui
1699 2110 1802 2152 prae
1823 2109 1925 2138 con-

1082 2155 1162 2194 silii
1191 2155 1336 2207 inopia
1367 2167 1414 2194 se
1442 2154 1523 2194 huc
1555 2161 1593 2194 et
1619 2155 1720 2194 illuc
1753 2161 1925 2194 versant

1080 2223 1156 2249 nec
1195 2218 1378 2262 possunt
1405 2211 1458 2250 ad
1493 2210 1652 2250 exitum
1681 2210 1742 2250 rei
1770 2222 1922 2262 perve—

1080 2267 1184 2307 nire.
1218 2279 1258 2305 v.
1291 2265 1415 2318 Gorg.
1449 2279 1491 2331 p.
1522 2267 1603 2307 481
1626 2266 1673 2307 E.
1713 2266 1924 2306 Advertas

1080 2328 1221 2362 autem
1244 2323 1286 2361 in
1302 2322 1506 2374 proximis
1525 2323 1798 2362 variationem
1822 2333 1922 2361 con-

1080 2378 1346 2427 structionis,
1419 2378 1762 2429 quandoquidem
1826 2383 1924 2441 post

1076 2429 1366 2499 μετέβαλλον
1404 2432 1592 2475 σκοπῶν
1636 2434 1819 2487 primum
1855 2433 1923 2472 in-

1074 2490 1209 2530 fertur
1243 2484 1445 2558 πότερον
1471 2510 1524 2521 --
1552 2483 1731 2538 ἐστιν,
1771 2488 1924 2529 deinde

1076 2554 1219 2586 autem
1260 2538 1311 2586 ἐκ
1353 2538 1532 2587 τούτων
1570 2541 1623 2586 δὲ
1658 2544 1923 2599 γίγνοιτο

1076 2602 1201 2642 modo
1245 2601 1430 2654 optativo
1466 2602 1702 2643 subiicitur.
1765 2600 1923 2641 Similis

1077 2658 1184 2697 ratio
1227 2665 1291 2697 est
1328 2669 1370 2709 p.
1394 2658 1448 2697 95
1470 2658 1529 2705 D,
1561 2658 1635 2697 ubi
1664 2663 1762 2722 post
1791 2645 1852 2721 ἦν
1880 2657 1923 2695 in

1080 2714 1250 2765 obliqua
1271 2713 1459 2753 oratione
1491 2706 1583 2770 ζῴη
1606 2719 1647 2753 et
1668 2705 1922 2753 απολλύοι-

1078 2782 1130 2810 το
1161 2769 1350 2811 infertur.

1134 2825 1181 2869 B.
1233 2818 1530 2879 σηπεδόνα
1580 2821 1709 2865 τινὰ
1759 2816 1919 2877 λαβῃ]

1079 2882 1173 2932 „Ne
1188 2882 1290 2946 quis
1312 2882 1604 2933 miretu1‚cur
1625 2880 1822 2920 animalia
1843 2890 1923 2931 ση-

1078 2912 1248 2978 πεδόνι
1271 2938 1420 2976 nutriri
1442 2938 1647 2977 dicantur.
1677 2929 1814 2978 Κατα
1842 2933 1924 2987 σῆ-

1078 3000 1167 3045 ψιν
1198 2994 1324 3046 enim,
1357 2994 1589 3033 secundum
1623 2993 1835 3037 medicos,
1863 2990 1923 3029 uti

1078 3054 1197 3089 notat
1231 3049 1536 3089 Athenaeus
1566 3049 1658 3088 V11.
1691 3049 1720 3088 Ῐ.
1753 3060 1794 3098 Ρ.
1824 3021 1923 3090 '276‚

1077 3099 1108 3157 ἡ
1148 3100 1311 3158 πέψις,
1351 3105 1395 3147 h.
1426 3117 1462 3144 e.
1493 3103 1777 3158 putredine
1818 3099 1923 3140 eibi

1078 3160 1143 3200 fit
1202 3161 1498 3201 concoctio:
1560 3159 1739 3209 ideoque
1786 3155 1924 3206 inquit

1081 3215 1305 3256 Galenus
1333 3217 1376 3256 in
1406 3217 1648 3282 Hippocrat.
1679 3207 1921 3278 Aphorism.

1077 3272 1207 3314 V1.1
1247 3268 1434 3313 παλαιοί
1472 3284 1543 3317 τις
1582 3258 1643 3336 ᾖν
1683 3262 1922 3331 συνήθεια

1081 3320 1299 3392 τούτοις
1308 3330 1408 3375 τοῖς
1424 3319 1682 3391 ἅνδρασιν
1731 3314 1920 3387 ἄσηπτα

1080 3385 1247 3426 καλεῖν
1268 3375 1389 3437 ἅπερ
1409 3375 1547 3435 ἡμεῖς
1577 3372 1768 3422 ἄπεπτα
1792 3374 1921 3432 λέγο

1081 3452 1182 3491 μεν.
1190 3437 1219 3462 “
1249 3438 1507 3480 FORSTER.

1513 359 1622 432 ἐγώ
1671 358 1778 419 οὖν
1825 380 1914 419 σοι
1943 377 1997 417 96

718 1120 813 1172 καὶ
849 1118 1118 1182 πολλάκις
1156 1118 1401 1189 ἐμαυτὸν
1449 1119 1566 1173 ἄνω
1605 1120 1754 1174 κάτω
1793 1126 1975 1189 μετ-Β
