2158 3718
32 0 243 37 WQJ¹312
264 0 270 4 ⁷
291 0 303 15 ’.;
326 3 327 6 ’
363 0 370 11 “·
430 8 442 15 -.

721 145 803 188 AD
834 146 1249 193 PHAEDONEM.
1840 157 1875 211 3

117 282 270 342 diam,
309 299 455 348 quam
490 285 684 336 exhibet
709 286 903 337 Phaedo
937 290 1183 341 Platonis?
1220 291 1482 342 Enimvero
1517 297 1678 345 omnia
1704 298 1753 347 in
1780 298 1874 348 hoc

114 352 242 402 libro
275 361 371 404 tam
408 354 632 406 sollerter
658 357 717 406 ad
745 358 1019 425 fabularum
1049 363 1342 426 tragicarum
1370 366 1644 429 exemplum
1675 383 1872 433 compo-

113 424 203 472 sita
229 431 364 483 sunt,
402 433 456 476 ut
488 426 602 476 licet
635 433 807 492 agatur
843 431 902 480 de
934 431 1084 482 rebus
1119 433 1179 482 ad
1204 433 1559 500 philosophiam
1585 441 1870 502 pertinenti-

111 493 226 557 bus,
263 501 427 546 tamen
463 496 680 560 legentes
707 515 807 549 non
832 506 928 550 tam
956 502 1125 552 subtili
1149 519 1317 554 rerum
1346 508 1624 569 graviorum
1656 509 1871 573 disputa-

110 566 253 624 tioni,
301 582 445 631 quam
485 569 659 632 grandi
703 570 846 621 alicui
891 573 1096 623 dramati
1134 575 1370 625 interesse
1414 578 1687 638 videamur,
1735 583 1871 631 cuius

110 635 356 686 auditione
397 643 444 686 et
486 642 784 703 spectatione
827 643 877 692 in
919 645 1078 694 varios
1121 645 1328 696 subinde
1371 647 1573 700 affectus
1617 651 1780 713 gaudii
1824 658 1871 701 et

108 705 312 765 doloriS,
352 709 454 772 spei
490 717 537 759 et
571 710 934 772 sollicitudiniS,
974 717 1410 768 commiserationis
1448 726 1493 768 et
1537 720 1870 772 admirationis

106 776 407 837 inducimur,
461 795 613 845 usque
657 783 771 833 dum
815 787 866 834 in
908 786 1014 849 ipso
1059 788 1162 836 eius
1206 789 1337 837 exitu
1380 792 1596 854 quamvis
1640 794 1867 843 tristitiae

105 862 252 897 sensu
287 851 498 912 graviter
533 853 717 911 affecti,
745 861 909 905 tamen
935 856 1074 906 beata
1102 859 1307 922 quadam
1335 874 1421 925 spe
1449 867 1495 910 et
1519 863 1867 927 tranquillitate

105 933 389 969 recreamur
425 928 472 970 et
510 923 567 971 ad
606 925 821 974 melioris
855 928 978 975 vitae
1004 935 1114 991 post
1138 929 1266 979 hanc
1291 936 1499 980 mortem
1527 932 1720 983 futurae
1744 935 1867 984 fidu-

105 989 228 1039 ciam
265 991 513 1055 erigimur.
564 993 680 1044 Tale
715 996 819 1046 fere
856 1011 977 1060 opus
1014 999 1120 1062 quis
1157 1006 1230 1049 est
1265 1002 1380 1064 quin
1423 1008 1596 1067 sponte
1629 1004 1866 1068 largiatur

103 1074 201 1109 non
238 1061 384 1110 modo
419 1064 534 1111 viris
568 1063 879 1115 humanitatis
917 1068 1168 1132 disciplina
1204 1070 1407 1119 excultis
1442 1088 1636 1136 semper
1673 1082 1865 1139 gratum

102 1135 453 1196 acceptumque
489 1147 616 1193 esse,
655 1151 826 1186 verum
863 1139 1007 1188 etiam
1046 1139 1438 1191 adolescentibus
1472 1143 1714 1195 bonarum
1741 1146 1867 1197 litte-

103 1215 269 1250 rarum
298 1203 526 1253 studiosis
552 1208 762 1257 maxime
786 1223 895 1272 esse
923 1211 1343 1261 commendabile?

239 1271 471 1324 Venimus
507 1276 653 1340 igitur
688 1279 747 1327 ad
783 1279 855 1337 id,
899 1280 1028 1343 quod
1055 1286 1107 1330 ut
1131 1282 1226 1331 hoc
1251 1282 1360 1332 loco
1388 1283 1694 1337 declaremus
1721 1289 1868 1339 officii

99 1344 223 1392 ratio
250 1358 514 1410 sanequam
534 1349 759 1411 postulat,
784 1351 1179 1416 quandoquidem
1208 1355 1525 1418 aperiendum
1554 1359 1750 1409 tandem
1778 1366 1864 1419 est,

99 1413 243 1477 quid
281 1414 390 1465 hac
424 1432 581 1467 nova
628 1422 840 1484 operis
876 1422 1150 1472 editione
1177 1440 1204 1473 a
1230 1428 1674 1489 superioribus
1714 1431 1866 1480 mul-

97 1490 222 1533 tum
263 1501 406 1536 sane
447 1488 693 1539 diversa
737 1491 913 1542 nobis
959 1495 1258 1558 agendum
1301 1501 1736 1559 putaverimus
1811 1503 1863 1551 Id

97 1569 213 1604 vero
251 1555 394 1619 quale
430 1559 490 1606 sit
526 1566 608 1609 aut
643 1577 877 1626 quorsum
905 1564 1094 1622 tendat,
1122 1567 1217 1614 iam
1246 1582 1303 1615 ex
1330 1569 1388 1615 iis
1415 1571 1726 1634 perspicuum
1757 1574 1862 1635 erit,

99 1640 223 1690 quae
248 1627 396 1677 modo
424 1629 484 1679 de
509 1631 566 1679 iis
590 1634 916 1696 exposuimuS,
941 1650 1149 1698 quorum
1175 1638 1226 1686 in
1245 1638 1471 1688 manibus
1492 1643 1689 1691 omnino
1709 1643 1863 1693 Phae-

96 1696 275 1747 donem
300 1701 484 1749 versari
508 1701 583 1750 vel
608 1709 835 1767 putemus
859 1704 936 1754 vel
961 1706 1180 1757 velimus,
1225 1708 1536 1773 Propositum
1565 1715 1692 1763 enim
1721 1715 1863 1765 nobis

95 1766 185 1815 suit
227 1768 343 1827 hoc,
390 1777 443 1820 ut
484 1770 610 1822 liber
654 1789 753 1824 non
787 1776 1137 1827 modo‘critica
1172 1781 1361 1828 ratione
1404 1783 1738 1846 castigaretur,
1776 1786 1862 1836 sed

95 1840 242 1887 etiam
267 1840 704 1903 itaillustraretur,
745 1852 797 1895 ut
824 1849 1105 1898 conveniret
1131 1849 1383 1899 desideriis
1411 1867 1604 1911 eorum,
1642 1858 1724 1920 qui
1752 1872 1860 1905 eum

93 1908 170 1959 ‘vel
206 1909 310 1959 aliis
345 1913 659 1979 interpretari
693 1916 767 1966 vel
817 1919 1001 1981 privato
1043 1920 1204 1969 studio
1249 1920 1414 1984 legere
1452 1923 1527 1972 vel
1562 1926 1707 1979 etiam
1744 1927 1859 1976 ado-

92 1979 388 2031 lescentibus
431 1985 703 2035 studiorum
751 2003 951 2037 suorum
998 2005 1140 2039 causa
1185 1991 1381 2041 tradere
1424 1998 1472 2042 et
1514 1998 1859 2047 commendare

93 2049 287 2100 vellent.
338 2053 503 2119 ltaque
539 2058 752 2120 primum
793 2060 987 2122 quidem
1022 2062 1072 2108 in
1109 2065 1469 2112 commentariis
1497 2066 1713 2116 Graecae
1749 2083 1858 2118 ora-

92 2122 211 2170 tioni
253 2121 483 2173 subiectis
528 2141 581 2175 ea
618 2132 954 2192 exposuimUS,
999 2146 1121 2195 quae
1158 2133 1215 2180 ad
1253 2133 1557 2197 singulorum
1592 2138 1856 2189 verborum

92 2193 542 2257 interpretationem
572 2213 694 2262 opus
721 2214 826 2248 esse
854 2206 995 2264 atque
1017 2202 1470 2265 interpretationem
1496 2208 1652 2271 ipsam
1679 2211 1857 2259 confir-

93 2278 228 2312 mare
253 2278 397 2327 posse
423 2267 730 2326 viderentur,
761 2285 854 2334 qua
879 2271 929 2320 in
956 2287 1011 2320 re
1037 2273 1421 2325 mediocritatem
1450 2278 1693 2342 quandam
1719 2281 1855 2331 adhi-

91 2332 302 2382 bendam
327 2338 623 2399 putavimuS,
652 2346 706 2389 ut
731 2355 821 2390 nec
847 2343 996 2391 nimia
1025 2345 1163 2408 copia
1190 2346 1527 2412 imprimisque
1552 2349 1703 2399 rebus
1729 2353 1855 2401 tritis

93 2410 140 2453 et
173 2404 454 2468 vulgaribus
489 2409 749 2460 afferendis
783 2413 973 2462 molesti
1007 2429 1224 2463 essemus
1259 2431 1351 2466 nec
1378 2418 1640 2470 desultoria
1665 2420 1854 2473 levitate

90 2475 319 2539 adspersa
344 2476 424 2526 hic
449 2485 496 2527 et
519 2479 616 2529 illic
641 2481 733 2530 levi
758 2483 917 2547 aliqua
939 2485 1103 2534 notula
1124 2486 1277 2535 iustae
1294 2488 1708 2553 interpretationis
1735 2509 1853 2542 con-

89 2546 313 2596 stantiam
340 2549 729 2613 neglegeremus.
782 2554 1041 2605 Praeterea
1068 2572 1184 2606 vero
1210 2558 1260 2606 in
1287 2558 1654 2623 prolegomenis
1677 2563 1725 2612 id
1754 2566 1850 2629 egi-

89 2631 222 2674 mus,
260 2623 314 2667 ut
337 2621 549 2670 universi
575 2621 688 2671 libri
712 2630 960 2688 tamquam
988 2642 1166 2692 corpus
1192 2635 1497 2693 spectaretur
1522 2633 1729 2698 ideoque
1756 2636 1852 2686 dis-

90 2688 366 2751 quireretur
410 2691 468 2740 de
506 2693 607 2741 eius
641 2697 842 2745 materia
878 2702 1020 2760 atque
1058 2698 1214 2747 forma
1252 2700 1410 2766 deque
1446 2705 1579 2752 omni
1615 2705 1848 2768 doctrina,

90 2772 215 2823 quae
250 2775 276 2808 a
311 2762 552 2825 scriptore
586 2765 636 2813 in
674 2781 731 2814 eo
769 2767 1005 2830 explicata
1034 2774 1081 2817 et
1105 2768 1338 2819 illustrata
1370 2779 1518 2831 esset,
1548 2776 1849 2841 quandoqui-

89 2828 199 2877 dem
226 2829 366 2879 nobis
391 2832 533 2895 plane
559 2849 847 2898 persuasum
886 2844 957 2886 est
991 2838 1178 2888 nullum
1206 2841 1419 2891 Platonis
1445 2844 1687 2908 dialogum
1713 2855 1847 2897 recte

87 2913 231 2962 posse
265 2901 502 2964 intellegi,
540 2905 630 2954 nisi
668 2922 778 2956 cum
812 2909 1115 2972 singularum
1153 2912 1256 2961 eius
1301 2915 1512 2976 partium
1557 2917 1846 2981 interpreta-

86 2969 214 3018 tione
250 2971 391 3019 etiam
431 2974 574 3022 totius
611 2975 944 3039 disputationis
981 2987 1205 3030 accurata
1242 2984 1563 3034 consideratio
1589 2989 1847 3038 coniuncta

86 3040 249 3090 fuerit.
285 3041 451 3105 Itaque
477 3044 526 3091 in
553 3044 918 3110 Prolegomenis
943 3050 992 3098 id
1019 3051 1239 3101 dedimus
1266 3070 1481 3118 operam,
1510 3063 1564 3105 ut
1590 3058 1663 3107 vel
1690 3059 1847 3107 aditus

87 3110 147 3159 ad
190 3111 404 3161 universi
428 3117 688 3165 'sermonis
732 3118 1111 3183 intellegentiam
1147 3126 1421 3187 aperiretur
1457 3127 1531 3175 vel
1569 3129 1642 3186 iis,
1681 3131 1761 3193 qui
1795 3131 1844 3178 in

88 3182 190 3230 eius
214 3181 422 3232 lectione
449 3188 671 3250 occupati
698 3195 872 3246 essent,
907 3190 1085 3256 ubique
1110 3195 1467 3254 ostenderetur,
1505 3213 1713 3261 quonam
1743 3199 1843 3248 vin-

87 3251 197 3300 culo
234 3253 420 3317 singula
448 3270 555 3304 cum
583 3258 821 3308 universis
848 3262 1227 3322 continerentur,
1263 3267 1312 3314 in
1347 3282 1442 3331 quo
1479 3269 1584 3331 ipso
1613 3284 1841 3333 magnum

86 3335 202 3373 sane
227 3324 539 3389 intellegendi
565 3329 855 3390 praesidium
885 3337 956 3380 est
981 3334 1206 3397 positum.

1434 3561 1501 3610 lvi<
