2158 3718
782 155 862 191 AD
901 153 1256 192 SYMPOSIUM.
1711 154 1861 191 LXIII

185 283 452 348 cumulati,
488 283 587 336 hoc
623 290 705 334 est
740 290 860 334 >tam
895 281 1035 334 vitae
1072 280 1141 333 ad
1175 279 1413 334 veritatis
1445 280 1686 350 regulam
1718 301 1861 335 com-

221 355 386 409 ositae
420 355 692 407 honestate
729 370 888 420 quam
923 352 1035 404 veri
1068 351 1439 422 perscrutandi
1473 350 1646 404 studio
1671 371 1733 404 ac
1759 354 1862 406 sol-

183 375 336 479 lertia
369 423 627 495 insignis;
667 423 947 475 amatorias
984 441 1109 476 vero
1133 423 1393 476 orationes
1419 441 1598 494 omnes
1623 441 1731 475 non
1754 432 1863 475 tam

184 516 247 550 eo
281 497 543 567 pertinere
580 493 708 557 vult,
746 503 806 545 ut
843 502 1137 564 exponatur
1173 493 1240 546 de
1277 511 1470 556 amore,
1507 511 1665 561 quam
1687 495 1863 564 potius
1911 518 1920 525 ·

185 586 265 630 eo,
308 574 371 619 ut
411 574 553 618 recte
598 564 900 633 inquirendi
960 564 1046 617 via
1090 564 1480 617 demonstretur
1507 565 1601 634 ,(ν.
1651 574 1863 634 praeter

183 638 288 690 alia
330 656 383 708 p.
416 637 522 689 324
557 653 673 704 sqq.
707 636 742 688 l.
775 635 867 706 l.);
921 654 1046 687 nam
1087 634 1317 688 Phaedri
1368 635 1605 688 oratione
1651 635 1864 706 explodi

185 707 390 761 Tisiam
435 707 656 776 eiusque
708 705 1043 776 disciplinam
1089 706 1168 777 (p.
1194 707 1295 759 259
1323 705 1490 777 sqq.);
1541 706 1864 767 Pausaniam

181 779 482 848 loquentem
517 776 717 840 induci,
756 796 859 846 quo
895 776 1220 849 Protagoras
1256 776 1342 830 vel
1365 777 1600 858 Hippias
1636 778 1721 830 vel
1743 777 1864 830 Xe-

61 860 63 863 ’
118 883 120 885 >
182 848 397 920 nophon
451 856 699 919 carpatur
753 849 831 918 (p.
867 847 1038 918 265.);
1099 846 1197 900 sub
1244 846 1589 916 Eryx1machi
1638 866 1867 919 persona

180 921 344 974 latere
379 918 639 990 Hippiam
673 918 864 971 Eleum
901 919 981 986 (p.
1019 917 1198 988 270.);
1248 917 1670 989 Aristophanem>
1706 938 1866 992 agere
1898 980 1900 982 ¹

182 989 400 1044 Prodici
436 998 615 1059 partes
638 989 695 1041 in
730 989 984 1041 rimandis
1008 987 1293 1040 verborum
1328 989 1722 1043 discriminibus
1753 999 1865 1042 stu-

183 1061 330 1114 diose
365 1060 564 1114 versati
601 1059 680 1130 (p.
707 1059 855 1128 280.)
871 1079 885 1120 3
923 1058 1226 1128 Agathonis
1263 1059 1499 1113 oratione
1525 1061 1696 1113 notari
1723 1059 1866 1114 Gor-

183 1132 305 1203 giae
358 1130 762 1201 perversitatem
817 1130 905 1199 (p.
962 1129 1159 1200 284.);
1222 1129 1448 1198 denique
1509 1149 1576 1183 ne
1628 1128 1864 1184 Socratis

182 1201 399 1272 quidem
443 1201 731 1254 orationem
775 1199 844 1251 ad
885 1199 1254 1270 explicandam
1297 1198 1538 1253 Platonis
1582 1201 1647 1254 de
1693 1220 1867 1254 amore

184 1271 500 1326 sententiam
534 1271 818 1342 pertinere,
870 1270 964 1323 sed
1005 1270 1161 1324 unice
1198 1288 1260 1323 eo
1297 1279 1557 1341 spectare,
1595 1280 1656 1324 ut
1680 1273 1866 1343 dispu-

182 1343 376 1396 tatione
419 1341 486 1396 ab
533 1361 595 1395 eo
640 1341 898 1405 instituta,
947 1359 1082 1409 quae
1131 1341 1494 1411 superioribus
1539 1343 1866 1397 orationibus

181 1413 429 1485 opposita
475 1413 568 1477 sit,
623 1422 889 1481 tamquam
923 1411 1117 1464 illustri
1163 1413 1404 1483 exemplo
1461 1414 1869 1478 demonstretur,

182 1493 325 1538 recta
361 1493 413 1537 et
447 1503 573 1537 vera
606 1483 896 1552 quaerendi
919 1483 1056 1536 ratio
1080 1483 1253 1551 qualis
1292 1502 1408 1536 esse
1441 1484 1633 1538 debeat
1666 1486 1743 1557 (p.
1764 1487 1868 1538 304

185 1555 348 1626 sqq.).
413 1553 567 1620 Haec
610 1555 775 1606 io-itur
822 1552 1232 1619 Riiokertus,
1288 1573 1423 1623 qua-e
1478 1556 1521 1608 si
1565 1556 1865 1620 sciscitariS,

184 1625 340 1694 ecqui
392 1624 548 1678 nobis
595 1599 862 1695 placeant,
916 1624 1046 1693 quid
1091 1626 1527 1696 respondeamus,
1583 1627 1764 1696 utique
1811 1628 1867 1679 in

183 1703 397 1767 promtu
420 1695 693 1748 habemus.
730 1694 870 1747 Nam
896 1714 1060 1763 quum
1085 1696 1312 1766 plurima
1342 1696 1400 1748 in
1423 1696 1490 1749 iis
1514 1697 1693 1762 insint,
1732 1717 1867 1767 quae

181 1787 218 1819 a
253 1766 492 1820 veritatis
515 1764 824 1818 *rationibus
858 1766 979 1818 ideo
1004 1766 1286 1819 abhorrere
1320 1767 1582 1831 videntur,
1620 1769 1744 1837 quia
1768 1788 1866 1839 po-

187 1838 293 1890 tius
329 1855 474 1889 mero
511 1837 768 1891 arbitratu
815 1837 988 1907 posita
1019 1846 1176 1905 atque
1210 1837 1432 1890 conficta
1465 1857 1625 1906 quam
1657 1858 1724 1891 ex
1746 1840 1867 1892 lim-

185 1908 326 1979 pidis
363 1907 630 1961 doctrinae
668 1907 905 1961 fontibus
937 1907 1128 1960 hausta
1153 1917 1292 1971 sunt,
1330 1918 1442 1959 tum
1472 1909 1715 1979 inprimis
1738 1911 1869 1962 illud

184 1997 445 2050 perquam
488 1979 681 2030 mirum
716 1978 923 2042 accidit,
962 1978 1121 2047 quod,
1171 1978 1581 2032 Riickertum
1628 1981 1671 2033 si
1714 1981 1866 2032 audi-

185 2068 321 2114 muS,
359 2068 524 2118 quum
559 2048 715 2102 Plato
749 2049 1022 2118 loquentes
1058 2049 1126 2102 ab
1170 2049 1318 2103 initio
1352 2068 1523 2118 usque
1558 2052 1628 2103 ad
1668 2052 1867 2105 exitum

184 2120 310 2173 libri
334 2120 399 2171 de
428 2138 605 2172 amore
634 2120 908 2190 disputare
934 2119 1168 2183 iusserit,
1203 2128 1378 2173 tamen
1408 2130 1675 2190 postremo
1697 2123 1868 2176 omnis

186 2191 295 2242 fere
333 2190 623 2260 disputatio
658 2209 764 2242 non
801 2191 870 2241 ad
904 2190 1045 2242 hunc
1081 2191 1273 2259 ipsum,
1320 2190 1415 2243 sed
1450 2192 1518 2242 ad
1555 2193 1656 2245 alia
1692 2194 1867 2245 omnia

190 2268 431 2331 spectare
468 2260 818 2313 existimanda
853 2269 950 2312 est.
1007 2258 1170 2326 Quod
1205 2261 1325 2329 quis
1361 2269 1441 2314 est
1474 2262 1565 2330 qui
1604 2262 1704 2316 sibi
1741 2282 1866 2332 per-

190 2331 412 2384 suadeat
446 2331 531 2384 vel
569 2331 830 2383 tantillum
863 2331 1057 2383 habere
1093 2331 1600 2386 verisimilitudinis?
1636 2333 1868 2386 Accedit
1904 2346 1906 2348 ’

187 2402 309 2466 11116,
352 2402 494 2471 quod
530 2401 631 2455 viri
668 2401 999 2473 sagacissimi
1036 2402 1238 2454 ratione
1273 2401 1496 2472 probata
1531 2403 1621 2456 vix
1655 2404 1866 2474 perspi-

190 2472 346 2536 citur,
401 2472 665 2541 quomodo
710 2473 872 2525 totius
931 2472 1105 2543 operis
1150 2480 1324 2542 partes
1373 2481 1496 2543 apte
1539 2473 1680 2527 inter
1721 2474 1867 2546 ipsas

188 2540 517 2607 cohaereant,
553 2551 613 2595 ut
650 2543 698 2596 ei
732 2542 969 2612 profecto
1005 2542 1176 2595 omnis
1211 2561 1332 2595 vere
1370 2543 1683 2598 artificiosae
1721 2564 1866 2598 com-

189 2613 469 2684 positionis
512 2614 628 2668 laus
676 2613 949 2684 eripienda
995 2613 1253 2666 videatur.
1322 2612 1527 2668 Verum
1565 2616 1705 2668 enim
1740 2635 1867 2669 vero

189 2703 357 2754 quum
397 2684 584 2738 merito
629 2683 961 2756 ingeniosam
1004 2683 1322 2738 Riickerti
1366 2685 1642 2739 audaciam
1685 2687 1866 2740 mirari

188 2755 365 2818 liceat,
403 2764 580 2808 tamen
613 2774 720 2808 non
755 2755 941 2818 defuit,
976 2754 1067 2823 qui
1089 2755 1269 2825 ipsum
1294 2755 1396 2809 hoc
1420 2757 1636 2825 quidem
1658 2758 1867 2811 nomine

190 2825 351 2878 etiam
386 2826 595 2879 vincere
622 2835 675 2879 et
701 2845 949 2897 superare
974 2826 1347 2879 conniteretur.
1383 2826 1488 2880 Est
1510 2827 1556 2880 is
1581 2828 1652 2882 A.
1674 2828 1865 2881 Hom-

192 2896 452 2959 meliuS‚
489 2897 580 2964 qui
614 2896 670 2948 in
707 2896 1062 2967 Prolegomm.
1109 2897 1179 2948 ad
1221 2916 1337 2950 eam
1381 2916 1540 2966 quam
1584 2899 1710 2952 feeit
1754 2900 1866 2952 edi-

195 2967 388 3018 tionem
416 2963 704 3035 Symposii,
741 2967 931 3037 amplis
953 2967 1098 3019 illam
1123 2968 1510 3021 commentariis
1533 2969 1864 3032 instructam,

195 3035 262 3087 de
299 3035 475 3105 operis
511 3036 673 3088 totius
709 3045 820 3089 arte
862 3046 916 3089 et
958 3037 1334 3108 compositione
1379 3040 1552 3092 fusius
1599 3039 1865 3092 disseruit.

198 3104 415 3176 Quippe
462 3113 617 3176 putat
664 3105 1076 3160 Hommelius
1111 3106 1341 3162 Phaedri
1389 3111 1627 3163 oratione
1656 3108 1864 3177 mytho-

195 3177 407 3247 logiam,
432 3175 732 3229 Pausaniae
755 3176 1024 3247 politicen,
1049 3177 1394 3248 Eryximachi
1419 3181 1706 3242 scientiam,
1733 3179 1866 3230 Ari-

197 3246 471 3318 stophanis
526 3255 691 3300 artem
737 3248 1148 3318 repraesentari3
1202 3250 1396 3320 quibus
1452 3249 1666 3318 q‘uidem
1705 3248 1866 3302 rebus

198 3318 447 3386 quoniam
482 3317 729 3371 universa
763 3317 973 3388 generis
1007 3318 1220 3375 humani
1257 3321 1364 3374 vita
1400 3320 1719 3382 absolvatur,
1764 3319 1865 3373 du-
