<?xml version="1.0" encoding="UTF-8"?>
<!DOCTYPE html PUBLIC "-//W3C//DTD XHTML 1.0 Transitional//EN"
    "http://www.w3.org/TR/xhtml1/DTD/xhtml1-transitional.dtd">
<html xmlns="http://www.w3.org/1999/xhtml" xml:lang="en" lang="en">
 <head>
  <title>
</title>
<meta http-equiv="Content-Type" content="text/html;charset=utf-8" />
  <meta name='ocr-system' content='tesseract 3.04.00' />
  <meta name='ocr-capabilities' content='ocr_page ocr_carea ocr_par ocr_line ocrx_word'/>
</head>
<body>
  <div class='ocr_page' id='page_1' title='image "./operaomniarecens01platuoft/operaomniarecens01platuoft_0660.png"; bbox 0 0 2158 3718; ppageno 0'>
   <div class='ocr_carea' id='block_1_1' title="bbox 384 140 1470 212">
    <p class='ocr_par' dir='ltr' id='par_1_1' title="bbox 384 140 1470 212">
     <span class='ocr_line' id='line_1_1' title="bbox 384 140 1470 212; baseline 0.001 -1"><span class='ocrx_word' id='word_1_1' title='bbox 384 140 385 143; x_wconf 11' lang='grc' dir='ltr'><strong>Ἴ</strong></span> <span class='ocrx_word' id='word_1_2' title='bbox 400 173 554 211; x_wconf 88' lang='lat' dir='ltr'>XVIII</span> <span class='ocrx_word' id='word_1_3' title='bbox 1021 172 1470 212; x_wconf 74' lang='lat' dir='ltr'><strong>PROLEGOMENA</strong></span> 
     </span>
    </p>
   </div>
   <div class='ocr_carea' id='block_1_2' title="bbox 385 299 2116 2919">
    <p class='ocr_par' dir='ltr' id='par_1_2' title="bbox 399 299 2086 494">
     <span class='ocr_line' id='line_1_2' title="bbox 399 299 2086 372; baseline 0.001 -19"><span class='ocrx_word' id='word_1_4' title='bbox 399 299 716 354; x_wconf 82' lang='lat' dir='ltr'><strong>ducentibus</strong></span> <span class='ocrx_word' id='word_1_5' title='bbox 759 299 912 354; x_wconf 90' lang='lat' dir='ltr'><strong>nobis</strong></span> <span class='ocrx_word' id='word_1_6' title='bbox 957 299 1280 368; x_wconf 80' lang='lat' dir='ltr'>quaestionis</span> <span class='ocrx_word' id='word_1_7' title='bbox 1315 310 1529 355; x_wconf 88' lang='lat' dir='ltr'><strong>nostrae</strong></span> <span class='ocrx_word' id='word_1_8' title='bbox 1566 301 1840 355; x_wconf 86' lang='lat' dir='ltr'><strong>exordium</strong></span> <span class='ocrx_word' id='word_1_9' title='bbox 1877 319 2086 372; x_wconf 86' lang='lat' dir='ltr'><strong>sperare</strong></span> 
     </span>
     <span class='ocr_line' id='line_1_3' title="bbox 400 371 2085 432; baseline 0.002 -10"><span class='ocrx_word' id='word_1_10' title='bbox 400 389 527 424; x_wconf 87' lang='lat' dir='ltr'><strong>sane</strong></span> <span class='ocrx_word' id='word_1_11' title='bbox 569 371 696 425; x_wconf 90' lang='lat' dir='ltr'><strong>licet</strong></span> <span class='ocrx_word' id='word_1_12' title='bbox 734 371 975 424; x_wconf 88' lang='lat' dir='ltr'><strong>futurum</strong></span> <span class='ocrx_word' id='word_1_13' title='bbox 1016 387 1160 432; x_wconf 89' lang='lat' dir='ltr'><strong>esse,</strong></span> <span class='ocrx_word' id='word_1_14' title='bbox 1210 379 1272 423; x_wconf 90' lang='lat' dir='ltr'><strong>ut</strong></span> <span class='ocrx_word' id='word_1_15' title='bbox 1315 372 1393 425; x_wconf 91' lang='lat' dir='ltr'><strong>rei</strong></span> <span class='ocrx_word' id='word_1_16' title='bbox 1437 371 1694 426; x_wconf 88' lang='lat' dir='ltr'><strong>obscurae</strong></span> <span class='ocrx_word' id='word_1_17' title='bbox 1734 372 1828 424; x_wconf 86' lang='lat' dir='ltr'><strong>lux</strong></span> <span class='ocrx_word' id='word_1_18' title='bbox 1870 391 1967 426; x_wconf 90' lang='lat' dir='ltr'><strong>sua</strong></span> <span class='ocrx_word' id='word_1_19' title='bbox 2008 373 2085 426; x_wconf 82' lang='lat' dir='ltr'><strong>af-</strong></span> 
     </span>
     <span class='ocr_line' id='line_1_4' title="bbox 403 442 678 494; baseline 0 0"><span class='ocrx_word' id='word_1_20' title='bbox 403 442 678 494; x_wconf 85' lang='lat' dir='ltr'><strong>fundatur.</strong></span> 
     </span>
    </p>

    <p class='ocr_par' dir='ltr' id='par_1_3' title="bbox 390 509 2098 1290">
     <span class='ocr_line' id='line_1_5' title="bbox 470 509 2098 583; baseline 0.001 -18"><span class='ocrx_word' id='word_1_21' title='bbox 470 510 618 579; x_wconf 78' lang='lat' dir='ltr'><strong>Quid</strong></span> <span class='ocrx_word' id='word_1_22' title='bbox 660 510 829 583; x_wconf 83' lang='lat' dir='ltr'><strong>igitur</strong></span> <span class='ocrx_word' id='word_1_23' title='bbox 873 509 1005 563; x_wconf 90' lang='lat' dir='ltr'><strong>illud</strong></span> <span class='ocrx_word' id='word_1_24' title='bbox 1052 518 1159 574; x_wconf 89' lang='lat' dir='ltr'><strong>est,</strong></span> <span class='ocrx_word' id='word_1_25' title='bbox 1207 511 1352 581; x_wconf 85' lang='lat' dir='ltr'><strong>quod-</strong></span> <span class='ocrx_word' id='word_1_26' title='bbox 1385 512 1486 567; x_wconf 88' lang='lat' dir='ltr'><strong>hac</strong></span> <span class='ocrx_word' id='word_1_27' title='bbox 1522 513 1760 566; x_wconf 87' lang='lat' dir='ltr'><strong>oratione</strong></span> <span class='ocrx_word' id='word_1_28' title='bbox 1796 531 1829 565; x_wconf 88' lang='lat' dir='ltr'><strong>a</strong></span> <span class='ocrx_word' id='word_1_29' title='bbox 1865 510 2098 567; x_wconf 78' lang='lat' dir='ltr'><strong>Socrate</strong></span> 
     </span>
     <span class='ocr_line' id='line_1_6' title="bbox 396 579 2089 653; baseline 0 -17"><span class='ocrx_word' id='word_1_30' title='bbox 396 583 480 636; x_wconf 88' lang='lat' dir='ltr'><strong>vel</strong></span> <span class='ocrx_word' id='word_1_31' title='bbox 514 582 693 653; x_wconf 87' lang='lat' dir='ltr'><strong>potius</strong></span> <span class='ocrx_word' id='word_1_32' title='bbox 729 581 797 634; x_wconf 88' lang='lat' dir='ltr'><strong>ab</strong></span> <span class='ocrx_word' id='word_1_33' title='bbox 840 581 860 634; x_wconf 90' lang='lat' dir='ltr'><strong>i</strong></span> <span class='ocrx_word' id='word_1_34' title='bbox 901 599 959 634; x_wconf 85' lang='lat' dir='ltr'><strong>so</strong></span> <span class='ocrx_word' id='word_1_35' title='bbox 994 579 1221 636; x_wconf 89' lang='lat' dir='ltr'><strong>Platone</strong></span> <span class='ocrx_word' id='word_1_36' title='bbox 1265 581 1592 637; x_wconf 85' lang='lat' dir='ltr'><strong>illustratur?</strong></span> <span class='ocrx_word' id='word_1_37' title='bbox 1650 582 1915 637; x_wconf 85' lang='lat' dir='ltr'><strong>Nimirum</strong></span> <span class='ocrx_word' id='word_1_38' title='bbox 1958 583 2089 637; x_wconf 86' lang='lat' dir='ltr'>nihil</span> 
     </span>
     <span class='ocr_line' id='line_1_7' title="bbox 395 651 2086 724; baseline 0.001 -18"><span class='ocrx_word' id='word_1_39' title='bbox 395 653 542 706; x_wconf 87' lang='lat' dir='ltr'><strong>aliud</strong></span> <span class='ocrx_word' id='word_1_40' title='bbox 588 651 826 722; x_wconf 87' lang='lat' dir='ltr'><strong>profecto</strong></span> <span class='ocrx_word' id='word_1_41' title='bbox 911 651 961 705; x_wconf 86' lang='lat' dir='ltr'><strong>’c</strong></span> <span class='ocrx_word' id='word_1_42' title='bbox 997 651 1199 724; x_wconf 89' lang='lat' dir='ltr'><strong>agitur,</strong></span> <span class='ocrx_word' id='word_1_43' title='bbox 1249 670 1408 722; x_wconf 88' lang='lat' dir='ltr'><strong>quam</strong></span> <span class='ocrx_word' id='word_1_44' title='bbox 1443 663 1505 707; x_wconf 93' lang='lat' dir='ltr'><strong>ut</strong></span> <span class='ocrx_word' id='word_1_45' title='bbox 1539 654 1874 718; x_wconf 80' lang='lat' dir='ltr'><strong>ostendatur,</strong></span> <span class='ocrx_word' id='word_1_46' title='bbox 1921 672 2086 724; x_wconf 90' lang='lat' dir='ltr'><strong>quae-</strong></span> 
     </span>
     <span class='ocr_line' id='line_1_8' title="bbox 396 722 2089 796; baseline 0.002 -20"><span class='ocrx_word' id='word_1_47' title='bbox 396 743 522 790; x_wconf 87' lang='lat' dir='ltr'><strong>nam</strong></span> <span class='ocrx_word' id='word_1_48' title='bbox 568 722 651 777; x_wconf 89' lang='lat' dir='ltr'><strong>vis</strong></span> <span class='ocrx_word' id='word_1_49' title='bbox 697 731 750 776; x_wconf 88' lang='lat' dir='ltr'><strong>et</strong></span> <span class='ocrx_word' id='word_1_50' title='bbox 791 730 984 776; x_wconf 88' lang='lat' dir='ltr'><strong>natura</strong></span> <span class='ocrx_word' id='word_1_51' title='bbox 1030 723 1099 777; x_wconf 87' lang='lat' dir='ltr'><strong>sit</strong></span> <span class='ocrx_word' id='word_1_52' title='bbox 1143 723 1338 777; x_wconf 88' lang='lat' dir='ltr'><strong>amoris</strong></span> <span class='ocrx_word' id='word_1_53' title='bbox 1382 723 1683 796; x_wconf 82' lang='lat' dir='ltr'>philosophi</span> <span class='ocrx_word' id='word_1_54' title='bbox 1727 734 1782 778; x_wconf 87' lang='lat' dir='ltr'><strong>et</strong></span> <span class='ocrx_word' id='word_1_55' title='bbox 1860 725 2089 780; x_wconf 87' lang='lat' dir='ltr'><strong>uomodo</strong></span> 
     </span>
     <span class='ocr_line' id='line_1_9' title="bbox 396 793 2090 866; baseline 0.002 -21"><span class='ocrx_word' id='word_1_56' title='bbox 396 794 466 846; x_wconf 88' lang='lat' dir='ltr'><strong>ad</strong></span> <span class='ocrx_word' id='word_1_57' title='bbox 513 813 635 847; x_wconf 88' lang='lat' dir='ltr'><strong>eum</strong></span> <span class='ocrx_word' id='word_1_58' title='bbox 682 793 1044 864; x_wconf 89' lang='lat' dir='ltr'><strong>perveniatur.</strong></span> <span class='ocrx_word' id='word_1_59' title='bbox 1111 793 1252 848; x_wconf 87' lang='lat' dir='ltr'><strong>Nam</strong></span> <span class='ocrx_word' id='word_1_60' title='bbox 1295 795 1527 866; x_wconf 86' lang='lat' dir='ltr'><strong>primum</strong></span> <span class='ocrx_word' id='word_1_61' title='bbox 1579 795 1795 865; x_wconf 89' lang='lat' dir='ltr'><strong>quidem</strong></span> <span class='ocrx_word' id='word_1_62' title='bbox 1882 804 2090 849; x_wconf 86' lang='lat' dir='ltr'><strong>ocrates</strong></span> 
     </span>
     <span class='ocr_line' id='line_1_10' title="bbox 394 865 2088 937; baseline 0.001 -20"><span class='ocrx_word' id='word_1_63' title='bbox 394 865 591 918; x_wconf 90' lang='lat' dir='ltr'><strong>amoris</strong></span> <span class='ocrx_word' id='word_1_64' title='bbox 627 873 875 918; x_wconf 88' lang='lat' dir='ltr'><strong>naturam</strong></span> <span class='ocrx_word' id='word_1_65' title='bbox 907 865 1063 918; x_wconf 87' lang='lat' dir='ltr'><strong>docet</strong></span> <span class='ocrx_word' id='word_1_66' title='bbox 1099 884 1215 918; x_wconf 90' lang='lat' dir='ltr'><strong>eam</strong></span> <span class='ocrx_word' id='word_1_67' title='bbox 1251 884 1386 931; x_wconf 88' lang='lat' dir='ltr'><strong>esse,</strong></span> <span class='ocrx_word' id='word_1_68' title='bbox 1423 884 1561 935; x_wconf 90' lang='lat' dir='ltr'><strong>quae</strong></span> <span class='ocrx_word' id='word_1_69' title='bbox 1599 884 1806 937; x_wconf 81' lang='lat' dir='ltr'><strong>semper</strong></span> <span class='ocrx_word' id='word_1_70' title='bbox 1839 867 1910 919; x_wconf 92' lang='lat' dir='ltr'><strong>ad</strong></span> <span class='ocrx_word' id='word_1_71' title='bbox 1943 866 2088 919; x_wconf 90' lang='lat' dir='ltr'><strong>aliud</strong></span> 
     </span>
     <span class='ocr_line' id='line_1_11' title="bbox 390 935 2089 1008; baseline 0.002 -20"><span class='ocrx_word' id='word_1_72' title='bbox 390 935 524 1004; x_wconf 89' lang='lat' dir='ltr'><strong>quid</strong></span> <span class='ocrx_word' id='word_1_73' title='bbox 569 935 859 1000; x_wconf 85' lang='lat' dir='ltr'><strong>referatur,</strong></span> <span class='ocrx_word' id='word_1_74' title='bbox 910 940 1071 1005; x_wconf 88' lang='lat' dir='ltr'><strong>atque</strong></span> <span class='ocrx_word' id='word_1_75' title='bbox 1115 937 1261 989; x_wconf 87' lang='lat' dir='ltr'><strong>cerni</strong></span> <span class='ocrx_word' id='word_1_76' title='bbox 1303 936 1361 989; x_wconf 91' lang='lat' dir='ltr'><strong>in</strong></span> <span class='ocrx_word' id='word_1_77' title='bbox 1406 936 1670 991; x_wconf 89' lang='lat' dir='ltr'><strong>desiderio</strong></span> <span class='ocrx_word' id='word_1_78' title='bbox 1706 937 1881 1008; x_wconf 86' lang='lat' dir='ltr'><strong>pulcri</strong></span> <span class='ocrx_word' id='word_1_79' title='bbox 1923 953 2089 1007; x_wconf 90' lang='lat' dir='ltr'><strong>quum</strong></span> 
     </span>
     <span class='ocr_line' id='line_1_12' title="bbox 390 1006 2088 1078; baseline 0.001 -19"><span class='ocrx_word' id='word_1_80' title='bbox 390 1006 611 1078; x_wconf 86' lang='lat' dir='ltr'><strong>proprio</strong></span> <span class='ocrx_word' id='word_1_81' title='bbox 648 1006 826 1061; x_wconf 88' lang='lat' dir='ltr'><strong>animo</strong></span> <span class='ocrx_word' id='word_1_82' title='bbox 866 1006 1210 1078; x_wconf 89' lang='lat' dir='ltr'><strong>suscipiendi,</strong></span> <span class='ocrx_word' id='word_1_83' title='bbox 1248 1015 1363 1060; x_wconf 86' lang='lat' dir='ltr'><strong>tum</strong></span> <span class='ocrx_word' id='word_1_84' title='bbox 1397 1006 1455 1060; x_wconf 95' lang='lat' dir='ltr'><strong>in</strong></span> <span class='ocrx_word' id='word_1_85' title='bbox 1490 1008 1714 1061; x_wconf 89' lang='lat' dir='ltr'><strong>aliorum</strong></span> <span class='ocrx_word' id='word_1_86' title='bbox 1746 1007 1938 1061; x_wconf 88' lang='lat' dir='ltr'><strong>animis</strong></span> <span class='ocrx_word' id='word_1_87' title='bbox 1962 1026 2088 1078; x_wconf 88' lang='lat' dir='ltr'><strong>pro-</strong></span> 
     </span>
     <span class='ocr_line' id='line_1_13' title="bbox 391 1076 2091 1160; baseline 0.001 -30"><span class='ocrx_word' id='word_1_88' title='bbox 391 1078 622 1131; x_wconf 86' lang='lat' dir='ltr'><strong>creandi.</strong></span> <span class='ocrx_word' id='word_1_89' title='bbox 687 1076 811 1145; x_wconf 80' lang='lat' dir='ltr'><strong>Quo</strong></span> <span class='ocrx_word' id='word_1_90' title='bbox 853 1077 994 1131; x_wconf 85' lang='lat' dir='ltr'><strong>facto</strong></span> <span class='ocrx_word' id='word_1_91' title='bbox 1037 1078 1347 1160; x_wconf 87' lang='lat' dir='ltr'><strong>panduntur</strong></span> <span class='ocrx_word' id='word_1_92' title='bbox 1392 1079 1547 1148; x_wconf 90' lang='lat' dir='ltr'><strong>quasi</strong></span> <span class='ocrx_word' id='word_1_93' title='bbox 1592 1078 1786 1132; x_wconf 88' lang='lat' dir='ltr'><strong>amoris</strong></span> <span class='ocrx_word' id='word_1_94' title='bbox 1833 1079 2091 1149; x_wconf 84' lang='lat' dir='ltr'><strong>mysteria</strong></span> 
     </span>
     <span class='ocr_line' id='line_1_14' title="bbox 391 1148 2088 1220; baseline 0.001 -19"><span class='ocrx_word' id='word_1_95' title='bbox 391 1167 456 1201; x_wconf 89' lang='lat' dir='ltr'><strong>ac</strong></span> <span class='ocrx_word' id='word_1_96' title='bbox 504 1148 751 1214; x_wconf 89' lang='lat' dir='ltr'><strong>docetur,</strong></span> <span class='ocrx_word' id='word_1_97' title='bbox 803 1167 910 1218; x_wconf 92' lang='lat' dir='ltr'><strong>qua</strong></span> <span class='ocrx_word' id='word_1_98' title='bbox 953 1157 1155 1203; x_wconf 78' lang='lat' dir='ltr'><strong>ratlone</strong></span> <span class='ocrx_word' id='word_1_99' title='bbox 1189 1149 1474 1220; x_wconf 87' lang='lat' dir='ltr'><strong>paullatim</strong></span> <span class='ocrx_word' id='word_1_100' title='bbox 1522 1150 1590 1203; x_wconf 85' lang='lat' dir='ltr'><strong>ad</strong></span> <span class='ocrx_word' id='word_1_101' title='bbox 1636 1169 1901 1203; x_wconf 90' lang='lat' dir='ltr'><strong>summum</strong></span> <span class='ocrx_word' id='word_1_102' title='bbox 1946 1149 2088 1202; x_wconf 89' lang='lat' dir='ltr'><strong>illius</strong></span> 
     </span>
     <span class='ocr_line' id='line_1_15' title="bbox 391 1218 1506 1290; baseline 0.001 -19"><span class='ocrx_word' id='word_1_103' title='bbox 391 1218 668 1290; x_wconf 81' lang='lat' dir='ltr'><strong>fastigium</strong></span> <span class='ocrx_word' id='word_1_104' title='bbox 704 1219 1037 1276; x_wconf 81' lang='lat' dir='ltr'><strong>escendatur.</strong></span> <span class='ocrx_word' id='word_1_105' title='bbox 1504 1262 1506 1264; x_wconf 22' lang='lat' dir='ltr'>v</span> 
     </span>
    </p>

    <p class='ocr_par' dir='ltr' id='par_1_4' title="bbox 386 1289 2116 1856">
     <span class='ocr_line' id='line_1_16' title="bbox 461 1289 2086 1362; baseline 0.001 -20"><span class='ocrx_word' id='word_1_106' title='bbox 461 1289 680 1344; x_wconf 83' lang='lat' dir='ltr'><strong>Etenim</strong></span> <span class='ocrx_word' id='word_1_107' title='bbox 721 1289 1058 1362; x_wconf 82' lang='lat' dir='ltr'><strong>philosophia</strong></span> <span class='ocrx_word' id='word_1_108' title='bbox 1097 1309 1263 1360; x_wconf 90' lang='lat' dir='ltr'><strong>quum</strong></span> <span class='ocrx_word' id='word_1_109' title='bbox 1298 1290 1540 1345; x_wconf 85' lang='lat' dir='ltr'><strong>Platonis</strong></span> <span class='ocrx_word' id='word_1_110' title='bbox 1581 1290 1780 1345; x_wconf 85' lang='lat' dir='ltr'><strong>iudicio</strong></span> <span class='ocrx_word' id='word_1_111' title='bbox 1817 1290 2086 1345; x_wconf 89' lang='lat' dir='ltr'><strong>continea-</strong></span> 
     </span>
     <span class='ocr_line' id='line_1_17' title="bbox 392 1360 2089 1433; baseline 0.001 -20"><span class='ocrx_word' id='word_1_112' title='bbox 392 1370 481 1414; x_wconf 89' lang='lat' dir='ltr'><strong>tur</strong></span> <span class='ocrx_word' id='word_1_113' title='bbox 535 1360 743 1414; x_wconf 88' lang='lat' dir='ltr'><strong>infinita</strong></span> <span class='ocrx_word' id='word_1_114' title='bbox 796 1361 1026 1431; x_wconf 89' lang='lat' dir='ltr'><strong>quadam</strong></span> <span class='ocrx_word' id='word_1_115' title='bbox 1072 1361 1310 1415; x_wconf 85' lang='lat' dir='ltr'><strong>veritatis</strong></span> <span class='ocrx_word' id='word_1_116' title='bbox 1354 1380 1414 1415; x_wconf 91' lang='lat' dir='ltr'><strong>co</strong></span> <span class='ocrx_word' id='word_1_117' title='bbox 1455 1361 1757 1415; x_wconf 87' lang='lat' dir='ltr'><strong>noscendae</strong></span> <span class='ocrx_word' id='word_1_118' title='bbox 1800 1361 2089 1433; x_wconf 88' lang='lat' dir='ltr'><strong>cupiditate</strong></span> 
     </span>
     <span class='ocr_line' id='line_1_18' title="bbox 386 1382 2087 1504; baseline 0.001 -20"><span class='ocrx_word' id='word_1_119' title='bbox 386 1441 552 1502; x_wconf 65' lang='lat' dir='ltr'><strong>&gt;atque</strong></span> <span class='ocrx_word' id='word_1_120' title='bbox 590 1432 766 1486; x_wconf 89' lang='lat' dir='ltr'><strong>studio</strong></span> <span class='ocrx_word' id='word_1_121' title='bbox 805 1432 1127 1504; x_wconf 88' lang='lat' dir='ltr'><strong>sapientiae,</strong></span> <span class='ocrx_word' id='word_1_122' title='bbox 1165 1382 1512 1503; x_wconf 59' lang='lat' dir='ltr'><strong>philosopffus</strong></span> <span class='ocrx_word' id='word_1_123' title='bbox 1549 1451 1581 1485; x_wconf 92' lang='lat' dir='ltr'><strong>a</strong></span> <span class='ocrx_word' id='word_1_124' title='bbox 1615 1431 1855 1503; x_wconf 83' lang='lat' dir='ltr'><strong>vulgaris</strong></span> <span class='ocrx_word' id='word_1_125' title='bbox 1892 1431 2087 1485; x_wconf 88' lang='lat' dir='ltr'><strong>amoris</strong></span> 
     </span>
     <span class='ocr_line' id='line_1_19' title="bbox 391 1502 2116 1574; baseline 0 -19"><span class='ocrx_word' id='word_1_126' title='bbox 391 1503 588 1557; x_wconf 85' lang='lat' dir='ltr'><strong>affectu</strong></span> <span class='ocrx_word' id='word_1_127' title='bbox 632 1503 1017 1557; x_wconf 88' lang='lat' dir='ltr'><strong>considerando</strong></span> <span class='ocrx_word' id='word_1_128' title='bbox 1063 1504 1333 1574; x_wconf 89' lang='lat' dir='ltr'><strong>profectus</strong></span> <span class='ocrx_word' id='word_1_129' title='bbox 1377 1523 1501 1556; x_wconf 89' lang='lat' dir='ltr'><strong>eum</strong></span> <span class='ocrx_word' id='word_1_130' title='bbox 1553 1511 1730 1556; x_wconf 90' lang='lat' dir='ltr'><strong>mente</strong></span> <span class='ocrx_word' id='word_1_131' title='bbox 1781 1502 2116 1557; x_wconf 38' lang='lat' dir='ltr'><strong>informavit*</strong></span> 
     </span>
     <span class='ocr_line' id='line_1_20' title="bbox 391 1572 2083 1644; baseline 0.001 -18"><span class='ocrx_word' id='word_1_132' title='bbox 391 1592 642 1640; x_wconf 85' lang='lat' dir='ltr'><strong>amorem,</strong></span> <span class='ocrx_word' id='word_1_133' title='bbox 680 1574 774 1644; x_wconf 89' lang='lat' dir='ltr'><strong>qui</strong></span> <span class='ocrx_word' id='word_1_134' title='bbox 810 1594 841 1627; x_wconf 90' lang='lat' dir='ltr'><strong>a</strong></span> <span class='ocrx_word' id='word_1_135' title='bbox 875 1593 1055 1628; x_wconf 89' lang='lat' dir='ltr'><strong>rerum</strong></span> <span class='ocrx_word' id='word_1_136' title='bbox 1092 1573 1191 1627; x_wconf 88' lang='lat' dir='ltr'><strong>sub</strong></span> <span class='ocrx_word' id='word_1_137' title='bbox 1231 1590 1421 1628; x_wconf 89' lang='lat' dir='ltr'><strong>sensus</strong></span> <span class='ocrx_word' id='word_1_138' title='bbox 1460 1572 1818 1628; x_wconf 89' lang='lat' dir='ltr'><strong>subiectarum</strong></span> <span class='ocrx_word' id='word_1_139' title='bbox 1853 1574 2083 1627; x_wconf 81' lang='lat' dir='ltr'><strong>admira-</strong></span> 
     </span>
     <span class='ocr_line' id='line_1_21' title="bbox 390 1644 2086 1716; baseline 0.001 -20"><span class='ocrx_word' id='word_1_140' title='bbox 390 1644 532 1698; x_wconf 83' lang='lat' dir='ltr'><strong>tione</strong></span> <span class='ocrx_word' id='word_1_141' title='bbox 581 1653 836 1699; x_wconf 79' lang='lat' dir='ltr'><strong>avocatus</strong></span> <span class='ocrx_word' id='word_1_142' title='bbox 885 1653 1026 1698; x_wconf 89' lang='lat' dir='ltr'><strong>totus</strong></span> <span class='ocrx_word' id='word_1_143' title='bbox 1071 1645 1365 1716; x_wconf 89' lang='lat' dir='ltr'><strong>pertineret</strong></span> <span class='ocrx_word' id='word_1_144' title='bbox 1411 1645 1481 1698; x_wconf 89' lang='lat' dir='ltr'><strong>ad</strong></span> <span class='ocrx_word' id='word_1_145' title='bbox 1529 1644 1766 1698; x_wconf 90' lang='lat' dir='ltr'><strong>studium</strong></span> <span class='ocrx_word' id='word_1_146' title='bbox 1813 1645 2086 1700; x_wconf 86' lang='lat' dir='ltr'><strong>absolutae</strong></span> 
     </span>
     <span class='ocr_line' id='line_1_22' title="bbox 390 1714 2087 1787; baseline -0.001 -18"><span class='ocrx_word' id='word_1_147' title='bbox 390 1716 649 1779; x_wconf 77' lang='lat' dir='ltr'><strong>veritatiS,</strong></span> <span class='ocrx_word' id='word_1_148' title='bbox 686 1715 1062 1787; x_wconf 83' lang='lat' dir='ltr'><strong>pulcritudinis</strong></span> <span class='ocrx_word' id='word_1_149' title='bbox 1100 1724 1152 1769; x_wconf 89' lang='lat' dir='ltr'><strong>et</strong></span> <span class='ocrx_word' id='word_1_150' title='bbox 1185 1714 1454 1780; x_wconf 77' lang='lat' dir='ltr'><strong>bonitatiS,</strong></span> <span class='ocrx_word' id='word_1_151' title='bbox 1493 1716 1667 1786; x_wconf 90' lang='lat' dir='ltr'><strong>qualis</strong></span> <span class='ocrx_word' id='word_1_152' title='bbox 1690 1716 1846 1770; x_wconf 76' lang='lat' dir='ltr'><strong>&#39;unice</strong></span> <span class='ocrx_word' id='word_1_153' title='bbox 1870 1715 1927 1769; x_wconf 87' lang='lat' dir='ltr'><strong>in</strong></span> <span class='ocrx_word' id='word_1_154' title='bbox 1951 1715 2087 1769; x_wconf 91' lang='lat' dir='ltr'><strong>ideis</strong></span> 
     </span>
     <span class='ocr_line' id='line_1_23' title="bbox 392 1785 2085 1856; baseline 0.001 -17"><span class='ocrx_word' id='word_1_155' title='bbox 392 1786 504 1840; x_wconf 90' lang='lat' dir='ltr'><strong>sive</strong></span> <span class='ocrx_word' id='word_1_156' title='bbox 548 1786 712 1840; x_wconf 88' lang='lat' dir='ltr'><strong>rebus</strong></span> <span class='ocrx_word' id='word_1_157' title='bbox 757 1786 952 1839; x_wconf 90' lang='lat' dir='ltr'><strong>divinis</strong></span> <span class='ocrx_word' id='word_1_158' title='bbox 1001 1794 1325 1840; x_wconf 88' lang='lat' dir='ltr'><strong>cerneretur.</strong></span> <span class='ocrx_word' id='word_1_159' title='bbox 1389 1785 1544 1853; x_wconf 82' lang='lat' dir='ltr'><strong>Quae</strong></span> <span class='ocrx_word' id='word_1_160' title='bbox 1587 1787 1803 1856; x_wconf 82' lang='lat' dir='ltr'><strong>quidem</strong></span> <span class='ocrx_word' id='word_1_161' title='bbox 1884 1786 2085 1840; x_wconf 89' lang='lat' dir='ltr'><strong>hiloso-</strong></span> 
     </span>
    </p>

    <p class='ocr_par' dir='ltr' id='par_1_5' title="bbox 386 1856 2086 2426">
     <span class='ocr_line' id='line_1_24' title="bbox 428 1856 2085 1927; baseline 0.001 -19"><span class='ocrx_word' id='word_1_162' title='bbox 428 1856 592 1910; x_wconf 87' lang='lat' dir='ltr'><strong>handi</strong></span> <span class='ocrx_word' id='word_1_163' title='bbox 624 1856 759 1910; x_wconf 88' lang='lat' dir='ltr'><strong>ratio</strong></span> <span class='ocrx_word' id='word_1_164' title='bbox 785 1857 1127 1927; x_wconf 89' lang='lat' dir='ltr'><strong>quantumvis</strong></span> <span class='ocrx_word' id='word_1_165' title='bbox 1164 1877 1196 1910; x_wconf 90' lang='lat' dir='ltr'><strong>a</strong></span> <span class='ocrx_word' id='word_1_166' title='bbox 1231 1865 1535 1911; x_wconf 86' lang='lat' dir='ltr'><strong>nostrorum</strong></span> <span class='ocrx_word' id='word_1_167' title='bbox 1573 1866 1829 1912; x_wconf 86' lang='lat' dir='ltr'><strong>consuetu</strong></span> <span class='ocrx_word' id='word_1_168' title='bbox 1866 1858 1953 1912; x_wconf 90' lang='lat' dir='ltr'><strong>ine</strong></span> <span class='ocrx_word' id='word_1_169' title='bbox 1989 1856 2085 1910; x_wconf 84' lang='lat' dir='ltr'><strong>ab-</strong></span> 
     </span>
     <span class='ocr_line' id='line_1_25' title="bbox 388 1876 2086 2000; baseline 0.001 -21"><span class='ocrx_word' id='word_1_170' title='bbox 388 1876 619 1991; x_wconf 55' lang='lat' dir='ltr'><strong>horreat,</strong></span> <span class='ocrx_word' id='word_1_171' title='bbox 658 1926 1088 1982; x_wconf 69' lang='lat' dir='ltr'><strong>tamen‘Graecis</strong></span> <span class='ocrx_word' id='word_1_172' title='bbox 1123 1928 1259 1981; x_wconf 88' lang='lat' dir='ltr'><strong>mira</strong></span> <span class='ocrx_word' id='word_1_173' title='bbox 1295 1928 1536 1995; x_wconf 86' lang='lat' dir='ltr'><strong>accidere</strong></span> <span class='ocrx_word' id='word_1_174' title='bbox 1573 1947 1679 1981; x_wconf 90' lang='lat' dir='ltr'><strong>non</strong></span> <span class='ocrx_word' id='word_1_175' title='bbox 1714 1929 1903 1999; x_wconf 84' lang='lat' dir='ltr'><strong>potuit,</strong></span> <span class='ocrx_word' id='word_1_176' title='bbox 1941 1928 2086 2000; x_wconf 88' lang='lat' dir='ltr'><strong>apud</strong></span> 
     </span>
     <span class='ocr_line' id='line_1_26' title="bbox 390 1999 2085 2071; baseline 0.001 -20"><span class='ocrx_word' id='word_1_177' title='bbox 390 2017 525 2068; x_wconf 92' lang='lat' dir='ltr'><strong>quos</strong></span> <span class='ocrx_word' id='word_1_178' title='bbox 564 1999 610 2052; x_wconf 92' lang='lat' dir='ltr'><strong>si</strong></span> <span class='ocrx_word' id='word_1_179' title='bbox 653 1999 1051 2052; x_wconf 88' lang='lat' dir='ltr'><strong>meminerimus</strong></span> <span class='ocrx_word' id='word_1_180' title='bbox 1099 1999 1271 2068; x_wconf 89' lang='lat' dir='ltr'><strong>qualis</strong></span> <span class='ocrx_word' id='word_1_181' title='bbox 1315 2006 1366 2052; x_wconf 89' lang='lat' dir='ltr'><strong>et</strong></span> <span class='ocrx_word' id='word_1_182' title='bbox 1409 2018 1569 2069; x_wconf 90' lang='lat' dir='ltr'><strong>quam</strong></span> <span class='ocrx_word' id='word_1_183' title='bbox 1610 1999 1716 2052; x_wconf 89' lang='lat' dir='ltr'><strong>late</strong></span> <span class='ocrx_word' id='word_1_184' title='bbox 1758 2008 2085 2071; x_wconf 87' lang='lat' dir='ltr'><strong>pervagatus</strong></span> 
     </span>
     <span class='ocr_line' id='line_1_27' title="bbox 387 2069 2085 2140; baseline 0 -17"><span class='ocrx_word' id='word_1_185' title='bbox 387 2069 551 2123; x_wconf 85' lang='lat' dir='ltr'><strong>fuerit</strong></span> <span class='ocrx_word' id='word_1_186' title='bbox 595 2086 743 2122; x_wconf 89' lang='lat' dir='ltr'><strong>amor</strong></span> <span class='ocrx_word' id='word_1_187' title='bbox 788 2069 1169 2134; x_wconf 89' lang='lat' dir='ltr'><strong>masculorum,</strong></span> <span class='ocrx_word' id='word_1_188' title='bbox 1219 2070 1284 2123; x_wconf 93' lang='lat' dir='ltr'><strong>de</strong></span> <span class='ocrx_word' id='word_1_189' title='bbox 1330 2089 1436 2140; x_wconf 90' lang='lat' dir='ltr'><strong>quo</strong></span> <span class='ocrx_word' id='word_1_190' title='bbox 1479 2079 1602 2140; x_wconf 89' lang='lat' dir='ltr'><strong>post</strong></span> <span class='ocrx_word' id='word_1_191' title='bbox 1644 2070 1777 2123; x_wconf 87' lang='lat' dir='ltr'><strong>alios</strong></span> <span class='ocrx_word' id='word_1_192' title='bbox 1813 2069 2085 2140; x_wconf 90' lang='lat' dir='ltr'><strong>praeclare</strong></span> 
     </span>
     <span class='ocr_line' id='line_1_28' title="bbox 388 2139 2085 2212; baseline 0.001 -20"><span class='ocrx_word' id='word_1_193' title='bbox 388 2140 471 2194; x_wconf 89' lang='lat' dir='ltr'><strong>dis</strong></span> <span class='ocrx_word' id='word_1_194' title='bbox 513 2139 686 2193; x_wconf 86' lang='lat' dir='ltr'><strong>utavit</strong></span> <span class='ocrx_word' id='word_1_195' title='bbox 729 2139 927 2194; x_wconf 91' lang='lat' dir='ltr'><strong>Iacob</strong></span> <span class='ocrx_word' id='word_1_196' title='bbox 942 2140 1077 2194; x_wconf 89' lang='lat' dir='ltr'><strong>sius</strong></span> <span class='ocrx_word' id='word_1_197' title='bbox 1122 2140 1180 2193; x_wconf 91' lang='lat' dir='ltr'><strong>in</strong></span> <span class='ocrx_word' id='word_1_198' title='bbox 1224 2139 1386 2193; x_wconf 89' lang='lat' dir='ltr'><strong>libro:</strong></span> <span class='ocrx_word' id='word_1_199' title='bbox 1457 2141 1771 2194; x_wconf 71' lang='lat' dir='ltr'><strong>Vermisohte</strong></span> <span class='ocrx_word' id='word_1_200' title='bbox 1817 2140 2085 2212; x_wconf 74' lang='lat' dir='ltr'><strong>›Schmflen</strong></span> 
     </span>
     <span class='ocr_line' id='line_1_29' title="bbox 389 2159 2084 2282; baseline 0 -19"><span class='ocrx_word' id='word_1_201' title='bbox 389 2210 455 2264; x_wconf 89' lang='lat' dir='ltr'><strong>P.</strong></span> <span class='ocrx_word' id='word_1_202' title='bbox 474 2159 554 2264; x_wconf 63' lang='lat' dir='ltr'><strong>IiI.</strong></span> <span class='ocrx_word' id='word_1_203' title='bbox 586 2231 640 2282; x_wconf 90' lang='lat' dir='ltr'><strong>p.</strong></span> <span class='ocrx_word' id='word_1_204' title='bbox 667 2211 770 2263; x_wconf 82' lang='lat'><strong>212</strong></span> <span class='ocrx_word' id='word_1_205' title='bbox 799 2229 933 2282; x_wconf 69' lang='lat' dir='ltr'><strong>sqq„</strong></span> <span class='ocrx_word' id='word_1_206' title='bbox 970 2230 1035 2265; x_wconf 90' lang='lat' dir='ltr'><strong>ac</strong></span> <span class='ocrx_word' id='word_1_207' title='bbox 1069 2220 1279 2265; x_wconf 88' lang='lat' dir='ltr'><strong>nosmet</strong></span> <span class='ocrx_word' id='word_1_208' title='bbox 1312 2211 1418 2282; x_wconf 91' lang='lat' dir='ltr'><strong>ipsi</strong></span> <span class='ocrx_word' id='word_1_209' title='bbox 1456 2212 1615 2265; x_wconf 88' lang='lat' dir='ltr'><strong>etiam</strong></span> <span class='ocrx_word' id='word_1_210' title='bbox 1649 2211 1706 2264; x_wconf 91' lang='lat' dir='ltr'><strong>in</strong></span> <span class='ocrx_word' id='word_1_211' title='bbox 1741 2210 2084 2282; x_wconf 87' lang='lat' dir='ltr'><strong>Prolegome-</strong></span> 
     </span>
     <span class='ocr_line' id='line_1_30' title="bbox 386 2281 2082 2354; baseline 0 -20"><span class='ocrx_word' id='word_1_212' title='bbox 386 2282 470 2335; x_wconf 89' lang='lat' dir='ltr'><strong>nis</strong></span> <span class='ocrx_word' id='word_1_213' title='bbox 507 2281 576 2335; x_wconf 90' lang='lat' dir='ltr'><strong>ad</strong></span> <span class='ocrx_word' id='word_1_214' title='bbox 611 2281 921 2344; x_wconf 83' lang='lat' dir='ltr'><strong>Phaedrum</strong></span> <span class='ocrx_word' id='word_1_215' title='bbox 955 2291 1007 2335; x_wconf 88' lang='lat' dir='ltr'><strong>et</strong></span> <span class='ocrx_word' id='word_1_216' title='bbox 1038 2282 1242 2351; x_wconf 39' lang='lat' dir='ltr'><strong>*paucis</strong></span> <span class='ocrx_word' id='word_1_217' title='bbox 1283 2282 1423 2335; x_wconf 85' lang='lat' dir='ltr'><strong>infra</strong></span> <span class='ocrx_word' id='word_1_218' title='bbox 1470 2281 1879 2354; x_wconf 89' lang='lat' dir='ltr'><strong>explicabimus,</strong></span> <span class='ocrx_word' id='word_1_219' title='bbox 1927 2281 2082 2335; x_wconf 74' lang='lat' dir='ltr'><strong>facile</strong></span> 
     </span>
     <span class='ocr_line' id='line_1_31' title="bbox 386 2352 2082 2426; baseline 0.001 -21"><span class='ocrx_word' id='word_1_220' title='bbox 386 2352 769 2426; x_wconf 78' lang='lat' dir='ltr'><strong>intelligemuS,</strong></span> <span class='ocrx_word' id='word_1_221' title='bbox 817 2353 910 2423; x_wconf 90' lang='lat' dir='ltr'><strong>qui</strong></span> <span class='ocrx_word' id='word_1_222' title='bbox 955 2353 1070 2406; x_wconf 88' lang='lat' dir='ltr'><strong>fieri</strong></span> <span class='ocrx_word' id='word_1_223' title='bbox 1101 2353 1353 2424; x_wconf 88' lang='lat' dir='ltr'><strong>potuerit,</strong></span> <span class='ocrx_word' id='word_1_224' title='bbox 1390 2362 1452 2406; x_wconf 91' lang='lat' dir='ltr'><strong>ut</strong></span> <span class='ocrx_word' id='word_1_225' title='bbox 1473 2353 1630 2408; x_wconf 87' lang='lat' dir='ltr'><strong>Plato</strong></span> <span class='ocrx_word' id='word_1_226' title='bbox 1667 2353 1735 2407; x_wconf 90' lang='lat' dir='ltr'><strong>ab</strong></span> <span class='ocrx_word' id='word_1_227' title='bbox 1770 2353 1871 2407; x_wconf 93' lang='lat' dir='ltr'><strong>hoc</strong></span> <span class='ocrx_word' id='word_1_228' title='bbox 1906 2371 2082 2406; x_wconf 85' lang='lat' dir='ltr'><strong>amore</strong></span> 
     </span>
    </p>

    <p class='ocr_par' dir='ltr' id='par_1_6' title="bbox 385 2423 2082 2919">
     <span class='ocr_line' id='line_1_32' title="bbox 427 2423 2080 2496; baseline 0 -20"><span class='ocrx_word' id='word_1_229' title='bbox 427 2425 661 2477; x_wconf 88' lang='lat' dir='ltr'><strong>rofectus</strong></span> <span class='ocrx_word' id='word_1_230' title='bbox 707 2424 777 2477; x_wconf 91' lang='lat' dir='ltr'><strong>ad</strong></span> <span class='ocrx_word' id='word_1_231' title='bbox 820 2423 1168 2478; x_wconf 85' lang='lat' dir='ltr'><strong>enthusiasmi</strong></span> <span class='ocrx_word' id='word_1_232' title='bbox 1209 2424 1510 2496; x_wconf 88' lang='lat' dir='ltr'><strong>philosophi</strong></span> <span class='ocrx_word' id='word_1_233' title='bbox 1556 2424 1844 2495; x_wconf 88' lang='lat' dir='ltr'><strong>imaginem</strong></span> <span class='ocrx_word' id='word_1_234' title='bbox 1891 2423 2080 2476; x_wconf 88' lang='lat' dir='ltr'><strong>adum-</strong></span> 
     </span>
     <span class='ocr_line' id='line_1_33' title="bbox 385 2444 2079 2565; baseline -0.001 -17"><span class='ocrx_word' id='word_1_235' title='bbox 385 2444 647 2548; x_wconf 57' lang='lat' dir='ltr'><strong>brandam</strong></span> <span class='ocrx_word' id='word_1_236' title='bbox 681 2495 1154 2564; x_wconf 85' lang='lat' dir='ltr'><strong>illustrandamque</strong></span> <span class='ocrx_word' id='word_1_237' title='bbox 1189 2496 1467 2550; x_wconf 90' lang='lat' dir='ltr'><strong>accederet</strong></span> <span class='ocrx_word' id='word_1_238' title='bbox 1485 2495 1557 2565; x_wconf 77' lang='lat'><strong>*).</strong></span> <span class='ocrx_word' id='word_1_239' title='bbox 1616 2494 1790 2561; x_wconf 80' lang='lat' dir='ltr'><strong>Quod</strong></span> <span class='ocrx_word' id='word_1_240' title='bbox 1811 2502 1874 2548; x_wconf 84' lang='lat' dir='ltr'><strong>ut</strong></span> <span class='ocrx_word' id='word_1_241' title='bbox 1902 2494 1979 2547; x_wconf 81' lang='lat' dir='ltr'><strong>ita</strong></span> <span class='ocrx_word' id='word_1_242' title='bbox 2001 2495 2079 2547; x_wconf 81' lang='lat' dir='ltr'><strong>fa-</strong></span> 
     </span>
     <span class='ocr_line' id='line_1_34' title="bbox 388 2565 2082 2648; baseline -0.001 -30"><span class='ocrx_word' id='word_1_243' title='bbox 388 2584 508 2620; x_wconf 89' lang='lat' dir='ltr'><strong>cere</strong></span> <span class='ocrx_word' id='word_1_244' title='bbox 532 2575 732 2637; x_wconf 87' lang='lat' dir='ltr'><strong>posset,</strong></span> <span class='ocrx_word' id='word_1_245' title='bbox 772 2567 930 2620; x_wconf 91' lang='lat' dir='ltr'><strong>etiam</strong></span> <span class='ocrx_word' id='word_1_246' title='bbox 964 2566 1142 2637; x_wconf 89' lang='lat' dir='ltr'><strong>ipsum</strong></span> <span class='ocrx_word' id='word_1_247' title='bbox 1177 2585 1371 2620; x_wconf 88' lang='lat' dir='ltr'><strong>nomen</strong></span> <span class='ocrx_word' id='word_1_248' title='bbox 1403 2566 1772 2648; x_wconf 87' lang='lat' dir='ltr'><strong>philosophiae</strong></span> <span class='ocrx_word' id='word_1_249' title='bbox 1796 2565 1988 2628; x_wconf 86' lang='lat' dir='ltr'><strong>effecit,</strong></span> <span class='ocrx_word' id='word_1_250' title='bbox 2025 2565 2082 2617; x_wconf 91' lang='lat' dir='ltr'><strong>in</strong></span> 
     </span>
     <span class='ocr_line' id='line_1_35' title="bbox 386 2635 2079 2709; baseline -0.001 -20"><span class='ocrx_word' id='word_1_251' title='bbox 386 2655 492 2705; x_wconf 93' lang='lat' dir='ltr'><strong>quo</strong></span> <span class='ocrx_word' id='word_1_252' title='bbox 529 2637 724 2689; x_wconf 90' lang='lat' dir='ltr'><strong>amoris</strong></span> <span class='ocrx_word' id='word_1_253' title='bbox 759 2645 814 2690; x_wconf 87' lang='lat' dir='ltr'><strong>et</strong></span> <span class='ocrx_word' id='word_1_254' title='bbox 850 2637 1086 2690; x_wconf 88' lang='lat' dir='ltr'><strong>caritatis</strong></span> <span class='ocrx_word' id='word_1_255' title='bbox 1134 2637 1452 2709; x_wconf 74' lang='lat' dir='ltr'><strong>significauo</strong></span> <span class='ocrx_word' id='word_1_256' title='bbox 1490 2644 1803 2691; x_wconf 89' lang='lat' dir='ltr'><strong>contmetur.</strong></span> <span class='ocrx_word' id='word_1_257' title='bbox 1866 2635 2079 2688; x_wconf 87' lang='lat' dir='ltr'><strong>Tradu-</strong></span> 
     </span>
     <span class='ocr_line' id='line_1_36' title="bbox 386 2705 2078 2777; baseline 0.001 -19"><span class='ocrx_word' id='word_1_258' title='bbox 386 2706 466 2758; x_wconf 90' lang='lat' dir='ltr'><strong>xit</strong></span> <span class='ocrx_word' id='word_1_259' title='bbox 501 2706 668 2777; x_wconf 85' lang='lat' dir='ltr'><strong>igitur</strong></span> <span class='ocrx_word' id='word_1_260' title='bbox 703 2706 1049 2777; x_wconf 89' lang='lat' dir='ltr'><strong>philosophus</strong></span> <span class='ocrx_word' id='word_1_261' title='bbox 1095 2726 1329 2760; x_wconf 88' lang='lat' dir='ltr'><strong>amorem</strong></span> <span class='ocrx_word' id='word_1_262' title='bbox 1365 2707 1432 2761; x_wconf 90' lang='lat' dir='ltr'><strong>ab</strong></span> <span class='ocrx_word' id='word_1_263' title='bbox 1469 2726 1648 2760; x_wconf 87' lang='lat' dir='ltr'><strong>rerum</strong></span> <span class='ocrx_word' id='word_1_264' title='bbox 1682 2705 2078 2775; x_wconf 86' lang='lat' dir='ltr'><strong>hominumque,</strong></span> 
     </span>
     <span class='ocr_line' id='line_1_37' title="bbox 385 2777 2080 2844; baseline 0.001 -16"><span class='ocrx_word' id='word_1_265' title='bbox 385 2794 520 2844; x_wconf 91' lang='lat' dir='ltr'><strong>quos</strong></span> <span class='ocrx_word' id='word_1_266' title='bbox 565 2777 732 2831; x_wconf 89' lang='lat' dir='ltr'><strong>oculis</strong></span> <span class='ocrx_word' id='word_1_267' title='bbox 778 2778 1067 2841; x_wconf 90' lang='lat' dir='ltr'><strong>cernimus,</strong></span> <span class='ocrx_word' id='word_1_268' title='bbox 1123 2777 1387 2830; x_wconf 89' lang='lat' dir='ltr'><strong>desiderio</strong></span> <span class='ocrx_word' id='word_1_269' title='bbox 1442 2777 1512 2830; x_wconf 89' lang='lat' dir='ltr'><strong>ad</strong></span> <span class='ocrx_word' id='word_1_270' title='bbox 1556 2795 1735 2831; x_wconf 88' lang='lat' dir='ltr'><strong>rerum</strong></span> <span class='ocrx_word' id='word_1_271' title='bbox 1780 2777 2080 2830; x_wconf 83' lang='lat' dir='ltr'><strong>divinarum</strong></span> 
     </span>
     <span class='ocr_line' id='line_1_38' title="bbox 388 2846 2076 2919; baseline 0.001 -20"><span class='ocrx_word' id='word_1_272' title='bbox 388 2847 621 2900; x_wconf 90' lang='lat' dir='ltr'><strong>studium</strong></span> <span class='ocrx_word' id='word_1_273' title='bbox 634 2887 648 2911; x_wconf 93' lang='lat'><strong>,</strong></span> <span class='ocrx_word' id='word_1_274' title='bbox 698 2865 922 2916; x_wconf 88' lang='lat' dir='ltr'><strong>quarum</strong></span> <span class='ocrx_word' id='word_1_275' title='bbox 973 2846 1202 2918; x_wconf 87' lang='lat' dir='ltr'><strong>speciem</strong></span> <span class='ocrx_word' id='word_1_276' title='bbox 1239 2856 1293 2900; x_wconf 89' lang='lat' dir='ltr'><strong>et</strong></span> <span class='ocrx_word' id='word_1_277' title='bbox 1326 2847 1549 2902; x_wconf 86' lang='lat' dir='ltr'><strong>formam</strong></span> <span class='ocrx_word' id='word_1_278' title='bbox 1583 2848 1843 2902; x_wconf 90' lang='lat' dir='ltr'><strong>immensa</strong></span> <span class='ocrx_word' id='word_1_279' title='bbox 1876 2847 2076 2919; x_wconf 91' lang='lat' dir='ltr'><strong>pulcri-</strong></span> 
     </span>
    </p>
   </div>
   <div class='ocr_carea' id='block_1_3' title="bbox 387 2966 723 2976">
    <p class='ocr_par' dir='ltr' id='par_1_7' title="bbox 387 2966 723 2976">
     <span class='ocr_line' id='line_1_39' title="bbox 387 2966 723 2976; baseline 0 742"><span class='ocrx_word' id='word_1_280' title='bbox 387 2966 723 2976; x_wconf 95' lang='lat' dir='ltr'><strong> </strong></span> 
     </span>
    </p>
   </div>
   <div class='ocr_carea' id='block_1_4' title="bbox 457 3017 2075 3414">
    <p class='ocr_par' dir='ltr' id='par_1_8' title="bbox 457 3017 2075 3414">
     <span class='ocr_line' id='line_1_40' title="bbox 457 3017 2075 3074; baseline -0.002 -11"><span class='ocrx_word' id='word_1_281' title='bbox 457 3017 502 3072; x_wconf 85' lang='lat'><strong>*)</strong></span> <span class='ocrx_word' id='word_1_282' title='bbox 531 3021 753 3063; x_wconf 81' lang='lat' dir='ltr'><strong>Praeclare</strong></span> <span class='ocrx_word' id='word_1_283' title='bbox 781 3021 1056 3062; x_wconf 84' lang='lat' dir='ltr'><strong>Iacobsius</strong></span> <span class='ocrx_word' id='word_1_284' title='bbox 1087 3021 1115 3061; x_wconf 94' lang='lat' dir='ltr'><strong>l.</strong></span> <span class='ocrx_word' id='word_1_285' title='bbox 1147 3034 1182 3062; x_wconf 89' lang='lat' dir='ltr'><strong>c.</strong></span> <span class='ocrx_word' id='word_1_286' title='bbox 1213 3034 1253 3074; x_wconf 82' lang='lat' dir='ltr'><strong>p.</strong></span> <span class='ocrx_word' id='word_1_287' title='bbox 1277 3024 1379 3062; x_wconf 88' lang='lat'>251:</span> <span class='ocrx_word' id='word_1_288' title='bbox 1430 3021 1557 3072; x_wconf 81' lang='lat' dir='ltr'><strong>„Jene</strong></span> <span class='ocrx_word' id='word_1_289' title='bbox 1587 3020 1688 3063; x_wconf 73' lang='lat' dir='ltr'><strong>Sitte</strong></span> <span class='ocrx_word' id='word_1_290' title='bbox 1726 3018 1872 3061; x_wconf 62' lang='lat' dir='ltr'><strong>enthdlt</strong></span> <span class='ocrx_word' id='word_1_291' title='bbox 1898 3019 1991 3060; x_wconf 84' lang='lat' dir='ltr'><strong>eben</strong></span> <span class='ocrx_word' id='word_1_292' title='bbox 2018 3033 2075 3070; x_wconf 84' lang='lat' dir='ltr'><strong>so,</strong></span> 
     </span>
     <span class='ocr_line' id='line_1_41' title="bbox 527 3074 2075 3129; baseline -0.001 -12"><span class='ocrx_word' id='word_1_293' title='bbox 527 3077 599 3117; x_wconf 86' lang='lat' dir='ltr'><strong>wie</strong></span> <span class='ocrx_word' id='word_1_294' title='bbox 629 3076 692 3117; x_wconf 76' lang='lat' dir='ltr'><strong>die</strong></span> <span class='ocrx_word' id='word_1_295' title='bbox 719 3076 843 3117; x_wconf 80' lang='lat' dir='ltr'><strong>Liebe</strong></span> <span class='ocrx_word' id='word_1_296' title='bbox 870 3091 956 3117; x_wconf 81' lang='lat' dir='ltr'><strong>zum</strong></span> <span class='ocrx_word' id='word_1_297' title='bbox 986 3076 1136 3117; x_wconf 72' lang='lat' dir='ltr'><strong>andern</strong></span> <span class='ocrx_word' id='word_1_298' title='bbox 1171 3076 1433 3129; x_wconf 73' lang='lat' dir='ltr'><strong>Geschlechte‚</strong></span> <span class='ocrx_word' id='word_1_299' title='bbox 1464 3077 1542 3118; x_wconf 85' lang='lat' dir='ltr'><strong>alle</strong></span> <span class='ocrx_word' id='word_1_300' title='bbox 1559 3077 1762 3118; x_wconf 79' lang='lat' dir='ltr'><strong>Elemente</strong></span> <span class='ocrx_word' id='word_1_301' title='bbox 1791 3075 1858 3116; x_wconf 76' lang='lat' dir='ltr'><strong>des</strong></span> <span class='ocrx_word' id='word_1_302' title='bbox 1885 3074 2075 3116; x_wconf 77' lang='lat' dir='ltr'><strong>Edelsten</strong></span> 
     </span>
     <span class='ocr_line' id='line_1_42' title="bbox 526 3131 2074 3187; baseline -0.001 -14"><span class='ocrx_word' id='word_1_303' title='bbox 526 3131 610 3173; x_wconf 81' lang='lat' dir='ltr'><strong>und</strong></span> <span class='ocrx_word' id='word_1_304' title='bbox 636 3133 704 3174; x_wconf 81' lang='lat' dir='ltr'><strong>des</strong></span> <span class='ocrx_word' id='word_1_305' title='bbox 722 3132 1116 3186; x_wconf 64' lang='lat' dir='ltr'><strong>Nichoewiirdz‘ysten,</strong></span> <span class='ocrx_word' id='word_1_306' title='bbox 1148 3132 1218 3174; x_wconf 84' lang='lat' dir='ltr'><strong>der</strong></span> <span class='ocrx_word' id='word_1_307' title='bbox 1244 3133 1411 3187; x_wconf 74' lang='lat' dir='ltr'><strong>Tuyend</strong></span> <span class='ocrx_word' id='word_1_308' title='bbox 1437 3134 1521 3174; x_wconf 83' lang='lat' dir='ltr'><strong>und</strong></span> <span class='ocrx_word' id='word_1_309' title='bbox 1547 3133 1614 3173; x_wconf 82' lang='lat' dir='ltr'><strong>des</strong></span> <span class='ocrx_word' id='word_1_310' title='bbox 1632 3133 1811 3184; x_wconf 83' lang='lat' dir='ltr'><strong>Lasters,</strong></span> <span class='ocrx_word' id='word_1_311' title='bbox 1841 3131 1908 3173; x_wconf 83' lang='lat' dir='ltr'><strong>des</strong></span> <span class='ocrx_word' id='word_1_312' title='bbox 1926 3132 2074 3173; x_wconf 51' lang='lat' dir='ltr'><strong>Bes-ten</strong></span> 
     </span>
     <span class='ocr_line' id='line_1_43' title="bbox 527 3187 2074 3241; baseline -0.003 -10"><span class='ocrx_word' id='word_1_313' title='bbox 527 3189 611 3231; x_wconf 83' lang='lat' dir='ltr'><strong>und</strong></span> <span class='ocrx_word' id='word_1_314' title='bbox 637 3189 705 3230; x_wconf 85' lang='lat' dir='ltr'><strong>des</strong></span> <span class='ocrx_word' id='word_1_315' title='bbox 733 3189 1016 3232; x_wconf 73' lang='lat' dir='ltr'><strong>Schlechtesten</strong></span> <span class='ocrx_word' id='word_1_316' title='bbox 1046 3190 1086 3229; x_wconf 84' lang='lat' dir='ltr'><strong>in</strong></span> <span class='ocrx_word' id='word_1_317' title='bbox 1115 3190 1210 3241; x_wconf 79' lang='lat' dir='ltr'><strong>sich,</strong></span> <span class='ocrx_word' id='word_1_318' title='bbox 1241 3191 1311 3231; x_wconf 84' lang='lat' dir='ltr'><strong>wie</strong></span> <span class='ocrx_word' id='word_1_319' title='bbox 1341 3190 1410 3230; x_wconf 83' lang='lat' dir='ltr'><strong>der</strong></span> <span class='ocrx_word' id='word_1_320' title='bbox 1439 3204 1511 3235; x_wconf 82' lang='lat' dir='ltr'><strong>aus</strong></span> <span class='ocrx_word' id='word_1_321' title='bbox 1541 3188 1625 3229; x_wconf 84' lang='lat' dir='ltr'><strong>dem</strong></span> <span class='ocrx_word' id='word_1_322' title='bbox 1655 3188 1844 3230; x_wconf 76' lang='lat' dir='ltr'><strong>Schoosse</strong></span> <span class='ocrx_word' id='word_1_323' title='bbox 1873 3188 1943 3230; x_wconf 83' lang='lat' dir='ltr'><strong>der</strong></span> <span class='ocrx_word' id='word_1_324' title='bbox 1961 3187 2074 3230; x_wconf 85' lang='lat' dir='ltr'><strong>Erde</strong></span> 
     </span>
     <span class='ocr_line' id='line_1_44' title="bbox 528 3243 2071 3300; baseline -0.002 -14"><span class='ocrx_word' id='word_1_325' title='bbox 528 3246 795 3300; x_wconf 64' lang='lat' dir='ltr'><strong>azgssteiyende</strong></span> <span class='ocrx_word' id='word_1_326' title='bbox 823 3245 1129 3299; x_wconf 74' lang='lat' dir='ltr'><strong>Nahrunyssast</strong></span> <span class='ocrx_word' id='word_1_327' title='bbox 1156 3246 1257 3287; x_wconf 76' lang='lat' dir='ltr'><strong>nach</strong></span> <span class='ocrx_word' id='word_1_328' title='bbox 1286 3245 1607 3299; x_wconf 76' lang='lat' dir='ltr'><strong>Beschoffenheit</strong></span> <span class='ocrx_word' id='word_1_329' title='bbox 1643 3244 1711 3285; x_wconf 77' lang='lat' dir='ltr'><strong>des</strong></span> <span class='ocrx_word' id='word_1_330' title='bbox 1727 3245 1943 3298; x_wconf 60' lang='lat' dir='ltr'><strong>»Gestis-ses,</strong></span> <span class='ocrx_word' id='word_1_331' title='bbox 1982 3243 2071 3284; x_wconf 83' lang='lat' dir='ltr'><strong>wel.</strong></span> 
     </span>
     <span class='ocr_line' id='line_1_45' title="bbox 528 3301 2071 3356; baseline 0.001 -14"><span class='ocrx_word' id='word_1_332' title='bbox 528 3302 616 3343; x_wconf 76' lang='lat' dir='ltr'><strong>ches</strong></span> <span class='ocrx_word' id='word_1_333' title='bbox 645 3302 712 3343; x_wconf 78' lang='lat' dir='ltr'><strong>ihn</strong></span> <span class='ocrx_word' id='word_1_334' title='bbox 742 3303 961 3356; x_wconf 70' lang='lat' dir='ltr'><strong>azffnimnzt,</strong></span> <span class='ocrx_word' id='word_1_335' title='bbox 1000 3302 1083 3343; x_wconf 80' lang='lat' dir='ltr'><strong>hier</strong></span> <span class='ocrx_word' id='word_1_336' title='bbox 1119 3304 1201 3343; x_wconf 79' lang='lat' dir='ltr'><strong>eine</strong></span> <span class='ocrx_word' id='word_1_337' title='bbox 1239 3303 1324 3344; x_wconf 79' lang='lat' dir='ltr'><strong>edle</strong></span> <span class='ocrx_word' id='word_1_338' title='bbox 1359 3303 1513 3344; x_wconf 83' lang='lat' dir='ltr'><strong>Traube</strong></span> <span class='ocrx_word' id='word_1_339' title='bbox 1541 3301 1722 3352; x_wconf 80' lang='lat' dir='ltr'><strong>schwellt,</strong></span> <span class='ocrx_word' id='word_1_340' title='bbox 1761 3301 1851 3342; x_wconf 79' lang='lat' dir='ltr'><strong>dort</strong></span> <span class='ocrx_word' id='word_1_341' title='bbox 1886 3301 1947 3343; x_wconf 78' lang='lat' dir='ltr'><strong>ein</strong></span> <span class='ocrx_word' id='word_1_342' title='bbox 1987 3315 2071 3343; x_wconf 88' lang='lat' dir='ltr'><strong>ver-</strong></span> 
     </span>
     <span class='ocr_line' id='line_1_46' title="bbox 528 3358 1869 3414; baseline 0.001 -16"><span class='ocrx_word' id='word_1_343' title='bbox 528 3359 751 3412; x_wconf 79' lang='lat' dir='ltr'><strong>derbliches‚</strong></span> <span class='ocrx_word' id='word_1_344' title='bbox 794 3359 1011 3405; x_wconf 78' lang='lat' dir='ltr'><strong>Wahnsinn</strong></span> <span class='ocrx_word' id='word_1_345' title='bbox 1041 3359 1133 3401; x_wconf 83' lang='lat' dir='ltr'><strong>oder</strong></span> <span class='ocrx_word' id='word_1_346' title='bbox 1171 3360 1258 3401; x_wconf 81' lang='lat' dir='ltr'><strong>Tod</strong></span> <span class='ocrx_word' id='word_1_347' title='bbox 1287 3359 1514 3414; x_wconf 75' lang='lat' dir='ltr'><strong>brinyendes</strong></span> <span class='ocrx_word' id='word_1_348' title='bbox 1549 3359 1641 3412; x_wconf 61' lang='lat' dir='ltr'><strong>Gis!</strong></span> <span class='ocrx_word' id='word_1_349' title='bbox 1670 3358 1869 3400; x_wconf 80' lang='lat' dir='ltr'><strong>bereitet.”</strong></span> 
     </span>
    </p>
   </div>
  </div>
 </body>
</html>
