2158 3718
369 147 787 204 APOLOGIA
824 148 1226 206 SOCRATIS.
1266 151 1328 204 P.
1370 153 1451 204 25.
1493 151 1576 206 St.
1757 153 1823 203 99

140 297 341 354 κελεύει
383 297 814 370 ἀποκρίνεσθαι.
872 297 1002 352 ἔσθ’
1073 294 1220 362 ὅςτις
1268 296 1531 368 βούλεται
1586 296 1827 368 βλάπτε-

141 376 320 448 σθάιξ
408 379 486 438 Οὐ
543 384 706 448 δῆτα.
810 383 948 450 Φέρε
1004 379 1094 448 δή,
1159 378 1398 454 πότερον
1452 384 1542 453 ἐμὲ
1600 379 1827 450 εἰςοὶγεις

142 469 302 537 δεῦρο
345 463 419 530 ὡς
463 468 877 539 διαφθείροντα
934 464 1068 530 τοὺς
1107 473 1398 536 νεωτέρους
1451 468 1542 520 καὶ
1586 487 1828 536 πονηρο·

140 558 330 621 τέρους
390 552 666 604 ποιοῦντα
727 549 926 605 ἑκόντα
983 547 1015 616 ἢ
1060 546 1302 620 ἄκοντας
1355 547 1586 605 (Εκόντα
1646 554 1826 620 ἔγωγε.

147 639 215 689 Τι’
257 637 428 701 δῆτα,
484 624 525 687 ὦ
571 637 819 703 Μέλητε;
890 637 1159 689 τοσοῦτον
1213 632 1280 688 σὺ
1335 637 1468 703 ἐμοῦ
1513 633 1832 708 σοφώτερος

141 719 190 775 εἶ
228 717 555 785 τηλικούτου
600 714 763 781 ὄντος
808 717 1084 784 τηλικόςὸε
1125 717 1217 782 ὥν,
1260 717 1391 783 dign
1437 716 1503 773 σὺ
1540 722 1642 788 μὲν
1666 723 1831 783 ἔγνω-

141 826 256 867 κας,
304 800 394 857 ὅτι
439 807 493 858 οἱ
535 805 637 872 μὲν
682 805 843 858 κακοὶ
890 801 1058 857 κακόν
1104 824 1158 856 τι
1199 802 1525 873 ἐργάζονται
1567 802 1655 857 ἀεὶ
1698 802 1830 866 τοὺς

140 886 382 958 μάλιστα
427 888 658 952 πλησίον
702 889 927 950 ἑαυτῶν,
976 891 1029 941 οἱ
1073 890 1128 940 δὲ
1165 885 1671 955 ἀγαθοὶάγαθόν·
1720 885 1819 954 ἐγώ

143 975 198 1026 δὲ
258 969 324 1037 δὴ
378 977 452 1034 εὶς
494 974 766 1025 τοσοῦτον
819 968 1081 1033 ἀμαθίας
1139 966 1284 1036 ἥκω,
1337 969 1472 1034 «Egra
1527 974 1620 1026 καὶ
1668 971 1820 1025 τοῦτ’

141 1057 360 1125 ἀγνοῶ,
415 1051 530 1117 ὅτι,
578 1053 677 1107 ἐάν
718 1075 843 1108 τινα
887 1050 1188 1124 μοχθηρὸν
1231 1055 1441 1122 ποιήσω
1487 1057 1598 1109 τῶν
1638 1053 1830 1120 ξυνόν-

141 1159 278 1203 των,
321 1139 649 1193 κινδυνεύσω
693 1135 863 1192 κακόν
922 1159 973 1191 τι
1030 1140 1220 1207 λαβεῖν
1273 1136 1382 1192 ἀπ’
1440 1138 1644 1203 αὐτοῦ,

82 1295 86 1297 λ
141 1226 308 1280 τοῦτο
369 1220 433 1276 τὸ
489 1225 764 1277 τοσοῦτον
818 1219 990 1276 κακὸν
1038 1220 1174 1276 ἑκών
1217 1225 1383 1286 ποιῶ,
1438 1220 1511 1287 ὡς
1563 1221 1671 1299 φῂς
1727 1219 1830 1295 σύ·,

140 1310 319 1363 ταῦτα
373 1305 473 1376 ἐγώ
530 1324 619 1361 σοι
672 1305 740 1360 οὐ
797 1309 1103 1376 πείθομαι,
1161 1297 1200 1358 ὦ
1263 1310 1512 1372 Μέλητε,
1563 1308 1717 1377 οἶμαι
1771 1310 1830 1362 δὲ

1698 1135 1829 1202 ὥςτε

257 1499 386 1543 ὤςτε
433 1498 494 1540 σύ
535 1499 927 1553 μὲνέγνωκαε]
972 1499 1019 1538 V.
1054 1495 1154 1539 ciis-'1
1185 1493 1234 1540 εὖ
1264 1515 1304 1551 μ
1336 1500 1449 1552 quod
1488 1513 1597 1540 corr.
1630 1513 1666 1542 e.
1698 1500 1828 1540 Bodl.

141 1561 246 1602 Ven.
276 1561 319 1601 b.
350 1560 453 1602 Vnt.
487 1557 608 1600 Vind.
640 1557 679 1601 1.
712 1558 748 1600 2.
781 1557 823 1600 4.
856 1557 894 1599 6.
933 1556 1045 1596 [Ἴον.
1078 1557 1119 1597 d.
1224 1557 1264 1599 Ιι.
1300 1558 1405 1601 Zitt.
1440 1559 1564 1598 Patr.
1595 1558 1746 1601 DST.

257 1618 308 1660 Ε.
379 1631 430 1658 οι
478 1614 532 1656 δὲ
579 1611 787 1669 ἀγαθοὶ
832 1609 1078 1668 ἀγαθόν]
1140 1590 1196 1656 V.
1237 1611 1412 1669 α’γαθόν
1450 1631 1506 1656 τις
1548 1615 1625 1657 sed
1673 1630 1709 1655 τι
1747 1629 1832 1658 om.

141 1677 288 1732 optimi
319 1674 573 1744 plurimique
602 1673 730 1715 codd.
759 1685 863 1714 mss.

257 1733 446 1786 λαβεῖν
486 1726 572 1771 ἀπ’
613 1726 816 1786 αυτοῦ]
854 1729 912 1770 V.
955 1724 1035 1770 ὑπ’
1078 1725 1237 1778 αὐτοῦ,
1278 1728 1392 1782 quod
1435 1743 1458 1770 e
1495 1729 1618 1774 Bodi.
1655 1730 1759 1771 Ven.
1791 1730 1832 1770 b.

143 1792 267 1833 Parr.
301 1790 447 1832 DST.
479 1790 579 1832 Vnt.
610 1788 743 1832 Vind.
777 1789 816 1831 1.
846 1786 886 1831 4.
923 1787 965 1831 6.
1000 1787 1113 1829 Flor.
1144 1788 1184 1831 d.
1216 1801 1255 1840 g.
1291 1787 1327 1830 h.
1363 1787 1544 1829 zittai.
1574 1795 1834 1829 correctum.

258 1849 423 1889 τοῦτο
455 1844 513 1887 τὸ
547 1845 856 1897 τοσοῦτον]
887 1843 934 1885 τὸ
969 1847 1155 1887 accessit
1184 1860 1207 1885 e
1239 1845 1339 1888 Par.
1373 1846 1421 1885 D.
1454 1851 1496 1886 ct
1531 1845 1649 1889 Flor.
1683 1844 1721 1886 h.

203 1901 205 1904 ’
260 1902 387 1947 οὐδὲ
424 1903 586 1946 ἄλλον
626 1900 966 1958 ἀνθρώπων]
1007 1904 1064 1944 V.
1113 1901 1273 1955 ἄλλων,
1315 1903 1430 1956 quod
1472 1917 1496 1944 e
1533 1903 1659 1946 Bodl.
1702 1904 1835 1944 Coisl.

141 1965 243 2007 Vat.
275 1964 379 2007 Ven.
410 1979 448 2006 a.
482 1963 521 2005 b.
555 1962 607 2004 Λ.
646 1964 767 2004 Vind.
804 1962 844 2006 1.
876 1962 917 2004 2.
948 1960 990 2005 4.
1020 1962 1060 2004 6.
1095 1962 1200 2005 Zitt.
1233 1963 1287 2005 al.
1322 1966 1546 2004 mutatum.

144 2125 215 2171 ἐπ’
271 2129 469 2200 εἰρωνείᾳ
529 2129 742 2172 πολλάκις.
818 2131 947 2172 Tim.

145 2189 343 2230 Giossar.
385 2181 419 2227 ὦ
450 2183 579 2228 ’τᾶν
614 2185 640 2242 ἢ
674 2181 861 2231 οὗτος.
894 2189 948 2228 cf.

143 2246 300 2287 Rost.
341 2246 418 2286 Gr.
454 2259 491 2296 p.
525 2245 624 2290 375.
662 2252 770 2287 extr.
805 2245 874 2287 ed.
905 2246 943 2289 7

204 2298 342 2343 τούς
371 2298 453 2343 ἀεὶ
484 2300 541 2357 ἑ)
555 2300 946 2357 γυτάτω-ὄν-

147 2361 265 2414 τας]
305 2361 349 2400 h.
382 2374 422 2402 e.
462 2361 548 2402 die
580 2361 736 2403 ihnen
763 2362 945 2415 jedes·

147 2420 247 2459 mai
298 2430 375 2459 am
415 2418 684 2461 niichsten
722 2419 860 2460 sind.
900 2432 942 2459 v.

148 2475 403 2517 Valcken.
445 2475 498 2517 ad
534 2476 754 2518 Herodot.
788 2477 841 2518 ll.
871 2475 943 2520 98.

146 2533 201 2574 ad
241 2531 460 2574 Theocriti
508 2533 715 2576 Adoniaz.
758 2548 800 2585 p.
843 2534 944 2579 273.

147 2591 288 2643 Toup.
329 2590 382 2630 ad
426 2590 608 2645 Longin.
649 2604 691 2645 p.
727 2590 831 2636 487.
875 2591 944 2634 ed.

146 2648 308 2690 Weisk.
369 2650 466 2690 coil.
532 2650 843 2692 Buttmann.
905 2653 944 2702 ξ.

147 2705 246 2749 137.
291 2709 334 2747 et
371 2710 516 2748 annot.
559 2707 612 2748 ad
651 2707 780 2761 Reip.
807 2707 869 2748 ΙΙ.
902 2723 942 2760 p.

147 2763 247 2807 360-
283 2767 331 2804 Α.
392 2762 630 2816 Perperam
666 2765 944 2835 Hirschig.

147 2823 262 2862 faeta
293 2823 628 2875 transpositione
668 2823 842 2876 scripsit
881 2818 946 2863 ἀεὶ

149 2875 253 2919 τούς
281 2876 370 2932 ἐγγ.

208 2937 257 2976 Ι).
332 2936 419 2975 καὶ
459 2932 557 2988 γὰρ
601 2932 833 2992 ὁὶνόμος
873 2952 946 2978 κε·

153 2991 299 3035 λεύει
361 2989 797 3048 ἀποκρίνεσθαι]
852 2997 950 3049 ipsa

150 3053 261 3104 legis
291 3051 438 3100 verba,
472 3052 526 3092 ad
550 3064 676 3102 quam
697 3051 762 3093 hic
778 3054 951 3106 respicit

152 3109 374 3158 Socrates,
401 3114 574 3150 exstant
605 3109 881 3153 Demosth.
914 3124 950 3154 c.

152 3164 307 3220 steph.
355 3173 466 3208 orat.
507 3166 560 3208 11.
602 3180 642 3219 p.
674 3167 801 3211 1131.
858 3166 950 3209 Νό-

153 3234 246 3273 μσς.
289 3227 380 3263 τοῖν
437 3219 669 3264 ἆντιδικοιν
717 3222 954 3294 ἐπάναγκες

153 3275 261 3323 εἶναι
309 3276 630 3335 ἀποκρίνασθαι
671 3276 865 3336 ἀλλήλοις
905 3284 952 3325 τὸ

155 3335 453 3392 ἐρωτώμενον,
514 3345 742 3393 μαρτυρεῖν
788 3340 835 3381 δὲ
880 3339 951 3395 μή.

157 3395 464 3439 Forsterus.

1093 2130 1362 2170 τοσοῦτον
1402 2127 1464 2171 σύ
1496 2128 1627 2179 ἐμοῦ
1657 2127 1833 2181 σοφώ-

1035 2188 1225 2242 τερος]
1269 2188 1386 2228 Cave
1424 2188 1616 2242 τοσούτῳ
1650 2188 1838 2241 scripse-

1033 2247 1115 2296 ris,
1166 2243 1282 2298 quod
1344 2246 1758 2299 nuper'nonnemini
1798 2246 1837 2286 in

1033 2310 1220 2344 mentem
1259 2302 1387 2343 venit.
1454 2302 1562 2344 Nam
1609 2305 1837 2355 τοσοῦτον,

1031 2361 1297 2402 accusativus
1347 2372 1604 2411 mensurae,
1650 2374 1732 2402 non
1782 2361 1837 2402 ad

1031 2432 1161 2460 unum
1197 2414 1464 2470 σοφώτερος,
1497 2417 1574 2459 sed
1607 2418 1660 2459 ad
1696 2423 1837 2460 totum

1030 2476 1130 2520 hoc:
1170 2472 1427 2529 σοφώτερος
1457 2469 1507 2524 εἶ,
1537 2477 1740 2528 pertinet.

1089 2559 1429 2615 τηλικούτου
1499 2560 1688 2611 ὄντος]
1762 2563 1840 2602 Vir

1029 2621 1197 2661 iuvenis
1247 2621 1355 2661 enim
1411 2619 1598 2660 Meletus
1646 2623 1753 2663 erat.
1799 2631 1839 2658 v·

1029 2678 1082 2719 nd
1116 2693 1151 2719 c.
1185 2691 1226 2719 x.
1273 2680 1370 2720 coli.
1399 2691 1441 2731 p.
1472 2678 1540 2722 26.

1087 2735 1138 2776 E.
1199 2735 1281 2775 εἰς
1325 2736 1604 2775 τοσοῦτον
1581 2677 1839 2785 Ea'uan‘h'-

1031 2805 1095 2833 ας
1125 2790 1256 2846 ἥκω]
1301 2794 1363 2834 De
1404 2793 1480 2834 hac
1516 2794 1841 2835 constructione

1032 2851 1136 2891 satis
1183 2853 1263 2891 erit
1303 2852 1544 2903 inspexisse
1576 2849 1768 2892 Matth.
1802 2850 1841 2901 ξ.

1031 2909 1130 2953 341.
1174 2911 1271 2950 coll.
1311 2907 1412 2952 504.
1452 2908 1492 2951 1.
1525 2909 1566 2951 2.
1641 2908 1744 2949 Mox
1787 2907 1841 2948 de

1035 2962 1115 3008 ἀπ’
1159 2961 1319 3015 αὐτοῦ,
1363 2979 1442 3018 pro
1479 2978 1564 3017 quo
1597 2966 1840 3006 Cobetus

1034 3026 1157 3066 Varr.
1195 3024 1338 3068 Lectt.
1370 3038 1410 3076 p.
1443 3023 1542 3067 342.
1583 3023 1706 3064 unice
1737 3036 1838 3074 pro-

1039 3083 1116 3123 bat
1147 3077 1228 3124 ὑπ’
1260 3078 1410 3128 αὐτοῦ,
1441 3096 1483 3124 v.
1503 3094 1596 3121 ann.
1619 3081 1674 3121 nd
1701 3079 1839 3121 Phae-

1039 3140 1139 3182 don.
1172 3155 1211 3194 p.
1241 3140 1311 3184 83.
1346 3140 1393 3180 B.

1097 3220 1252 3277 οἶμαι
1296 3224 1351 3267 δὲ
1398 3220 1527 3265 ουδὲ
1573 3222 1733 3264 ἄλλον
1785 3246 1840 3251 -

1041 3280 1256 3338 οὐδένα]
1289 3298 1349 3327 sc.
1383 3282 1614 3323 πείσεσθαί
1639 3294 1722 3329 σοι,
1753 3280 1839 3321 usi·

1039 3347 1127 3382 tata
1170 3343 1307 3395 ellipsi
1350 3347 1450 3395 post
1497 3334 1612 3390 οἶμαι
1663 3338 1708 3378 δὲ
1759 3351 1826 3376 και

1041 3397 1334 3452 Enthy.phron
1369 3414 1409 3452 p.
1436 3398 1477 3440 3.
1495 3399 1549 3438 E.
1583 3393 1682 3437 ἀλλὰ
1717 3391 1772 3433 σύ
1803 3406 1845 3432 τε

1401 3471 1501 3518 723
