2158 3718
0 1930 16 2004 „avj-n

0 2794 11 2910 *we-5·—
0 2740 15 2784 vr,-
0 2689 11 2725 »,;-;,
0 2674 6 2680 =
0 2650 3 2660 ··
0 2630 10 2642 2»
0 2616 7 2622 ,ν
0 2596 7 2609 vx
3 2574 15 2583 ζ,
0 2539 13 2566 ¹12
0 2439 5 2461 μ.

64 360 76 367 “
150 340 340 396 ὕδατι·

820 91 1092 165 ῬΗΑΕΒΟ
1123 137 1169 179 p.
1194 107 1290 166 1'13.
1598 149 1604 153 -
1829 127 1933 181 291

152 259 356 327 ἔσχατα
401 257 500 328 τῆς
539 256 961 328 Ἀχερουσιάδος
999 262 1222 330 λίμνης,
1263 260 1333 314 οὐ
1370 262 1821 333 ξυμμιγνύμενος
1858 271 1934 338 τῷ

405 342 780 413 περιελιχθεὶς
825 343 888 397 δὲ
935 345 1204 418 πολλάκις
1239 343 1351 398 ὑπὸ
1388 350 1491 416 γῆς
1529 348 1794 417 ἐμβάλλει
1831 370 1935 403 κα-

151 426 372 497 τωτέρω
411 429 514 480 τοῦ
560 427 872 496 Ταρτάρου.
931 448 1096 492 ουτος
1134 426 1187 481 δ’
1227 429 1383 483 ἐστὶν
1421 429 1489 483 ὂν
1529 431 1935 502 ἐπονομάζουσι

149 511 689 612 Πυριφλεγέθοντα,
738 503 810 564 οὗ
856 513 949 565 και
997 513 1056 566 οι
1098 513 1302 583 ρύακες
1348 512 1756 585 άποσπάσματα
1794 515 1934 571 άνα-

150 597 432 663 φυσωσιν,
469 593 580 664 όπη
619 594 689 648 ἄν
726 594 937 664 τύχωσι
974 600 1071 667 τῆς
1107 601 1224 667 γῆς.
1277 599 1484 653 τούτου
1522 599 1586 654 δὲ
1624 602 1698 654 αὐ
1724 621 1933 655 καταν-

148 674 312 748 τικρύ
359 675 388 730 6
435 679 694 750 τέταρτος
741 680 995 734 ἐκπίπτει
1043 682 1121 745 εἰς
1164 683 1341 737 τόπον
1378 701 1605 753 πρωτον
1643 685 1836 739 δεινόν
1872 705 1932 740 τε

148 762 243 814 και
287 760 516 847 άγριον,
566 761 640 826 (ὃς
686 765 930 835 λέγεται,
978 786 1175 836 χρωμα
1221 767 1283 821 δὲ
1331 770 1529 837 ἔχοντα
1567 766 1703 822 ὅλον
1740 762 1864 823 οιον
1902 769 1932 824 6

145 847 384 916 κυανός,
435 846 503 900 ὃν
542 846 610 917 δὴ
652 849 1059 919 ἐπονομάζουσι
1096 851 1377 922 Στύγιον,
1425 853 1519 906 και
1565 851 1669 921 τὴν
1707 857 1931 924 λίμνην,

145 928 219 999 ἣν
262 940 419 984 ποιει
459 929 488 986 6
538 931 785 1002 ποταμὸς
833 934 1160 1004 ἐμβάλλων,
1210 935 1425 1003 Στύγα.
1505 935 1534 988 6
1574 935 1629 988 δ’
1673 936 1933 1006 ἐμπεσων

148 1016 400 1069 ἐνταῦθα
447 1018 541 1070 καὶ
590 1014 778 1080 δεινὰς
823 1018 1090 1087 δυνάμεις
1138 1017 1331 1087 λαβών
1379 1020 1444 1072 ἐν
1480 1023 1558 1089 τῷ
1598 1017 1790 1089 ὕδατι,
1832 1019 1933 1085 δὺς

146 1098 287 1153 κατὰ
323 1103 421 1169 τῆς
455 1103 585 1170 γῆς,
624 1102 1109 1171 περιελιττόμενος
1146 1111 1321 1172 χωρεῖ
1351 1104 1608 1165 ἐναντίος
1644 1107 1720 1174 τῷ
1745 1109 1934 1172 Πυρι-

145 1185 486 1253 φλεγέθοντι
540 1186 635 1237 καὶ
690 1183 908 1255 άπαντᾷ
969 1187 1034 1239 ἐν
1089 1190 1157 1256 τῇ
1207 1185 1590 1255 Ἀχερουσιάδι
1649 1189 1818 1258 λίμνῃ
1875 1189 1932 1252 ἐξ

146 1268 428 1332 ἐναντίας·
494 1269 588 1322 καὶ
642 1267 776 1323 οὐδὲ
832 1268 893 1323 τὸ
940 1270 1147 1323 τούτου
1195 1268 1352 1341 ὕδωρ
1408 1269 1601 1325 οὐδενὶ
1646 1273 1931 1341 μίγνυται,

145 1350 288 1406 ἀλλὰ
325 1354 420 1406 καὶ
456 1345 622 1416 οὗτος
659 1353 850 1425 κύκλῳ
888 1352 1212 1424 περιελθών
1253 1354 1518 1424 ἐμβάλλει
1546 1355 1624 1417 εἰς
1649 1353 1749 1408 τὸν
1783 1357 1932 1426 Τάρ-

258 1518 323 1566 ὃν
343 1518 670 1579 ἔπονομοῖζο
684 1523 794 1578 υσι]
814 1526 920 1568 Voc.
944 1522 1013 1567 ἔτι
1034 1527 1165 1579 vulgo
1188 1534 1288 1579 post
1309 1516 1365 1568 όν
1387 1527 1685 1580 interpositum
1708 1528 1929 1568 omisimus

147 1593 242 1622 cum
264 1580 1883 1637 Cois1.Vat.Ven.AVind.YQPar.CEGHILAmbr.Aug.F101-.a.b
1907 1597 1929 1624 c

144 1638 206 1678 di
225 1650 269 1678 m
309 1645 349 1678 et
389 1650 497 1680 corr.
527 1639 566 1679 V
570 1651 638 1678 en.
661 1637 773 1685 ΞΠ.
818 1640 866 1681 In
893 1639 1013 1680 Bodl.
1046 1640 1151 1680 Tub.
1183 1639 1278 1682 Zitt.
1309 1640 1470 1682 Pariss.
1506 1639 1603 1680 aliis
1641 1640 1871 1693 scriptum.
1901 1630 1927 1682 6

143 1689 210 1736 ἔτι
233 1687 689 1748 6vopv.He1m.mero
711 1695 907 1735 arbitrio:
936 1685 993 1738 ὀν
1013 1687 1312 1750 ὀνομάζουσι.

257 1764 303 1806 C.
334 1755 401 1818 ἣν
428 1762 612 1819 ποιεῖ]
643 1755 704 1818 ἥν
740 1765 933 1806 additum
957 1766 1127 1806 eVind.
1153 1765 1192 1806 Φ
1214 1766 1307 1804 Par.
1331 1767 1363 1814 Ι,
1387 1778 1494 1807 corr.
1520 1765 1646 1808 Coisl.
1670 1765 1927 1807 etTheodo—

142 1828 233 1862 reto
255 1821 383 1874 vulgo
407 1822 573 1870 deerat,
597 1822 715 1862 deest
735 1822 836 1861 item
857 1822 899 1861 in
923 1822 1071 1862 ceteris
1093 1823 1217 1862 codd.
1240 1834 1344 1863 mss.

257 1883 531 1939 ἐναντίος
552 1890 624 1947 τῷ
647 1891 895 1945 Πυριφλ.
902 1890 915 1943 ]
939 1887 1156 1939 ἐναντίος
1177 1891 1297 1933 Bodl.
1324 1890 1449 1931 Coisl.
1461 1892 1570 1934 Ven.
1585 1890 1829 1937 EHVind.
1846 1891 1926 1933 ΤΦ

141 1946 239 1991 Par
263 1945 385 1988 CGH
405 1948 516 2000 Aug.
539 1935 648 1990 Flor.
673 1961 695 1987 c
717 1948 814 1988 Zitt.
856 1947 925 1988 Sic
947 1948 1045 1987 item
1068 1960 1170 1988 mox
1190 1949 1298 1990 Ven
1322 1946 1423 1993 ΞΠ
1441 1947 1570 1990 Vind.
1598 1947 1639 1988 ‘P
1662 1947 1755 1987 Pa1.
1783 1947 1922 1989 CGHL

143 2004 254 2056 Aug
275 2003 386 2044 Flor.
411 2016 434 2043 c
454 2004 551 2047 Zitt.
593 2004 733 2057 Vulgo
758 1997 998 2052 ἐναντίως.

120 2262 344 2310 partes,

142 2136 303 2198 τάρου,
333 2144 375 2186 h.
401 2157 435 2184 e.
467 2143 693 2183 inferius
723 2144 774 2183 in
805 2144 985 2183 Tarta-

140 2205 274 2249 rum,
333 2201 385 2240 in
442 2199 732 2239 inferiores
783 2200 988 2239 Tartari

401 2255 450 2295 in
493 2255 607 2296 loca
646 2256 987 2296 Tartarorurn

139 2311 422 2362 inferiora,
463 2311 804 2363 quandoquidem
840 2324 987 2351 omnes

144 2368 260 2409 fluvii
288 2369 331 2408 in
353 2368 578 2409 Tartarum
607 2368 901 2418 effunduntur,
936 2368 988 2408 de

143 2437 228 2477 qua
254 2425 456 2477 loquendi
485 2425 646 2464 ratione
667 2437 711 2468 v.
732 2423 987 2465 Matthiae

142 2483 182 2531 §0
203 2483 287 2523 340
310 2489 350 2521 et
369 2480 676 2534 Bernhardy
693 2480 813 2533 Synt,
836 2482 986 2534 p.158.

141 2539 283 2589 Atque
316 2537 421 2578 haec
457 2550 553 2578 cum
587 2539 645 2578 ita
673 2550 769 2578 sese
789 2537 985 2585 habeant,

142 2594 193 2634 H.
250 2593 599 2635 Schmidtium
657 2600 809 2647 sponte
866 2593 988 2633 intel-

142 2650 300 2703 legitur
327 2663 410 2691 non
441 2652 569 2692 modo
604 2649 759 2691 frustra
794 2650 984 2703 disputa-

142 2707 256 2747 visse
295 2719 406 2758 quae
444 2708 471 2747 l.
496 2720 531 2750 c.
566 2719 608 2760 p.
639 2709 719 2748 103
750 2718 843 2758 sqq.
885 2706 987 2746 satis

140 2762 306 2817 prolixe
342 2764 395 2804 de
423 2771 511 2804 toto
538 2762 621 2803 hoc
650 2763 743 2803 loco
772 2763 985 2816 exposuit,

141 2830 292 2860 verum
341 2819 465 2859 etiam
501 2820 699 2860 vitiosam
741 2818 986 2860 exhibuisse

144 2873 238 2916 Orci
268 2882 309 2915 et.
335 2875 556 2916 fluminum
583 2874 857 2915 infernalium
883 2877 986 2914 ima-

144 2931 302 2983 ginem,
333 2931 498 2982 qualem
529 2945 571 2985 p.
596 2932 676 2972 108
696 2932 844 2984 primis
865 2932 986 2971 lineis

146 2986 402 3051 descriptam
423 2989 660 3051 proposuit.

201 3034 314 3106 όπῃ
343 3056 412 3084 αν
437 3054 650 3096 τυχωσι
678 3042 776 3095 τῆς
807 3041 922 3097 γῆς]
945 3043 986 3086 h

146 3112 183 3139 e.
222 3100 375 3139 cuius
411 3099 564 3152 ignea
601 3099 804 3138 fluenta
841 3098 918 3151 (cf.
942 3112 984 3151 p

147 3157 227 3196 111
251 3153 307 3208 Ε)
337 3155 491 3195 etiam
521 3155 782 3206 fragmina
805 3152 988 3209 (ipsius)

150 3219 419 3277 evomunt,
452 3211 758 3262 ubicunque
795 3211 847 3250 in
877 3217 985 3251 ter-

146 3280 199 3307 ra
220 3259 581 3333 ἀναφυσῶσι.
618 3267 722 3307 Nam
743 3258 846 3306 adn
819 3279 913 3321 οπῃ
929 3258 987 3309 ὂὶν

146 3320 247 3378 τύχ.
270 3325 491 3390 intellegas
515 3317 874 3375 άναφυσῶντες.

205 3377 288 3428 εἰς
309 3375 486 3422 τόπον
507 3379 730 3433 πρῶτον
761 3374 985 3435 δεινόν]

147 3430 374 3488 ,,Κυανός
425 3449 507 3477 non
556 3437 683 3478 modo
735 3445 798 3477 est
847 3437 990 3478 color

1076 2142 1378 2194 caeruleus,
1402 2143 1538 2194 qualis
1556 2149 1620 2183 est
1640 2142 1750 2183 coeli
1771 2149 1810 2183 et
1831 2156 1920 2183 ma—

1075 2201 1148 2250 ris,
1174 2201 1249 2240 sed
1272 2201 1396 2240 etiam
1417 2211 1621 2252 gemma
1643 2199 1833 2239 eiusdem
1850 2212 1921 2240 co-

1074 2256 1188 2305 loris,
1212 2256 1287 2296 sed
1306 2256 1574 2295 flavescentis
1607 2268 1628 2294 e
1650 2267 1806 2307 genere
1833 2257 1922 2296 ias-

1073 2313 1222 2366 pidum
1253 2311 1381 2364 (Plin.
1413 2311 1463 2355 H.
1493 2311 1544 2351 N.
1574 2313 1642 2354 37.
1675 2310 1724 2363 9)
1755 2311 1820 2351 vel
1850 2324 1921 2352 se-

1074 2370 1259 2409 cundum
1280 2368 1385 2409 alios
1410 2367 1693 2422 saphirorum.
1711 2367 1764 2409 ef.
1782 2367 1921 2408 Theo—

1074 2425 1236 2478 phrast.
1266 2425 1326 2465 De
1355 2425 1513 2478 lapidd.
1543 2437 1584 2477 p.
1617 2424 1700 2465 288
1732 2424 1796 2465 ed.
1823 2424 1919 2466 Bas.

1073 2482 1262 2521 Meurs.
1321 2479 1446 2534 Cypr.
1503 2482 1553 2520 ΙΙ.
1604 2483 1644 2521 5.
1685 2491 1728 2532 Ρ.
1769 2481 1823 2520 94
1882 2487 1922 2520 et

1075 2537 1382 2579 Schneider.
1407 2535 1922 2579 adAnacr.Od.XXlX.“

1071 2592 1318 2636 FISCHER.
1353 2592 1920 2635 Cf.Lexic.Schneider1

1074 2663 1109 2693 5
1132 2663 1172 2692 ν.
1181 2651 1288 2701 ‚qui
1315 2650 1546 2702 lapidem
1581 2648 1922 2701 lazuli,quem

1072 2714 1240 2771 vocant,
1262 2706 1405 2746 intelle

1132 2761 1176 2803 C.
1208 2755 1273 2804 ὃν
1303 2755 1371 2816 δὴ
1385 2706 1483 2803 θέἓπ.
1501 2782 1552 2789 --
1575 2753 1792 2824 Στύγα]
1819 2761 1920 2801 Pot-

1076 2827 1162 2859 ciat
1183 2819 1298 2883 loqui
1326 2819 1407 2859 hoc
1436 2819 1583 2858 modo:
1626 2815 1796 2858 τοῦτον
1818 2809 1923 2867 (τὸν

1072 2875 1308 2942 ποταμον)
1331 2867 1690 2943 ἐπονομάζουσι
1694 2867 1919 2938 Στύγιον·

1074 2925 1163 2984 τὴν
1185 2926 1238 2972 δὲ
1262 2931 1450 2996 λίμνην,
1471 2945 1533 2985 ην
1553 2932 1690 2971 ποιει
1705 2952 1773 2982 -,
1797 2925 1924 2970 Στύ-

1075 3001 1150 3042 γα.
1198 2987 1284 3028 Sed
1325 2990 1502 3041 saepius
1544 2988 1601 3026 ita
1642 2986 1772 3026 oratio
1814 2985 1922 3025 solet

1075 3043 1351 3110 conformari,
1404 3057 1453 3084 ac
1494 3045 1531 3084 si
1569 3043 1792 3083 relativum
1835 3052 1919 3080 non

1073 3102 1392 3154 praecessisset.
1449 3101 1558 3141 Xen.
1602 3100 1682 3138 An.
1726 3099 1755 3137 Ι.
1801 3098 1838 3145 1,
1880 3098 1920 3135 2.

1074 3155 1235 3222 Κῦρον
1263 3153 1644 3224 μεταπέμπεται
1691 3145 1786 3193 άπὸ
1837 3150 1920 3204 τῆς

1072 3206 1240 3267 ἀρχῆς,
1252 3204 1309 3267 ἧς
1327 3206 1478 3254 αὐτὸν
1488 3204 1743 3278 σατράπην
1757 3202 1920 3273 ἐποίη-

1076 3280 1126 3310 σε
1155 3267 1239 3310 καὶ
1268 3262 1534 3335 στρατηγὸν
1570 3261 1623 3307 δὲ
1654 3258 1803 3305 αυτὸν
1832 3257 1920 3304 άπ-

1077 3322 1231 3392 (ἔδειξε
1252 3319 1461 3367 πάντων.
1503 3324 1656 3374 Cymp.
1680 3323 1771 3360 Vll.
1796 3322 1841 3367 2
1866 3321 1919 3359 27

1077 3396 1138 3435 ην
1168 3376 1303 3423 ἄλλοι
1335 3395 1382 3423 τε
1413 3372 1783 3443 μακαριωτάτην
1820 3354 1921 3416 {vd-

1077 3436 1215 3490 μιζον
1237 3433 1362 3479 εἶναι
1386 3429 1567 3490 βιοτην,
1597 3431 1678 3474 καὶ
1701 3426 1789 3485 ἐγώ
1812 3443 1923 3472 συν-

1480 3503 1582 3553 19*
