2158 3718
676 154 755 192 AD
796 154 1154 193 sYMPOSIUM.
1711 157 1770 196 LI

88 283 354 355 assurgit3
400 291 544 336 certe
589 299 711 335 cum
758 282 1074 336 sublimitate
1121 280 1414 335 sententiae
1464 280 1771 337 Socraticae

86 347 230 407 nullo
267 353 422 407 modo
457 360 631 424 potest
673 353 922 406 conferri.
982 353 1047 405 In
1092 352 1382 406 dialecticis
1428 362 1602 406 autem
1639 353 1772 408 adeo

85 423 215 490 nihil
249 424 486 495 proficit,
524 431 586 476 ut
621 422 737 477 eius
774 423 1163 496 argumentatio
1199 422 1480 493 aliquoties
1518 425 1585 476 sit
1620 442 1774 478 cassa

84 514 223 548 nuce
263 495 488 548 inanior.
546 492 797 562 Denique
840 493 1286 563 quemadmodum
1318 495 1493 548 *ceteri
1538 505 1773 548 oratores

85 574 272 637 utpote
307 565 526 618 rationis
563 564 878 635 sophisticae
916 565 1113 619 alumni
1139 574 1275 618 tecte
1301 574 1592 636 carpuntur
1615 575 1773 636 atque

83 636 390 700 irridentur,
433 635 511 688 ita
544 634 632 688 hic
667 654 774 688 non
811 636 979 689 solum
1014 637 1090 690 ita
1123 636 1344 706 loquens
1379 635 1666 701 inducitur,
1714 645 1775 688 ut

85 705 393 760 Socraticae
429 705 718 777 sapientiae
753 725 925 776 neque
970 707 1084 760 vita·
1118 716 1170 759 et
1204 706 1442 760 moribus
1477 726 1655 777 neque
1688 708 1772 760 in-

85 777 375 848 telligentia
419 785 472 830 et
518 776 815 847 cognitione
858 776 964 830 ullo
1009 778 1166 830 modo
1203 778 1472 849 particeps
1505 779 1769 843 videatur,

84 848 182 901 sed
228 847 389 901 etiam
419 856 481 900 ut
517 845 755 901 Socratis
799 848 1142 901 adversarius
1183 850 1348 902 facete
1388 850 1777 923 perstringatur

85 927 247 988 atque
285 920 600 983 confutetur,
630 919 826 990 quippe
854 918 1040 987 qui'ad
1062 919 1247 972 laudes
1273 917 1508 973 Socratis
1533 920 1599 974 ab
1626 919 1774 973 ebrio

81 989 367 1043 Alcibiade
389 989 722 1060 praedicatas
749 990 962 1041 omnino
990 998 1162 1043 tacere
1188 998 1424 1062 cogatur.
1465 989 1628 1056 Quod
1653 990 1773 1059 qui-

82 1060 206 1113 dem
253 1059 299 1112 si
354 1079 479 1114 vere
536 1058 612 1111 ita
668 1059 941 1123 statuitur,
997 1059 1273 1130 probabile
1322 1069 1402 1114 est
1446 1060 1772 1132 Aristopha-

82 1147 204 1183 nem
239 1148 344 1200 quo
381 1138 618 1199 tempore
654 1129 811 1183 Plato
855 1129 992 1182 haec
1034 1129 1137 1182 scri
1183 1130 1327 1194 serit,
1378 1131 1533 1183 etiam
1570 1140 1684 1184 tum
1718 1131 1774 1183 in

81 1200 223 1254 vivis
266 1199 435 1254 fuisse
479 1200 708 1253 necdum
752 1208 1038 1252 mortuum.
1168 1201 1382 1254 uocirca
1423 1219 1532 1253 non
1576 1210 1776 1254 temere

82 1269 333 1324 Saxius
354 1269 632 1324 Onomast.
656 1269 701 1322 I.
727 1288 781 1340 p.
808 1271 878 1323 46
905 1287 1018 1340 sqq.
1057 1269 1172 1324 eius
1208 1270 1413 1324 obitum
1449 1272 1520 1325 ad
1555 1271 1774 1343 Olymp.

82 1340 430 1394 LXXXIX.
457 1343 506 1394 1.
541 1340 788 1394 retulisse
826 1340 1208 1394 existimandus
1247 1351 1343 1395 est.

152 1412 359 1467 Verum
395 1413 523 1466 satis
557 1412 689 1465 haec
725 1412 790 1464 de
825 1411 1204 1482 Aristophane.
1259 1412 1645 1483 Progredimur
1681 1413 1775 1465 de-

81 1484 245 1552 nique
282 1483 353 1535 ad
387 1483 675 1536 orationem
709 1481 1030 1553 AgathoniS.
1065 1481 1123 1535 Is
1159 1501 1288 1535 vero
1326 1501 1559 1536 amorem
1594 1475 1778 1537 laudat

82 1563 144 1607 ut
177 1563 338 1624 poeta
371 1553 625 1624 tragicus,
671 1554 821 1606 cuius
865 1560 1051 1625 pectus
1095 1553 1298 1606 recenti
1333 1553 1570 1618 victoria,
1616 1572 1777 1623 quam

83 1625 240 1678 modo
282 1623 601 1694 reportavit,
648 1623 823 1676 adhuc
868 1623 1203 1676 concitatum¹
1231 1623 1546 1677 insolentius
1595 1633 1679 1677 est
1722 1634 1776 1678 et

82 1695 290 1748 maiore
317 1696 548 1764 quodam
584 1693 776 1764 spiritu
810 1693 1021 1764 poetico
1059 1694 1333 1766 agitatum.
1372 1694 1656 1747 Praedicat
1677 1713 1776 1748 au-

84 1774 192 1819 tem
227 1764 315 1818 hic
351 1783 562 1835 quoque
598 1783 832 1817 amorem
867 1763 1149 1817 honestum
1187 1774 1241 1818 et
1277 1784 1398 1818 cum
1425 1765 1623 1819 virtute
1649 1784 1774 1819 con-

83 1838 340 1900 iunctum,
377 1836 471 1905 qui
505 1834 639 1888 nihil
672 1834 866 1888 habeat
901 1834 1286 1889 communionis
1323 1855 1444 1888 cum
1478 1835 1776 1889 humilitate

84 1907 356 1960 lubidinis.
400 1906 468 1958 In
501 1911 607 1976 quo
642 1905 858 1977 negotio
894 1905 1138 1959 obeundo
1176 1906 1242 1959 ab
1278 1905 1430 1959 initio
1467 1915 1609 1959 certe
1645 1925 1775 1977 pru-

85 1978 392 2032 dentissime
426 1985 684 2030 versatur.
742 1976 1107 2047 Reprehendit
1144 1977 1284 2029 enim
1320 1977 1618 2048 superiores
1653 1995 1775 2030 ora-

87 2059 249 2114 tores,
278 2049 380 2118 ‘qui
415 2067 524 2102 non
560 2057 670 2100 tam
705 2048 866 2100 deum
900 2047 1080 2118 ipsum
1103 2047 1453 2112 laudaverint,
1492 2065 1653 2116 quam
1674 2047 1773 2101 ho-

88 2120 259 2172 mines
295 2129 514 2190 propter
547 2118 690 2172 bona
723 2118 905 2171 felices
941 2117 1383 2188 praedicaverint,
1429 2137 1565 2187 quae
1610 2118 1777 2171 amori

0 2252 1 2255 Ἴ
87 2190 398 2243 debeantur.
433 2188 500 2240 In
523 2207 630 2258 quo
668 2188 769 2241 etsi
807 2188 1198 2257 quodammodo
1234 2184 1490 2243 adversus
1525 2190 1642 2241 illos
1677 2188 1777 2241 ini-

87 2260 244 2330 quior
289 2268 394 2324 est,
443 2260 535 2328 qui
579 2258 772 2330 partim
819 2260 1042 2312 eandem
1085 2259 1337 2312 laudandi
1371 2260 1512 2312 viam
1547 2259 1777 2329 ingressi

89 2338 283 2393 essent,
331 2340 509 2395 tamen
551 2329 775 2400 primuS,
821 2328 954 2398 quid
995 2327 1074 2382 rei
1120 2330 1203 2394 sit,
1254 2328 1449 2382 diserte
1498 2329 1776 2399 eloquitur.

89 2401 352 2454 Nimirum
387 2420 550 2453 unam
585 2419 768 2453 veram
803 2409 961 2468 atque
997 2407 1198 2452 rectam
1230 2399 1485 2453 laudandi
1520 2400 1777 2452 rationem

89 2472 166 2525 ait
202 2491 320 2526 esse
354 2471 509 2534 hanc,
557 2479 617 2523 ut
651 2470 881 2542 primum
916 2470 1241 2534 ostendatur,
1288 2470 1460 2539 qualis
1504 2471 1626 2539 quis
1660 2471 1777 2541 ipse

91 2543 175 2608 sit,
225 2562 288 2596 ac
324 2542 515 2595 deinde
551 2541 765 2594 demum
802 2541 1067 2604 doceatur,
1115 2559 1340 2610 quorum
1385 2541 1642 2595 bonorum
1678 2559 1775 2593 au-

91 2623 205 2668 ctor
242 2613 311 2666 sit
344 2612 623 2666 habendus
661 2612 740 2684 (p.
769 2614 886 2664 194.
913 2610 981 2665 Ε.
1018 2612 1137 2664 195.
1164 2611 1282 2682 Α.).
1323 2611 1513 2682 Itaque
1548 2611 1778 2683 primum

91 2683 348 2738 Amorem
400 2683 584 2738 laudat
627 2692 689 2735 ut
733 2683 967 2749 omnium
1019 2681 1241 2734 deorum
1294 2690 1349 2735 et
1399 2682 1777 2752 pulcerrimum

93 2765 147 2808 et
181 2754 455 2826 optimum,
491 2753 721 2822 ideoque
755 2753 914 2824 longe
949 2751 1331 2806 beatissimum.
1376 2751 1524 2806 Nam
1563 2752 1777 2824 pulcer-

92 2825 285 2878 rimum
322 2825 536 2894 quidem
571 2843 688 2878 esse
724 2832 907 2878 censet
938 2823 1080 2888 ideo,
1116 2823 1241 2892 quia
1263 2832 1392 2877 natu
1413 2823 1662 2877 minimus
1688 2823 1775 2887 sit,

94 2904 419 2949 senectutem
453 2913 623 2964 usque
659 2895 719 2947 fu
761 2893 835 2947 'at
869 2902 922 2948 et
958 2913 1078 2948 cum
1100 2893 1379 2948 iuventute
1415 2903 1774 2958 conversetur,

97 2983 202 3034 quo
248 2965 458 3017 nomine
495 2966 647 3018 docte
685 2913 989 3034 onglloquitur
1024 2963 1288 3029 Phaedro,
1337 2964 1429 3034 qui
1478 2984 1599 3019 eum
1642 2974 1775 3017 tam-

93 3054 256 3104 quam
291 3035 715 3103 antiquissimum
738 3035 1167 3105 praedicavisset.
1207 3033 1347 3090 Cum
1369 3035 1655 3089 iuventutis
1679 3054 1774 3086 au·

98 3116 206 3158 tem
228 3104 356 3158 flore
379 3113 639 3175 perpetuo
661 3105 765 3159 hoc
790 3106 1127 3159 coniunctum
1152 3123 1270 3160 esse
1296 3105 1598 3170 arbitratur,
1635 3104 1776 3173 quod

100 3178 170 3229 sit
205 3176 364 3230 etiam
411 3175 752 3239 tenerrimus,
801 3175 1163 3240 mollissimus,
1209 3176 1628 3231 florentissimus.
1687 3173 1777 3226 De

101 3265 207 3316 quo
245 3247 320 3299 ita
357 3245 753 3308 sermocinatur,
789 3254 851 3298 ut
887 3265 1009 3300 eum
1043 3247 1247 3301 animos
1284 3248 1591 3303 tenerrimos
1617 3261 1775 3297 occu-

102 3336 248 3389 pare,
296 3316 523 3371 molliter
556 3325 763 3370 mentes
798 3315 1012 3383 intrare,
1059 3316 1304 3372 floridum
1339 3317 1525 3372 florida
1560 3331 1779 3387 corpora

1419 3393 1446 3455 †
