2158 3718
460 7 472 19 ,ς
573 15 580 22 a
607 13 619 20 Ἴ,
648 10 666 21 '⁴
683 4 733 23 ‘-·>¹.¹'
762 6 785 27 ἡ.
799 2 822 24 ᾖ,
832 0 1088 40 ,ΨᾞἮιςῢῄξ
1103 0 1135 13 ’1,-1
1146 0 1148 3 ’
1158 0 1209 17 '5⁴2¹
1218 0 1318 18 »a-q-o--y-›u‹
1335 0 1365 8 ..1
1402 0 1425 6 z»
1436 0 1465 16 “5
1476 0 1483 11 s-
1495 0 1524 6 <=
1570 0 1602 26 ἐ-τ
1623 0 1662 17 '‘1'‘
1711 0 1742 16 *2¹*
1781 0 1799 7 -,
1818 0 1827 4 ..
1845 0 1847 3 .
1889 0 1896 3 Ἰ
1914 0 1916 2 ,
1962 0 1997 5 ..ψ
2015 2 2018 3 .
2050 0 2070 6 .,,
2086 0 2087 4 ,
2103 0 2119 3 ..
2142 0 2145 3 .

451 37 455 44 .
541 44 545 52 ,
615 19 658 34 *Ψ
703 25 732 29 “
747 30 852 61 Fssf‘sffi‘s
871 24 886 58 s:
910 47 926 56 .·
950 24 1008 50 ⁴„⁵-
1024 34 1043 39 ν.
1176 23 1179 31 ·

587 59 598 66 v
638 57 646 68 x
781 57 784 66 ι

810 136 1067 180 PHAEDO
1102 151 1147 191 p.
1171 140 1240 181 70.

1817 141 1919 195 135

131 281 243 330 εἴτε
279 277 372 330 καὶ
409 275 497 329 οὔ.
551 271 788 337 παλαιὸς
824 273 928 344 μὲν
965 267 1074 328 οὖν
1111 277 1227 328 ἔστι
1265 294 1347 338 τις
1372 276 1555 345 λόγος,
1595 271 1668 330 οὗ
1703 281 1918 348 μεμνή-

131 366 304 429 μεθα,
355 357 430 423 ὡς
477 360 619 413 εἰσὶν
659 358 897 413 ἐνθένδε
934 357 1271 428 ἀφικόμεναι
1322 360 1463 429 ἐκεῖ,
1511 361 1614 413 καὶ
1643 361 1816 414 πάλιν
1852 382 1917 430 γε

128 446 302 515 δεῦρο
358 442 733 513 ἀφικνοῦνται
788 443 881 495 καὶ
935 445 1225 511 γίγνονται
1282 444 1347 497 ἐκ
1391 446 1507 497 τῶν
1561 445 1909 499 τεθνεώτων.

125 530 223 582 καὶ
270 529 321 583 εἰ
360 526 528 582 τοῦθ’
568 526 748 590 οὕτως
793 529 931 596 ἔχει,
972 527 1144 581 πάλιν
1179 530 1479 596 γίγνεσθαι
1518 530 1582 582 ἐκ
1618 533 1734 582 τῶν
1771 528 1913 584 ἀπο-

122 612 426 666 θανόντων
462 610 594 675 τούς
631 615 855 680 ζῶντας,
895 610 1032 665 ἄλλο
1070 631 1123 665 τι
1159 611 1195 682 ἢ
1233 607 1347 665 εἷεν
1373 611 1444 665 ἂν
1469 612 1532 664 αἱ
1552 615 1727 682 ψυχαὶ
1752 612 1911 683 ἡμῶν
1940 629 1976 669 D

126 697 267 761 ἐκεῖ;
317 694 387 750 οὐ
432 694 540 766 γὰρ
588 694 660 749 ἄν
706 714 819 750 που
866 697 1036 749 πάλιν
1086 697 1408 765 ἐγίγνοντο,
1458 695 1533 766 μὴ
1573 691 1768 766 οὖσαι,
1819 699 1912 751 καὶ

123 784 291 833 τοῦτο
331 778 530 833 ἱκανὸν
566 781 868 851 τεκμήριον
904 784 1008 834 τοῦ
1045 779 1206 834 ταῦτ’
1234 777 1397 850 εἶναι,
1439 781 1490 834 εἰ
1523 785 1600 852 τῷ
1639 781 1760 835 ὄντι
1799 802 1913 851 φα-

122 862 294 934 νερὸν
348 867 625 934 γίγνοιτο,
683 863 769 918 ὅτι
825 863 1151 935 οὐδαμόθεν
1207 863 1455 919 ἄλλοθεν
1509 868 1802 934 γίγνονται
1857 867 1916 920 oc

120 951 321 1013 ζῶντες
356 947 392 1018 ἢ
432 949 495 1002 ἐκ
531 952 647 1002 τῶν
683 947 1031 1002 τεθνεώτων.
1087 950 1138 1001 εἰ
1173 948 1236 1002 δὲ
1260 947 1333 1017 μὴ
1362 950 1478 1002 ἔστι
1503 951 1690 1018 τοῦτο,
1731 948 1910 1004 ἄλλου

119 1029 194 1084 ἄν
230 1051 332 1085 του
370 1033 487 1085 δέοι
525 1033 717 1099 λόγου.

795 1033 963 1085 Πάνυ
1001 1032 1105 1101 μὲν
1144 1025 1271 1101 οὖν,
1312 1034 1420 1100 ἔφη
1460 1029 1489 1085 ὁ
1530 1032 1729 1101 Κέβης.

1807 1033 1977 1103 Μὴ,

116 1118 317 1168 τοίνυν
355 1114 479 1168 κατ’
519 1114 860 1186 ἀνθρώπων,
888 1109 925 1185 ἦ
963 1114 1015 1168 δ’
1057 1115 1135 1184 ὅς,
1176 1115 1374 1170 σκόπει
1413 1115 1591 1185 μόνον
1629 1120 1817 1184 τοῦτο,
1860 1119 1912 1171 εἰ

231 1301 318 1336 τις
341 1281 526 1354 λόγος]
549 1287 618 1328 Sic
639 1287 760 1330 Bodl.
787 1286 913 1329 Coisl.
936 1288 1045 1327 Ven.
1062 1286 1256 1331 HVind.
1261 1287 1361 1332 ΤΦ
1383 1287 1535 1327 Pa1.L
1558 1288 1705 1330 Ambr.
1729 1289 1841 1332 Floi.
1866 1301 1903 1331 e.

114 1344 230 1385 Vett.
253 1345 367 1387 editt.
390 1357 460 1392 τις
482 1338 506 1384 ὁ
530 1337 583 1386 λό
586 1357 680 1398 γ.ος
722 1343 828 1384 Dein
850 1340 991 1392 οὗτος
1013 1344 1141 1408 vulgo
1164 1352 1262 1398 post
1284 1337 1422 1398 λόγος
1444 1345 1652 1385 insertum
1675 1356 1757 1388 om.
1780 1345 1901 1386 Bodl.

113 1400 224 1444 Tub.
247 1401 357 1444 Ven.
380 1400 432 1442 Π
447 1401 609 1450 Α111111.,
634 1401 748 1452 quod
768 1401 1013 1442 abiecerunt
1034 1400 1161 1440 etiam
1181 1401 1302 1443 Turr.
1327 1407 1366 1440 et
1387 1401 1615 1443 Hermann.

230 1463 371 1512 ἄλλο
401 1483 454 1512 τι
475 1462 527 1525 ἤ]
553 1462 788 1524 Bekker.7'1'
809 1471 965 1512 delevit
986 1471 1237 1511 auctoritate
1259 1471 1384 1511 unius
1407 1472 1514 1511 Ven.
1540 1470 1600 1523 Π,
1625 1471 1667 1510 111
1690 1483 1792 1537 quo
1792 1482 1817 1511 a
1837 1484 1901 1524 pr.

116 1539 174 1569 111
199 1528 404 1567 omissum
427 1535 528 1568 erat.
568 1528 676 1568 Dein
696 1528 817 1572 Bodi.
839 1527 949 1569 Tub.
971 1527 1080 1571 Ven.
1104 1527 1156 1568 H
1171 1522 1228 1569 αἴ
1245 1524 1399 1581 ψυχαὶ
1421 1520 1902 1581 ἡμῶν.ν1113.ἡμῶν

110 1595 168 1624 αι
155 1577 342 1638 ψυχαὶ
363 1583 578 1625 seiibitur.

227 1654 278 1695 D.
311 1651 591 1708 γίγνοιτο]
623 1654 720 1694 Vat.
751 1654 882 1697 Vind.
905 1653 944 1696 Φ
972 1654 1119 1694 Ambr.
1142 1653 1251 1697 Flor.
1276 1654 1304 1694 d
1331 1649 1533 1708 γένοιτο,
1567 1655 1682 1706 quod
1703 1654 1901 1708 praetulit

114 1710 292 1751 Bekker.
318 1719 357 1750 et
387 1711 452 1750 ed.
475 1711 571 1752 Tui.
614 1710 822 1751 Praesens
852 1719 949 1764 apte
984 1711 1244 1763 quaestionis
1266 1711 1552 1751 instituendae
1571 1712 1901 1764 perpetuitatem

107 1766 299 1811 denotat.

111 1913 195 1947 tem
217 1905 485 1948 referendum
502 1913 566 1948 est
586 1907 639 1947 ad
659 1907 719 1947 rei
740 1906 956 1961 explican-

111 1962 192 2003 dae
218 1963 443 2028 rationem,
475 1975 582 2015 quae
612 1964 766 2004 deinde
795 1964 958 2004 verbis=

109 2017 209 2062 εἰτε
238 2010 333 2074 ἄρα
363 2042 418 2049 -
448 2018 545 2061 εἴτε
574 2016 658 2061 καὶ
689 2011 749 2061 ov'
784 2031 957 2060 accura-

110 2076 195 2116 tius
243 2077 466 2119 indicatur.
540 2076 602 2116 De
643 2074 738 2117 εἴτε
780 2067 874 2130 ἄρα
915 2090 957 2118 v.

111 2131 303 2198 Thucyd.
325 2133 399 2175 VI.
422 2133 489 2180 60,
512 2133 538 2172 2
561 2124 958 2173 αναπείθεται-

107 2187 208 2230 εἴτε
248 2180 344 2241 ἄρα
383 2185 467 2229 καὶ
507 2180 565 2228 τὰ
595 2179 714 2228 ὄντα
744 2186 957 2241 μηνῦσαι

108 2243 206 2286 εἴτε
228 2242 311 2285 καὶ
332 2236 405 2287 οὕ.
450 2243 647 2285 Ceterum
678 2244 858 2284 refertur
877 2243 958 2284 hoe

108 2301 311 2354 placitum
362 2301 416 2341 de
465 2300 681 2353 reciproco
722 2301 957 2340 animorum

109 2366 206 2397 ortu
237 2365 276 2397 et
304 2357 477 2398 interitu
506 2356 561 2396 ad
583 2355 786 2410 Orphicos
809 2364 850 2396 et
871 2356 956 2409 Py-

110 2413 335 2466 thagoreos
365 2414 552 2463 itemque
581 2414 635 2453 ad
655 2413 956 2466 Empedoclem

109 2471 162 2510 ab
186 2469 485 2523 Olympiodoro
514 2469 557 2508 111
587 2467 758 2509 scholiis
788 2469 843 2509 ad
863 2469 905 2511 h.
927 2468 956 2511 1.

94 2539 151 2593 ,μ
173 2528 229 2568 45
258 2539 350 2592 sqq.
393 2526 459 2569 ed,
502 2525 677 2567 Finekh.
721 2531 761 2566 et
799 2538 840 2578 p.
875 2526 955 2567 103

111 2582 337 2650 Ορφικος
354 2595 404 2626 τε
426 2574 569 2650 γὰρ
536 2578 620 2622 καὶ
642 2574 955 2646 Πυθαγόριος

109 2633 286 2705 (λόγος)
316 2633 342 2680 ὁ
371 2639 516 2679 παλιν
537 2629 666 2702 ἄγων
687 2631 772 2686 τοὶς
793 2630 954 2702 ψυχὰς

108 2692 179 2744 εἰς
210 2690 260 2736 τό
292 2694 447 2762 σῶμα
455 2685 538 2735 καὶ
566 2688 715 2735 πάλιν
744 2687 837 2735 οἷπὸ
867 2692 953 2735 τοῦ

106 2745 322 2805 σώματος
353 2743 561 2817 ἀνάγων,
592 2748 677 2791 καὶ
706 2749 848 2792 τοῦτο
869 2743 953 2791 κύ-

108 2809 202 2861 κλῳ
243 2801 485 2855 πολλάκις.
545 2807 646 2847 Vid.
689 2807 870 2846 eundem
912 2807 950 2845 111

108 2864 274 2916 Fragm
317 2863 485 2916 Orphie.
526 2877 568 2916 p.
593 2864 676 2905 510
706 2864 773 2906 ed
810 2864 951 2902 Herm.

109 2919 221 2961 conf.
266 2920 484 2959 Lobeek.
527 2919 741 2972 Aglaoph.
785 2931 826 2971 p.
852 2921 950 2960 797.

108 2976 170 3018 De
197 2975 455 3028 Empedoele
483 2975 592 3017 conf.
623 2987 731 3025 qnae
760 2975 953 3027 disputa-

105 3033 169 3072 vit
198 3031 446 3072 Sturzius
483 3041 523 3081 p.
554 3031 807 3074 459—484.
849 3030 953 3071 Πα-

106 3083 244 3136 λαιὸς
275 3081 411 3141 λόγος
439 3087 629 3127 doctrina
657 3085 760 3126 haec
801 3086 953 3127 dieitur

107 3145 235 3184 etiam
257 3143 423 3184 Menon.
453 3155 494 3195 p.
517 3143 570 3183 81
594 3142 640 3181 B.

165 3206 234 3261 ὥς
276 3206 664 3309 εἰσὶν-ἔκεῖἒ
704 3212 866 3278 Ιιιῃςοι,
889 3226 951 3260 ως

106 3265 231 3311 εἰσὶν
254 3262 366 3321 ἐκεῖ,
397 3262 601 3311 ἐνθένδε
624 3267 640 3317 (
667 3268 815 3318 κεῖσε)
836 3261 951 3321 ἄφι-

104 3319 331 3379 κόμεναι,
364 3338 450 3365 eos
482 3325 596 3365 illie
626 3335 740 3364 esse
762 3323 950 3378 (vigere)

108 3380 230 3421 hine
253 3394 307 3422 eo
330 3381 618 3435 profectos.

167 3446 217 3492 εἰ
242 3444 407 3493 τοῦθ’
444 3442 632 3500 οὕτως
663 3446 807 3504 ἔχει,
846 3463 951 3492 πα·

1048 1907 1138 1948 λιν
1174 1906 1496 1961 γίγνεσθαι
1518 1929 1571 1935 -
1594 1901 1731 1955 τοὺς
1761 1904 1899 1957 ζῶν·

1047 1962 1164 2015 τας]
1194 1964 1370 2003 Fruslra
1398 1962 1532 2004 haesit
1553 1962 1828 2004 Heindorf.
1851 1964 1895 2003 in

1045 2019 1126 2059 hae
1155 2021 1377 2060 verborum
1413 2020 1741 2073 construetione.
1786 2019 1894 2059 Nam

1045 2075 1300 2116 infinitivum
1343 2076 1445 2116 addi
1485 2076 1662 2117 vocibus
1705 2075 1894 2116 relativis

1046 2138 1173 2183 atque
1202 2132 1542 2172 demonstrativis
1577 2145 1654 2186 per
1682 2143 1895 2186 epexege-

1045 2189 1110 2228 sin
1133 2189 1342 2230 novimus.
1385 2190 1533 2239 Itaque
1557 2189 1685 2229 verba
1714 2200 1893 2229 conver-

1044 2250 1108 2283 tas
1149 2242 1229 2284 hoe
1269 2245 1417 2283 modo:
1461 2244 1565 2284 und
1593 2257 1737 2285 wenn
1780 2243 1893 2284 sich

1045 2300 1223 2340 dieses
1256 2312 1308 2339 so
1338 2298 1571 2348 verbam,
1595 2301 1717 2340 dass
1750 2301 1894 2340 nam-

1043 2355 1156 2395 lioh
1187 2356 1268 2395 die
1299 2354 1585 2396 Lebenden
1607 2355 1892 2396 wiederum

1043 2424 1136 2452 aus
1159 2412 1254 2452 den
1278 2411 1478 2453 Todten
1501 2411 1788 2452 entstehen
1811 2419 1890 2454 ete.

1041 2468 1222 2508 Prorsus
1253 2468 1401 2508 eodem
1433 2469 1559 2508 modo
1581 2481 1641 2531 p.
1649 2469 1700 2509 71
1723 2468 1756 2508 Β
1779 2460 1887 2508 ἀλλ’

1043 2520 1160 2590 ἔργῳ
1181 2523 1300 2579 γοῦν
1319 2523 1568 2578 πανταχοῦ
1590 2515 1650 2565 ου’
1656 2538 1743 2572 τως
1761 2519 1889 2588 ἔχειν

1042 2573 1328 2649 αναγκαῖον,
1370 2580 1634 2647 γιγνεσθαί
1668 2593 1719 2622 τε
1760 2573 1887 2621 αὐτὰ

1041 2630 1091 2688 ἐξ
1113 2630 1330 2690 αλλήλων
1349 2633 1537 2690 γένεσίν
1559 2650 1609 2678 τε
1633 2631 1759 2678 εἶναι
1779 2650 1821 2678 κ.
1845 2650 1884 2678 τ.

1042 2694 1080 2734 λ.
1101 2706 1146 2747 Ρ.
1169 2695 1221 2735 72
1239 2695 1290 2733 A.
1334 2693 1569 2763 Euthypln·
1593 2706 1636 2757 p.
1659 2694 1710 2733 11
1733 2693 1766 2732 Β
1795 2704 1888 2733 πα-

1040 2749 1131 2797 θος
1163 2745 1218 2791 δέ
1248 2763 1292 2790 τι
1321 2746 1439 2803 περι·
1461 2743 1613 2790 αὐτοῦ
1620 2745 1825 2813 λέγειν,
1859 2740 1888 2788 δ’

1041 2820 1085 2846 τι
1115 2801 1335 2847 πέπονθε
1364 2805 1504 2847 τοῦτο
1535 2799 1586 2847 τὸ
1616 2798 1771 2854 όσιον,
1804 2818 1890 2857 φι-

1040 2862 1236 2903 λεῑσθαι
1258 2855 1353 2903 υπὸ
1377 2875 1569 2903 παντων
1590 2860 1738 2902 θεῶν.
1760 2862 1887 2925 Xen.

1039 2920 1120 2959 An.
1144 2920 1174 2959 Ι.
1199 2920 1237 2969 1,
1263 2920 1286 2959 7
1307 2911 1694 2985 προαισθόμενος
1717 2910 1775 2958 τὰ
1798 2931 1886 2958 αυ-

1039 2967 1097 3015 τὰ
1139 2973 1293 3015 ταῦτα
1309 2970 1735 3038 βουλευομένους,
1766 2965 1886 3014 (ἰπο-

1040 3029 1212 3083 στῆναι
1233 3024 1352 3084 πρὸς
1374 3030 1550 3085 Κῦρον.

1094 3115 1143 3156 D.
1166 3113 1268 3156 τοῦ
1291 3114 1433 3156 ταῦτ
1439 3107 1719 3181 ἐἶναι-]
1746 3112 1882 3154 Intell.

1038 3169 1122 3212 τοῦ
1153 3184 1239 3219 τας
1268 3164 1428 3225 ψυχας
1449 3164 1583 3235 ἡμῶν
1606 3162 1709 3210 ἐκεῖ
1736 3163 1879 3211 εἶναι.

1038 3227 1098 3266 De
1119 3228 1383 3281 pronomine,
1413 3226 1578 3267 etiamsi
1606 3225 1658 3265 de
1679 3237 1766 3264 una
1787 3232 1878 3264 tan-

1037 3291 1127 3323 tum
1148 3295 1194 3323 re
1214 3295 1282 3324 εει
1286 3296 1352 3324 1110
1375 3284 1444 3334 sit,
1467 3285 1510 3322 in
1532 3281 1685 3335 plurali
1706 3292 1880 3321 numero

1037 3339 1176 3393 posito
1206 3352 1245 3381 v.
1274 3340 1327 3379 ad
1355 3353 1398 3392 p.
1424 3340 1477 3380 62
1499 3338 1547 3379 D.
1589 3339 1736 3403 Itaque
1777 3348 1877 3376 eon·

1037 3394 1242 3436 ieeturam
1262 3395 1446 3436 For-steri
1477 3387 1628 3442 αὐτας
1653 3405 1734 3434 non
1757 3403 1878 3445 prae-

1036 3450 1170 3491 feram
1191 3463 1285 3492 eum
1305 3450 1522 3492 Heindorf.
