2158 3718
211 123 319 180 224
942 121 1266 166 PLATONIS

214 261 388 332 αὐτῆς
441 260 617 332 οὔσης
672 263 766 316 καὶ
814 261 935 324 οἵας
982 259 1224 329 ἄγεσθαι
1269 256 1387 315 ὑπὸ
1436 265 1551 314 τῶν
1598 264 1702 315 τοῦ
1753 261 2009 332 σώματος

213 347 594 418 παθημάτων,
645 344 772 400 ἀλλ’
823 343 928 415 οὐχ
974 346 1096 409 οἵας
1142 343 1302 414 ἄγειν
1349 365 1410 400 τε
1453 349 1630 399 ταῦτα
1668 346 1763 399 καὶ
1800 346 2008 401 δεσπό-

214 436 355 502 ζειν,
406 433 500 486 καὶ
539 429 714 500 οὔσης
763 427 936 499 αὐτῆς
973 427 1122 483 πολὺ
1158 431 1455 500 θειοτέρου
1492 428 1646 494 τινὸς
1683 430 2008 501 πράγματος

212 515 250 586 ἢ
287 514 419 570 καθ’
461 515 764 587 ἁρμονίαν;
813 512 906 584 Νὴ
946 517 1088 583 Δία,
1136 517 1184 568 ω’
1228 514 1560 585 Σώκρατες,
1602 517 1791 585 ἔμοιγε
1829 516 2006 570 δοκεῖ.

218 598 341 655 Οὐκ
378 601 508 671 ἄρα,
548 621 591 654 ω
621 598 863 702 ἄριστε,
875 597 1012 669 ἡμῖν
1046 596 1269 669 οὐδαμῇ
1307 603 1492 663 καλῶς
1529 602 1641 669 ἔχει
1678 598 1868 670 ψυχὴν
1905 598 2010 670 ἁρ-

130 704 185 746 95
216 689 422 756 μονίαν
447 683 575 739 τινα
603 685 783 754 φάναι
809 679 983 738 εἶναι·
1026 682 1160 738 οὔτε
1184 682 1292 752 γὰρ
1319 681 1410 753 ἄν,
1438 705 1513 747 ως
1538 687 1742 754 ἔοικεν,
1764 683 2005 756 Ὁμήρῳ,

213 773 354 842 θείῳ
391 772 614 839 ποιητῇ,
654 760 1027 839 ὁμολογοιμεν
1064 767 1197 823 οὔτε
1235 766 1397 822 αυτοὶ
1433 767 1568 838 ἡμῖν
1605 768 1814 833 αὐτοῖς

214 853 414 924 οὕτως,
454 856 580 924 ἔφη.

357 943 472 1008 Cap.
514 942 676 993 XLIV.
754 934 903 992 Εἶεν·
929 938 1027 1007 δή,
1083 930 1118 1007 ἦ
1158 935 1212 990 δ’
1253 935 1314 1001 ὃς
1352 935 1381 991 ὁ
1420 938 1762 1007 Σωκράτης,
1800 935 1869 991 τά
1904 937 2010 1007 μὲν

204 1023 505 1094 Ἁρμονίας
529 1022 665 1094 ἡμῖν
690 1027 788 1094 τῆς
816 1025 1103 1093 Θηβαϊκῆς
1138 1022 1262 1077 ἵλεά
1288 1040 1424 1092 πως,
1465 1020 1540 1085 ὣς
1566 1024 1733 1091 ἔοικε,
1771 1024 2009 1092 μετρίως

1853 768 2010 838 Έχει

327 1211 375 1251 Ε.
409 1200 671 1265 σώματος
710 1203 1101 1264 παθημάτων]
1146 1211 1201 1251 V.
1232 1207 1426 1263 παθῶν,
1458 1210 1573 1261 quod
1601 1210 1762 1251 mutavi
1789 1193 1845 1250 eff:
1877 1208 2007 1252 Coisl.

213 1269 316 1310 Vat.
345 1268 453 1309 Ven.
477 1269 518 1309 A
546 1267 679 1308 Vind.
704 1265 743 1306 Φ
771 1267 868 1310 Par,
894 1265 1086 1308 CEGIL
1125 1266 1272 1309 Ambr
1306 1267 1417 1320 Aug.
1449 1266 1653 1310 F101.ab
1674 1279 1696 1306 c
1718 1266 1842 1307 dim
1870 1278 2008 1319 maig.

212 1323 433 1365 Bodleiani
469 1330 509 1364 et
537 1323 647 1363 Ven.
671 1321 727 1372 Ξ,
773 1335 1038 1389 quamquam
1053 1321 1233 1364 παθῶν
1264 1335 1359 1363 cum
1390 1322 1511 1366 Bodl.
1542 1336 1606 1376 pr.
1631 1335 1685 1362 m.
1717 1329 1890 1363 tuentur
1920 1322 2007 1363 alii.

214 1381 351 1421 Etiam
372 1380 471 1424 Bas.
495 1382 521 1421 2
544 1386 585 1420 et
607 1379 726 1422 Stob.
749 1374 1058 1434 παθημάτων
1079 1379 1344 1424 confirmant.
1386 1379 1488 1420 Mox
1516 1391 1609 1422 voc.
1633 1374 1910 1434 πράγματος
1932 1379 2011 1420 de-

216 1444 280 1478 est
299 1438 343 1477 in
367 1437 496 1479 Coisl.
520 1437 631 1478 Ven.
654 1438 696 1478 Λ
717 1436 814 1478 Par.
840 1394 1030 1477 CnEHIL
1051 1436 1158 1479 Flor.
1183 1449 1208 1476 a
1228 1438 1254 1477 b
1275 1449 1298 1476 c
1319 1449 1361 1476 m
1382 1437 1397 1476 i
1418 1437 1533 1490 Aug.
1556 1435 1755 1479 Stobaeo.

330 1502 533 1562 ἔμοιγε
559 1505 762 1561 δοκεῖ]
806 1508 922 1548 Vett.
956 1507 1072 1549 editt.
1103 1508 1261 1547 inserta
1290 1506 1476 1559 negandi
1503 1507 1713 1560 palticula
1735 1497 1823 1548 οὐκ
1847 1500 2009 1561 ἔμοιγε

216 1562 368 1616 δοκεῖ,
398 1576 527 1616 quam
556 1563 786 1614 ferremus,
817 1564 855 1604 si
880 1563 1154 1617 praecederet
1182 1556 1271 1605 Μὰ
1303 1563 1416 1604 Δι’.α
1460 1562 1582 1603 Nunc
1611 1575 1707 1603 eam
1738 1569 1778 1603 et
1807 1563 2011 1615 loquendi

215 1621 481 1661 consuetudo
517 1620 716 1674 1epudiat
737 1629 778 1660 et
799 1620 925 1661 codd.
947 1619 1037 1660 fere
1058 1632 1219 1669 omnes,
1243 1620 1286 1660 in
1309 1620 1464 1672 quibus
1485 1626 1585 1660 sunt
1608 1621 1734 1661 etiam
1754 1619 1875 1661 Bodl.
1899 1619 2009 1660 Tub.

217 1677 346 1720 Coisl.
368 1679 465 1718 Vat.
488 1677 599 1719 Ven.
615 1676 666 1719 H
682 1677 780 1721 Par.
802 1675 853 1729 G,
878 1676 1091 1718 omittunt.

329 1748 375 1789 P.
400 1749 469 1790 95.
498 1738 654 1802 ’Έχει
692 1739 896 1797 ου’τως,
925 1742 1057 1802 ἔφη]
1101 1747 1191 1788 Ηοο
1212 1747 1388 1802 reposui
1410 1760 1464 1787 ex
1485 1746 1614 1787 Coisl
1637 1747 1770 1811 ῑζὶηᾶ.
1794 1745 1833 1788 Φ
1855 1746 2008 1790 Ambr.

213 1805 310 1846 Vat.
335 1806 442 1846 Ven.
466 1804 664 1848 Hvind.
687 1805 713 1845 6
735 1805 847 1864 Flor.
871 1816 895 1844 a
917 1816 939 1843 c
961 1805 989 1845 d
1008 1817 1067 1848 m.
1089 1804 1218 1848 Editt.
1241 1816 1412 1845 omnes:
1437 1794 1602 1858 ’Ἑχειν
1623 1795 1775 1852 οὕτως
1798 1798 1911 1858 ἔφη.

215 1958 299 2002 καὶ
339 1954 567 2014 τοιαύτης
608 1949 724 2008 ὧςτε
764 1951 991 2018 ἄγεσθαι.
1029 1973 1069 2004 v.

1158 1966 1286 2012 atque
1308 1965 1373 2000 est
1393 1959 1540 2013 plane,
1571 1968 1616 2000 ut
1638 1957 1911 2000 Grammatiei
1937 1959 2010 2000 de·

215 2016 534 2067 Matthiae§.
557 2018 656 2058 479.

1158 2015 1332 2065 finiunt,
1376 2012 1732 2080 συγκατάθεσις
1781 2010 1877 2079 μὲν
1916 2014 2011 2058 τῶν

272 2116 303 2156 η
332 2094 479 2146 καθ’·
499 2094 807 2155 ἁρμονίαν]
839 2113 989 2153 quam
1018 2107 1072 2140 ut

217 2172 331 2200 cum
415 2158 689 2199 harmonia
773 2157 1073 2211 comparari

216 2215 395 2270 possit
442 2215 695 2269 pervulgata
747 2215 951 2267 loquendi
1001 2226 1071 2254 ra—

214 2274 347 2323 tione,
378 2273 432 2312 de
462 2284 548 2323 qua
567 2285 609 2314 V.
632 2271 889 2312 Matthiae
909 2273 950 2324 §.
971 2272 1072 2313 449.

218 2328 415 2370 Ceterum
437 2329 617 2370 eandem
638 2341 729 2368 rem
746 2329 864 2370 Plato
885 2329 1073 2369 illustrat

217 2387 344 2426 etiam
363 2385 427 2425 De
446 2386 554 2439 Rep.
578 2386 651 2426 IV.
674 2398 718 2439 p.
734 2386 820 2427 440
833 2387 870 2426 A
891 2379 1073 2427 οὐκοῦν

216 2440 301 2484 καὶ
340 2435 520 2484 ἄλλοθι
548 2440 792 2508 πολλαχοῦ
834 2434 1073 2484 αἰσθανό-

216 2499 350 2564 μεθα
379 2489 498 2540 όταν
513 2492 792 2564 βιάζωνταί
806 2512 920 2541 τινα
940 2511 1071 2552 παρα

216 2549 302 2596 τὸν
335 2549 561 2622 λογισμὸν
589 2549 870 2610 ἐπιθυμίαι,
914 2554 1072 2597 λοιδο-

216 2607 396 2665 ροῦντά
412 2625 462 2653 τε
481 2605 630 2654 αὑτὸν
651 2609 736 2655 καὶ
734 2606 1073 2681 θυμούμενον

217 2667 280 2724 τῷ
311 2664 576 2723 βιαζομένῳ
606 2662 659 2710 ἐν
687 2661 842 2724 αυτῷ,
875 2666 959 2711 καὶ
989 2681 1073 2715 ως-

216 2737 306 2777 περ
336 2723 479 2766 δυοῖν
507 2701 869 2774 στασιαζόντοιν
890 2719 1074 2789 ξύμμα-

218 2793 304 2845 χον
325 2779 388 2835 τῷ
413 2775 535 2843 λόγῳ
566 2776 848 2845 γιγνόμενον
871 2775 957 2823 τὸν
979 2780 1072 2822 θυ-

217 2830 311 2890 μὸν
349 2834 436 2877 τοῦ
475 2831 697 2878 τοιούτου
737 2851 780 2880 κ.
814 2851 854 2878 τ.
887 2837 926 2878 λ.
957 2835 1068 2877 conf.

219 2893 344 2934 etiam
375 2892 438 2933 De
463 2893 571 2947 Rep.
591 2894 667 2935 IV.
689 2905 731 2946 p.
756 2895 841 2935 454
862 2894 897 2934 A
929 2901 970 2933 et
998 2893 1070 2933 ΙΙΙ.

217 2961 260 3002 p.
282 2949 368 2991 434
387 2949 440 2989 A.

276 3027 364 3088 Νὴ
408 3032 519 3075 Δία
547 3055 604 3063 —
640 3028 802 3088 ἕμοιγ
819 3046 839 3075 ε
882 3030 1070 3100 δοκεῖ]

219 3091 357 3135 Intell.
387 3091 596 3131 Homerus
625 3089 730 3131 haec
760 3092 818 3131 ita
847 3091 1069 3142 cecinisse,

219 3155 266 3188 ut
283 3147 472 3188 animum
487 3147 646 3201 putant
662 3147 872 3202 impeiaie
888 3148 1069 3201 corpori.

277 3230 382 3285 Cap.
407 3231 558 3274 XLIV.
608 3232 656 3273 P.
678 3234 749 3274 95.
795 3226 937 3274 Εἶεν
978 3225 1067 3285 δή]

219 3288 420 3342 Reisig.
470 3290 515 3328 in
557 3289 792 3331 Comment.
844 3289 899 3330 ad
941 3288 1071 3342 Soph.

220 3345 323 3387 Oed.
348 3343 436 3386 Col.
463 3346 585 3388 1333.
629 3346 747 3396 „Hac
775 3357 891 3394 voce,
922 3346 1071 3397 inquit,

222 3407 398 3442 utuntur
419 3400 568 3442 Graeci
596 3402 639 3443 in
662 3403 778 3444 omni
805 3414 960 3456 genere
982 3415 1070 3443 ser-

221 3459 372 3511 monis,
414 3458 485 3498 ubi
514 3459 569 3500 ad
599 3459 681 3500 alia
721 3460 1074 3514 progrediuntur:

1160 2068 1444 2148 εἰρημένων,
1480 2068 1675 2125 συναφὴ
1710 2066 1764 2114 δε
1792 2065 1910 2126 πρὸς
1951 2069 2010 2114 τὰ

1157 2124 1444 2182 μέλλονταῇί
1467 2141 1508 2172 v
1527 2137 1675 2169 nostra
1696 2129 1751 2170 ad
1771 2129 2010 2183 Euthyphr

1159 2186 1226 2226 ed
1249 2186 1366 2240 Lips.
1392 2187 1516 2228 1823.
1539 2199 1581 2239 p.
1604 2186 1659 2227 88
1680 2198 1745 2238 sq.

1215 2263 1282 2312 τὰ
1312 2266 1412 2324 μὲν
1436 2264 1739 2323 Αρμονίας
1759 2267 1831 2324 ——]
1857 2269 2011 2312 Socra-

1158 2336 1222 2368 tes
1266 2325 1406 2380 εἴρων
1444 2326 1720 2368 Harmoniam
1750 2327 2011 2380 Thebanam,

1157 2384 1201 2428 h.
1225 2397 1262 2428 e.
1287 2383 1490 2424 Simmiae
1505 2384 1760 2425 sententiam
1781 2383 1834 2425 de
1854 2384 2012 2437 animo,

1158 2440 1386 2495 propitiam
1415 2440 1570 2480 factam
1601 2452 1698 2481 esse
1725 2439 1767 2480 h.
1790 2453 1828 2483 e.
1847 2439 2013 2482 refuta-

1157 2506 1243 2538 tam
1284 2498 1401 2540 dicit.
1459 2497 1691 2538 Harmonia
1739 2503 1882 2538 autem
1931 2496 2013 2538 fuit

1158 2567 1269 2596 uxor
1290 2553 1458 2605 Cadmi,
1488 2554 1602 2606 regis
1625 2553 1937 2594 Thebanorum.
1960 2566 2011 2596 v,

1157 2612 1259 2651 Hes.
1282 2610 1441 2663 Theog.
1465 2611 1564 2653 937.
1585 2611 1684 2652 975.
1718 2609 1915 2663 Apollod.
1936 2610 2012 2653 III.

1156 2669 1198 2715 4,
1221 2669 1263 2708 2.
1305 2667 1454 2716 Itaque
1483 2666 1537 2709 ad
1565 2665 1742 2720 alteram
1783 2666 2013 2707 dubitatio·-

1160 2735 1254 2764 nem
1284 2735 1310 2762 a
1331 2720 1486 2763 Cebete
1516 2722 1663 2762 itidem
1683 2721 1885 2764 Thebano
1907 2723 2014 2764 alla-

1157 2788 1243 2820 tam
1263 2779 1520 2819 transiturus
1544 2778 1691 2819 Cadmi
1710 2777 1810 2819 facit
1830 2780 2009 2820 mentio-

1159 2848 1270 2880 nem.
1313 2834 1427 2887 Nam
1447 2828 1511 2875 τὰ»
1537 2828 1741 2888 Κάδμου
1768 2842 1894 2876 vocat
1929 2835 2012 2878 Ce—

1158 2893 1267 2933 betis
1289 2891 1515 2944 rationem,
1534 2892 1606 2941 qui
1623 2902 1897 2933 concesserat
1917 2893 2012 2944 qui-

1158 2949 1256 2989 dem
1293 2949 1461 2988 animos
1502 2960 1680 3002 corpore
1714 2961 1812 2989 esse
1847 2949 2013 2990 diutur-

1159 3006 1326 3053 niores,
1357 3005 1530 3045 eosdem
1561 3017 1779 3057 nunquam
1813 3005 2011 3046 interitu-

1158 3074 1228 3103 ros
1278 3073 1374 3101 esse
1421 3069 1667 3115 negaverat.
1722 3061 1797 3103 Illa
1830 3062 2010 3114 facilior,

1158 3118 1262 3158 haec
1290 3117 1504 3159 difficilior
1531 3119 1586 3158 ad
1613 3117 1892 3160 refellendum
1905 3118 2009 3160 fuit.

1158 3175 1440 3224 Quamobrem
1469 3173 1592 3215 facile
1620 3174 1693 3215 illa
1723 3174 1867 3227 uxori,
1903 3175 2010 3216 haec

1157 3232 1308 3273 marito
1348 3231 1562 3272 tribuitur.
1603 3231 1864 3280 Μυστικῶς
1897 3231 2011 3272 hunc

1159 3289 1298 3330 locum
1329 3288 1630 3342 interpretatur
1665 3287 2006 3341 Olympiodo-

1160 3359 1250 3386 rus
1273 3357 1342 3399 ap.
1365 3344 1733 3398 Wyttenbaoh.
1757 3351 1799 3398 p.
1822 3345 2004 3397 250sq.;

1160 3402 1317 3455 ineptis
1346 3401 1649 3455 argutiiseum
1677 3410 1887 3442 vexarunt
1907 3401 2006 3442 Da-

1162 3459 1363 3499 cierius
1385 3458 1551 3510 aliique.
