2158 3718
231 138 338 192 246
959 139 1282 184 PLATONIS

234 279 358 349 ἐμοὶ
402 280 496 333 καὶ
543 276 762 351 ὁτῳοῦν
807 277 960 350 ἄλλῳ
998 277 1455 349 ἀποκρίνασθαι,
1504 278 1591 334 ὅτι
1637 283 1714 352 τῷ
1753 283 1906 353 καλῷ
1942 279 2010 334 τοὶ

230 361 377 418 καλοὶ
419 366 670 434 γίγνεται
715 364 878 419 καλά.
952 362 989 434 ἢ
1037 361 1107 418 οὐ
1143 364 1237 417 καὶ
1273 364 1364 418 σοὶ
1401 367 1579 425 δοκεῖ;
1637 369 1831 419 Δοκεῖ.
1906 366 2020 419 Καὶ

229 449 458 518 μεγέθει
493 445 603 519 ἄρα
640 449 708 503 τὰ
743 448 957 519 μεγάλα
993 447 1209 518 μεγάλα
1245 450 1339 503 καὶ
1374 447 1443 503 τά
1489 452 1651 520 μείζω
1689 451 1882 520 μείζω,
1919 451 2018 504 καὶ

230 534 557 604 σμικρότητι
602 532 670 588 τὰ
719 533 930 588 ἐλάττω
980 532 1222 598 ἐλάττω;
1277 536 1412 588 Ναί.
1492 532 1643 589 Οὐδὲ
1689 532 1763 588 σύ
1811 532 1905 604 ἄρ’
1945 533 2018 590 ἂν

230 616 556 688 άποδέχοιο,
607 623 664 672 εἴ
700 621 783 682 τίς
833 637 963 672 τινα
1009 620 1149 688 φαίη
1199 618 1394 690 ἕτερον
1440 618 1634 690 ἑτέρου
1681 623 1750 690 τῇ
1795 623 2017 691 κεφαλῇ

227 704 389 773 μείζω
439 698 612 771 εἶναι,
661 703 757 755 καῖ
809 700 910 756 τὸν
968 703 1176 757 ἐλάττω
1231 706 1309 775 τῷ
1356 701 1507 775 αὐτῷ
1554 704 1734 776 τούτῳ
1784 704 2017 772 ἐλάττω,
2086 748 2088 759 1

131 801 210 844 101
229 786 372 842 ἄλλα
409 787 813 858 διαμαρτύροιο
852 787 952 857 άν,
1003 786 1091 842 ὅτι
1129 785 1201 842 σύ
1237 788 1342 858 μὲν
1379 787 1551 842 οὐδὲν
1589 787 1727 843 ἄλλο
1766 790 1946 858 λέγεις
1982 788 2044 859 ἢ,

227 871 312 926 ότι
349 870 413 926 τό
433 872 557 975 μὲν
592 876 780 943 μεῖζον
816 876 932 926 πᾶν
967 873 1162 944 ἕτερον
1199 873 1393 943 ἑτέρου
1419 871 1614 927 οὐδενὶ
1639 872 1792 944 άλλῳ
1828 874 2019 944 μεῖζόν

229 958 385 1011 ἐστιν
421 956 457 1026 ἢ
493 955 750 1027 μεγέθει,
790 958 884 1010 καὶ
923 956 1016 1012 διὰ
1053 962 1220 1011 τοῦτο
1258 963 1474 1029 μεῖζον,
1525 956 1620 1011 διὰ
1656 956 1719 1012 τὸ
1757 957 2016 1028 μέγεθος,

225 1039 290 1096 τὸ
338 1040 401 1096 δὲ
449 1043 682 1096 ἔλαττον
729 1039 923 1096 οὐδενὶ
971 1042 1125 1113 άλλςο
1173 1045 1406 1097 ἔλαττον
1442 1043 1479 1112 ἢ
1516 1043 1875 1114 σμικρότητι,
1923 1044 2019 1096 καὶ

227 1123 322 1180 διὰ
376 1130 543 1181 τοῦτο
599 1129 859 1196 ἔλαττον,
918 1126 1011 1181 διὰ
1063 1126 1168 1197 τὴν
1215 1128 1583 1198 σμικρότητα,
1641 1127 2017 1198 φοβούμενος,

226 1207 382 1282 οἶμαι
394 1253 411 1283 ,
459 1212 535 1283 μή
571 1215 655 1277 τίς
692 1226 783 1265 σοι
820 1206 1074 1276 ἐναντίος
1111 1213 1278 1281 λόγος
1315 1211 1636 1284 ἀπαντήσῃ,
1678 1211 1779 1267 ἐὰν
1814 1216 1883 1283 τῇ
1922 1232 2018 1265 κε-

227 1299 384 1367 φαλῇ
428 1296 654 1367 μείζονά
698 1317 825 1351 τινα
873 1301 985 1368 φῇς
1034 1293 1180 1350 εἶναι
1225 1298 1319 1350 καὶ
1359 1296 1598 1366 ἐλάττω,
1647 1300 1876 1367 πρῶτον
1912 1295 2018 1366 μὲν

224 1385 303 1452 τῷ
340 1376 493 1453 αὐτῷ
530 1379 593 1435 τὸ
630 1385 818 1452 μεῖζον
854 1386 1042 1452 μεῖζον
1080 1378 1225 1435 εἶναι
1262 1382 1358 1435 καὶ
1392 1379 1455 1435 τὸ
1494 1384 1727 1435 ἔλαττον
1763 1383 2017 1450 ἔλαττον,

163 1480 196 1522 Β
227 1467 418 1520 ἔπειτα
462 1470 532 1537 τῇ
578 1470 799 1536 κεφαλῇ
853 1470 1060 1537 σμικρᾷ
1108 1465 1253 1537 οὔσῃ
1300 1464 1401 1519 τὸν
1447 1469 1610 1536 μείζω
1648 1468 1811 1535 μείζω
1851 1461 2017 1535 εἶναι,

225 1551 321 1605 καὶ
364 1554 532 1605 τοῦτο
579 1549 649 1621 δὴ
699 1553 862 1621 τέρας
909 1547 1080 1620 εἶναι,
1130 1549 1193 1604 τὸ
1241 1553 1459 1621 σμικρῷ
1506 1570 1618 1603 τινι
1664 1551 1845 1620 μέγαν
1890 1548 2018 1603 τινα

227 1631 391 1689 εἶναι.
465 1634 502 1706 ἢ
550 1634 657 1690 οὐκ
703 1635 775 1689 ὂέν
824 1639 1026 1707 φοβοῖο
1065 1638 1269 1701 ταῦτα;
1318 1636 1430 1689 Καὶ
1469 1633 1498 1698 ὁ
1536 1635 1719 1704 Κέβης
1755 1634 2016 1703 γελάσας,

213 1718 446 1790 ”Εγωγε,
486 1723 613 1791 ἔφη.
658 1715 922 1789 Οὐκοῦν,
948 1713 986 1789 ἦ
1024 1718 1077 1773 δ’
1118 1719 1197 1790 ὅς,
1235 1719 1304 1774 τὰ
1342 1721 1479 1774 δέκα
1514 1723 1630 1773 τῶν
1668 1717 1812 1773 ὀκτώ
1853 1720 2018 1772 δυοῖν

223 1808 398 1859 πλείω
455 1802 629 1875 εἶναι,
685 1806 780 1859 καὶ
827 1803 921 1859 δια
966 1805 1178 1875 ταύτην
1231 1803 1335 1876 τὴν
1382 1806 1569 1858 αἰτίαν
1615 1802 2015 1873 ὑπερβάλλειν,

337 1979 384 2020 Ε.
417 1971 886 2047 ἀποκρίνασθαι]
917 1979 1098 2020 Bekker.
1129 1991 1153 2018 e
1180 1978 1282 2019 solis
1304 1978 1400 2019 Par.
1422 1979 1484 2019 EI
1506 1971 1860 2029 ἀποκρίνεσθαι
1882 1976 2015 2017 dedit.

181 2052 189 2059 ’
222 2034 370 2076 Paullo
391 2044 489 2089 post
508 2043 613 2079 vett.
635 2037 752 2079 editt.
774 2050 803 2090 η
827 2049 884 2077 ου
910 2032 1031 2090 [Bas.
1053 2037 1078 2076 2
1100 2050 1130 2089 η
1154 2030 1229 2089 ου]
1251 2034 1340 2077 καί
1357 2046 1430 2076 σοι
1452 2033 1601 2076 δοκεῖ.
1642 2035 1886 2087 Perperam.

228 2160 230 2162 .
339 2113 404 2162 σὺ
442 2112 528 2175 αρ’
559 2134 629 2162 αν
656 2113 764 2174 απ,]
802 2122 855 2162 V.
880 2120 1027 2173 Steph.
1050 2111 1111 2162 ὂὶν
1133 2111 1212 2173 ἄρ’
1236 2133 1339 2172 απ.,
1362 2119 1459 2160 Ald.
1482 2119 1580 2161 Bas.
1603 2107 1711 2159 Ιὸὶν
1731 2108 1827 2170 ἄρα
1848 2131 1911 2159 αν
1931 2130 2016 2159 απ.

223 2165 639 2276 ὶᾶῐῖιῖιὲῐιὲῗεξὲῗὲῐθν
659 2177 788 2218 fidem
809 2178 1029 2218 meliorum
1053 2177 1352 2221 librorum.1n
1374 2176 1480 2216 Tub.
1505 2176 1615 2218 Ven.
1638 2174 1691 2216 H
1705 2174 1833 2217 Vind.
1859 2174 1900 2216 Τ
1917 2174 2014 2216 Par.

335 2319 383 2363 P.
407 2320 502 2362 101.
537 2312 592 2361 τὸ
635 2314 738 2373 μὲν
777 2316 996 2373 μεῖζον]
1039 2316 1142 2372 μέν,
1174 2319 1289 2371 quod
1319 2318 1420 2359 olim
1449 2319 1609 2368 aberat,
1643 2316 1835 2357 additum
1869 2329 1891 2355 e
1911 2317 2020 2358 Vat.‘

224 2376 353 2417 vind.
377 2376 416 2418 Φ
437 2377 585 2418 Ambr.
607 2376 717 2417 Flor.
737 2377 765 2416 d
787 2385 827 2416 et
847 2389 929 2419 rec,
955 2375 1017 2419 H.
1051 2376 1167 2416 Idem
1188 2376 1320 2417 invito
1343 2375 1462 2415 Bodl.
1485 2375 1591 2415 Tub.
1615 2373 1710 2414 aliis
1733 2373 1848 2414 dedit
1867 2373 2014 2416 Herm,

338 2438 658 2503 ἀπαντήσῃ]
681 2449 734 2490 V.
758 2442 1046 2500 άπαντήσοι,
1069 2446 1184 2498 quod
1203 2454 1344 2486 tuetur
1365 2445 1462 2488 Par.
1483 2445 1531 2487 E.

336 2532 383 2573 Β.
416 2530 589 2574 δυοῖν
629 2517 821 2583 πλείω]
853 2530 992 2573 δυεῖν
1026 2531 1159 2574 Bekk.
1200 2545 1223 2571 e
1257 2531 1365 2571 Ven.
1387 2530 1429 2571 Λ
1456 2529 1550 2569 Par.
1575 2527 1649 2568 GE
1665 2529 1728 2569 HI
1750 2528 1887 2579 dedit,
1920 2527 2013 2576 qui-

223 2589 402 2629 buscum
425 2588 536 2629 Flor.
559 2602 583 2628 a
603 2590 629 2629 b
652 2602 674 2628 c
696 2590 710 2628 i
730 2601 772 2627 m
793 2589 1080 2629 consentiunt.

1159 2742 1488 2795 parvitatem
1511 2738 1639 2790 effici,
1664 2739 1777 2789 quod
1800 2747 1913 2779 certe
1934 2739 2009 2778 ab·

280 2743 328 2783 E.
361 2735 517 2785 Οὖδε
547 2735 613 2783 σύ
643 2733 731 2796 ἄρ’
763 2732 831 2783 ὂέν
860 2733 1073 2782 άποδέ-

1161 2797 1336 2838 surdum
1367 2804 1452 2848 est,
1483 2795 1638 2836 deinde
1671 2795 1820 2849 capite,
1852 2796 1879 2837 i.
1901 2808 1938 2835 e.
1967 2807 2012 2835 re

223 2797 367 2855 χοιο]
393 2799 435 2839 h.
449 2811 483 2838 e.
503 2811 671 2850 neque
692 2806 747 2838 tu
767 2798 936 2851 igitur
955 2810 1074 2851 pro-

223 2858 402 2907 hares,
433 2867 561 2907 quem
590 2867 715 2896 usum
735 2855 853 2896 verbi
874 2856 957 2894 iam
978 2867 1075 2894 sae—

226 2913 346 2978 pius„
347 2913 581 2966 attigimus.

283 2967 347 3023 τῇ
376 2966 602 3022 κεφαλῇ
633 2964 703 3022 μ.]
735 2979 820 3008 non
842 2966 1075 3020 signifieat:

225 3038 308 3067 um
337 3026 434 3066 den
464 3025 600 3093 Kopf
625 3027 864 3078 grfisser,
895 3024 972 3064 sed
998 3036 1077 3077 po-

225 3085 332 3124 tius:
387 3085 635 3133 vermbge
696 3080 786 3120 des
855 3080 1074 3133 Kopfes,

227 3139 391 3181 durch
435 3140 530 3180 den
547 3137 716 3203 Kopf.

283 3196 330 3235 P
355 3197 450 3238 101.
484 3187 558 3250 μή
586 3194 674 3243 τίς
701 3205 788 3235 σοι
822 3215 873 3222 ——
896 3206 1076 3235 απαν-

226 3244 385 3307 τήσῃ]
414 3252 457 3293 h.
482 3265 519 3292 e.
552 3264 611 3292 ne
639 3263 772 3304 quae
807 3251 1077 3291 contraria

229 3309 364 3350 ratio
394 3309 492 3349 tibi
523 3314 767 3349 occurrat
787 3315 914 3359 atque
934 3314 1075 3346 tecum

231 3366 327 3419 ipso
363 3378 555 3419 pugnare
592 3364 777 3406 videaris
813 3364 1075 3405 contendens

229 3423 413 3476 primum
448 3422 621 3475 quidem
656 3422 815 3475 capite,
843 3421 886 3462 h.
916 3433 953 3464 e.
986 3433 1075 3460 ea-

230 3480 343 3520 dem
382 3491 461 3533 re,
503 3486 543 3519 et
583 3477 1002 3533 magnitudinem
1039 3482 1079 3517 et

1160 2865 1304 2907 parva,
1343 2853 1454 2893 effici
1490 2853 1849 2905 magnitudinem,
1890 2853 2013 2903 quasi

1163 2911 1257 2961 quis
1280 2923 1413 2964 parvo
1437 2921 1618 2962 maguus
1640 2908 1733 2948 fieri
1753 2915 1895 2961 queat.

1220 3024 1268 3063 B.
1301 3019 1473 3076 τέρας
1504 3017 1678 3072 εἶναι]
1706 3018 1859 3086 Τέρας
1879 3033 2011 3061 voea—

1163 3088 1232 3120 tur
1271 3080 1313 3119 iu
1355 3081 1588 3120 dialecticis
1626 3074 1678 3120 τὸ
1715 3072 2010 3132 παράδοξον,

1163 3128 1360 3185 ἄτοπον,
1385 3129 1644 3178 αδυνατον.
1668 3135 1838 3175 Theaet.
1863 3147 1907 3187 p.
1931 3135 2011 3175 163

1163 3193 1198 3233 D
1221 3190 1359 3246 τέρας
1382 3187 1471 3247 γὰρ
1493 3183 1555 3235 ‹322›
1577 3183 1695 3246 εἰή“
1670 3204 1694 3232 ο
1709 3187 1882 3258 λέγεις.
1906 3191 2009 3230 Pai-

1162 3251 1320 3292 menid.
1342 3263 1384 3303 p.
1411 3251 1490 3290 129
1513 3251 1550 3289 Α
1587 3245 1631 3290 εἰ
1663 3261 1754 3301 γαρ
1790 3241 1914 3288 αυτοὶ
1951 3238 2010 3286 τοὶ

1161 3298 1306 3373 ομοιά
1347 3320 1418 3354 τις
1458 3299 1733 3367 απέφαινεν
1783 3297 2009 3356 ἀνόμοια,

1162 3360 1299 3416 τέρας
1331 3377 1415 3427 αν,
1458 3357 1608 3429 οἶμαι,
1648 3351 1723 3413 ἦν.
1766 3360 1928 3402 Phileb
1965 3371 2009 3412 p.

1164 3421 1219 3460 14
1254 3421 1286 3459 Ε
1326 3433 1401 3461 οτι
1443 3415 1616 3471 τέρατα
1657 3411 2010 3470 διηνάγκασται

1162 3469 1334 3529 φάναι,
1358 3476 1431 3516 ubi
1450 3475 1538 3516 vid.
1559 3480 1749 3515 annotat.
