2158 3718
120 108 376 211 “106

314 0 359 11 111
379 0 406 36 :³
426 0 486 29 “.·’
507 0 561 18 1
571 0 629 39 '⁵25
641 0 723 28 wer
735 0 870 34 -···-”³.·›*2‘÷}t³'
884 0 969 32 =⁸-‘'-·-¹-1··.
981 0 1363 39 μ,“·11“·*“ῑῑ;κ
1377 0 1400 33 ἰν
1464 15 1477 33 J.
1598 0 1694 43 1³..)ss
1708 14 1711 19 >

1016 133 1093 177 PL
1101 132 1336 178 ATONIS

271 278 582 343 θυμεῖσθαι
626 272 730 344 μὲν
780 274 844 328 ἐν
891 274 1059 328 παντὶ
1103 277 1180 346 τῷ
1225 277 1331 346 βίῳ
1379 274 1555 346 μηδὲν
1601 273 1740 330 ἄλλο
1786 274 1822 346 ἢ
1857 278 2045 345 τοῦτο,

269 356 505 429 ἥκοντος
542 359 604 414 δὲ
642 357 710 429 δὴ
749 355 947 428 αὐτοῦ,
986 356 1323 427 ἀγανακτεῖν
1349 359 1382 414 ὃ
1405 362 1576 415 πάλαι
1602 358 2048 431 προύθυμοῦντό

270 462 329 497 τε
365 444 460 497 καὶ
473 444 854 532 ἐπετήδευον.
908 444 1018 496 Και
1057 441 1085 498 ὁ
1113 447 1356 515 Σιμμίας
1390 447 1631 515 γελάσας
1656 444 1748 516 Νὴ
1786 443 1887 499 τὸν
1913 448 2044 515 Δία,

206 530 407 598 εφη,
446 533 488 583 ὠ
529 530 847 599 Σώκρατες,
895 527 964 583 οὐ
1001 547 1152 584 πανυ
1198 530 1266 598 γε’
1308 551 1376 600 με
1419 535 1530 584 νῦν
1577 530 1645 601 δή
1683 533 2046 600 γελασείοντα

271 613 536 684 ἐποίησας
570 614 820 683 γελασαι.
896 610 1048 684 οἶμαι
1095 613 1204 686 γὰρ
1243 614 1314 669 ἂν
1352 614 1420 686 δὴ
1458 615 1590 679 τοὺς
1626 614 1872 680 πολλοὺς
1909 614 2046 670 αὐτὸ

268 702 434 753 τοῦτο
473 698 822 764 ἀκούσαντας
848 700 1038 754 δοκεῖν
1076 703 1140 754 εὐ
1178 701 1330 754 πάνυ
1369 702 1629 772 εἰοῆσθαι
1668 703 1746 766 εἰς
1780 699 1913 765 τούς
1949 722 2046 772 φι-

269 788 656 854 λοσοφοῦντας
704 785 797 838 καὶ
843 785 1128 855 ξυμφάναι
1173 784 1244 839 ἂν
1294 806 1426 849 τους
1462 807 1565 856 μεν
1603 786 1736 858 παρ’
1774 785 1908 858 ἡμῖν
1946 784 2046 840 ἆν-

267 869 537 940 θρώπους
575 871 669 923 καὶ
704 870 875 940 πάνυ,
915 869 1000 924 ὅτι
1036 874 1112 942 τῷ
1151 869 1271 925 ὄντι
1298 873 1356 926 οἱ
1377 874 1828 942 φιλοσοφοῦντες
1863 878 2047 926 θανα-

265 959 403 1010 τῶσι
451 956 544 1009 καὶ
592 959 739 1026 σφᾶς
784 976 849 1025 γε
896 954 965 1010 οὐ
1012 957 1352 1027 λελήθασιν,
1402 955 1487 1011 ὅτι
1534 955 1682 1020 ἄξιοί
1728 957 1834 1010 εἰσι
1880 961 2046 1011 τοῦτο

381 1116 428 1159 P.
453 1116 521 1159 64
570 1108 1058 1171 προῦθυμοῦντο]
1109 1115 1476 1172 προεθυμοῦντο
1527 1117 1636 1158 crasi
1685 1117 1877 1170 neglecta
1923 1116 2043 1157 Bodl.

266 1173 365 1214 Vat.
395 1174 539 1215 Ambr.
571 1174 624 1215 al.
614 1205 641 1227 .‚
675 1174 789 1225 quod
818 1173 1091 1227 divulgarunt
1120 1175 1360 1219 Turicenss
1390 1182 1430 1214 et
1458 1174 1598 1214 Herm.
1639 1173 1724 1215 Sed
1744 1173 1861 1217 Bodl
1884 1186 1926 1228 p.
1948 1173 2045 1215 691)

269 1229 379 1270 clare
401 1223 782 1285 προυθυμήθην.

378 1300 426 1342 Β.
460 1314 525 1343 αν
562 1295 652 1355 δή]
695 1295 758 1354 δή
788 1313 810 1340 e
837 1302 933 1342 Vat.
963 1302 1070 1342 Ven.
1096 1301 1145 1343 H
1169 1302 1297 1345 Viud
1323 1302 1361 1343 Φ
1389 1302 1483 1344 Par.
1508 1300 1710 1343 GAmbr.
1734 1302 1843 1345 Flor.
1870 1302 1896 1342 d
1927 1302 2046 1343 addi-
2063 1295 2068 1299 ’

266 1364 371 1399 tum.
412 1359 459 1398 In
481 1358 600 1400 Bodl.
626 1351 687 1412 δὴ
710 1359 1058 1412 superscriptum.

325 1493 693 1556 αγανακτεῖν
735 1490 760 1541 ὃ
790 1493 973 1542 πάλαι
1003 1500 1109 1555 πρ.]

266 1558 358 1599 Non
387 1565 489 1612 puto
518 1569 807 1625 plonomen
780 1548 807 1598 ὅ
834 1557 980 1597 refe1ri
1000 1565 1112 1598 recte

265 1627 394 1668 posse
433 1615 489 1654 ad
514 1627 716 1680 ηκοντος
745 1606 912 1680 αὐτοῦ,
944 1621 988 1655 ut
1017 1628 1107 1655 ver

263 1674 413 1713 borum
437 1672 537 1712 ordo
559 1671 629 1710 hic
651 1673 725 1711 sit.
748 1646 967 1740 ἥκοντος
973 1667 1026 1713 δε
1049 1665 1109 1738 δὴ

266 1721 442 1782 αὐτου,
484 1742 508 1769 ο
539 1721 689 1769 παλαι
718 1741 798 1782 πρ.
831 1727 915 1769 καὶ
946 1722 1112 1783 ἐπετή-

266 1785 427 1839 δευον,
450 1778 758 1840 ἀγανακτεῖν.
800 1785 904 1825 Nam
930 1799 978 1826 ea
1006 1788 1109 1826 ratio

263 1845 386 1897 plura
411 1843 537 1883 habet
566 1843 850 1883 incommoda.
891 1842 1020 1882 Multo
1048 1842 1113 1882 fa—

266 1899 389 1940 cilius
411 1908 476 1940 est
504 1891 797 1954 αγανακτείν
819 1911 916 1938 cum
937 1912 1110 1940 accusa·

264 1959 352 1999 tivo
375 1963 664 1998 constructum
685 1963 853 2009 putare.
886 1968 994 2008 quae
1015 1969 1114 1997 con-

265 2015 462 2066 structio,
514 2014 582 2054 ubi
629 2013 883 2067 pionomina
922 2014 1112 2054 neutrius

264 2072 433 2125 generis
457 2072 582 2111 verbo
614 2070 759 2110 addita
789 2077 902 2119 sunt,
935 2083 1018 2111 non
1049 2076 1113 2111 est

264 2130 484 2171 inusitata.
523 2128 641 2168 Dem.
673 2127 770 2169 adv.
804 2126 963 2169 Conon.
987 2129 1110 2169 1261.

264 2188 318 2228 25
341 2179 429 2240 ἐγὼ
453 2181 507 2226 δέ
527 2206 579 2213 -
597 2183 812 2250 χαλεπῶς
833 2177 914 2251 ἐφ’
937 2179 1009 2233 οἷς
1029 2180 1111 2225 πέ-

264 2235 480 2292 πονθα,’
459 2235 718 2309 ενηνοχώς
718 2234 805 2296 οὐχ
821 2230 966 2296 ἧττον
984 2234 1111 2283 τοῦτ’

264 2293 654 2356 αγανακτήσαιμι
683 2291 760 2340 ἄν.
804 2299 920 2339 Idem
942 2299 1110 2340 advers.

264 2357 363 2399 Mid.
387 2358 427 2406 §-
452 2359 506 2398 35
528 2356 583 2396 al.
624 2355 725 2395 Mire
756 2355 1023 2422 Hirschig.
1045 2362 1109 2396 to-

264 2423 354 2455 tum
381 2413 463 2454 hoc
492 2424 676 2453 comma.
710 2402 736 2452 ὃ
757 2406 909 2454 παλαι
928 2434 985 2442 -—
1006 2405 1112 2454 ἕπε-

265 2465 495 2525 τήδευον,
538 2469 843 2510 eliminandum
881 2476 1017 2523 putat.
1057 2473 1113 2510 At

265 2529 408 2568 valent
427 2502 531 2568 ha’ec
552 2527 682 2567 verba
703 2527 851 2578 utique
881 2528 936 2567 ad
965 2533 1112 2567 notan-

266 2586 362 2626 dam
402 2584 619 2624 iudicandi
656 2584 870 2624 levitatem
903 2589 943 2623 et
969 2585 1114 2623 incon-

266 2642 490 2691 stantiam,
532 2648 578 2680 ut
609 2639 711 2680 nihil
745 2641 820 2691 sit,
853 2652 926 2679 cur
958 2653 1006 2680 ea
1034 2652 1110 2693 pro

266 2699 492 2761 suspectis
498 2697 747 2739 habeamus.

321 2755 374 2794 B.
396 2767 534 2801 τους
557 2767 660 2807 μεν
681 2766 791 2806 παρ
835 2746 979 2807 ἡμῖν
1011 2766 1111 2794 αν-

266 2804 560 2865 θρώπους]
619 2810 663 2849 h.
714 2822 751 2851 e.
802 2809 1108 2860 Thebanos,

266 2868 530 2909 Boeotios.
563 2867 779 2931 Olymp.
838 2879 878 2919 p.
930 2868 980 2907 17
1042 2867 1108 2906 ed.

264 2924 440 2966 Finckh.
473 2915 679 2972 εἰκότως,
708 2923 865 2973 inquit,
890 2921 938 2988 ,Θ
975 2921 1110 2974 βαῐος

265 2975 355 3047 γὰρ
384 2970 445 3034 ἦν
474 2975 499 3021 ὁ
521 2979 756 3046 Σιμμίας·
786 2971 902 3032 παρ’
926 2936 998 3027 οᾎς
1027 2976 1110 3020 καὶ

265 3032 294 3093 ἡ
318 3037 524 3080 Βοιωτία
554 3025 800 3102 υς.Α1ἰῑει
843 3035 1109 3076 Schleier-

266 3095 513 3147 macher,
539 3095 610 3145 qui
631 3094 687 3133 ita
709 3094 872 3133 scribit.
906 3094 1108 3144 „Kebes

267 3152 456 3192 driickt
485 3151 595 3192 sich
627 3150 740 3190 hier
775 3151 824 3189 in
856 3150 1109 3190 brtlicher

266 3207 569 3262 Beziehung
626 3219 739 3257 aus,
798 3207 902 3246 und
951 3207 1111 3246 denkt

268 3265 517 3306 offenbar
586 3277 648 3303 an
716 3264 798 3303 die
858 3263 1108 3315 Athener,

269 3322 414 3362 nicht
459 3335 517 3361 an
567 3321 650 3362 die
697 3319 911 3362 Theber.
972 3321 1110 3360 Aber

269 3378 390 3420 sehr
418 3391 543 3432 geru
581 3379 650 3418 ist
678 3376 780 3417 ihm
806 3377 1026 3417 'erlauht
1056 3389 1108 3417 so

271 3450 330 3476 zu
372 3448 559 3488 sagen,
602 3435 706 3474 und
736 3446 848 3474 man
890 3434 1111 3474 braucht

270 3493 411 3533 nicht
441 3491 555 3545 (mit
584 3489 794 3543 Dacier)
825 3505 885 3531 zu
913 3492 1109 3531 andern

1199 1493 1316 1555 παρ’
1367 1495 1500 1555 ὑμῖν.
1508 1498 1538 1520 “
1618 1500 1704 1542 Sed
1751 1513 1894 1540 veram
1942 1506 2045 1554 puto

1201 1558 1510 1623 Olympiodori
1515 1559 1780 1599 sententiam.
1823 1557 1929 1598 Nam
1949 1566 2047 1612 post

1199 1611 1311 1663 τούς
1331 1608 1551 1664 πολλούς,
1574 1614 1616 1657 h.
1635 1627 1671 1655 e.
1693 1627 1932 1668 magnam
1954 1627 2046 1669 po-

1198 1672 1315 1726 puli
1336 1672 1733 1712 multitudinem
1754 1684 1779 1712 a
1798 1671 2046 1725 philoso-

1198 1729 1322 1783 phia
1352 1730 1579 1769 alienam
1606 1728 1802 1769 Simmias
1830 1736 2047 1781 tamquam

1200 1799 1277 1839 per
1300 1787 1567 1827 occasionem
1589 1786 1796 1840 imprimis
1819 1786 1948 1826 etiam
1966 1798 2046 1839 po-

1199 1843 1412 1896 pularium
1437 1854 1610 1883 suorum
1634 1843 1892 1883 mentionem
1913 1843 2048 1883 iniicit

1200 1907 1347 1954 utpote
1376 1901 1429 1941 de
1458 1899 1753 1954 philosophiae
1781 1899 1923 1940 studio
1949 1900 2044 1953 pin·

1199 1958 1327 2011 guius
1375 1970 1423 1997 ac
1472 1958 1614 1997 minus
1665 1955 1874 1997 subtiliter
1935 1956 2047 1997 iudi-

1200 2015 1399 2056 cantium.
1450 2015 1496 2053 In
1527 2026 1609 2065 quo
1641 2012 1769 2053 simul
1797 2013 1972 2067 respicit
1998 2026 2049 2053 ac

1198 2073 1333 2125 tangit
1365 2070 1541 2124 vulgare
1571 2070 1678 2110 illud
1709 2070 1762 2110 de
1781 2069 1956 2110 Boeotis
1977 2071 2046 2110 iu—

1200 2129 1369 2176 dicium,
1402 2140 1484 2180 quo
1508 2127 1788 2180 simplicitatis
1810 2139 1860 2166 ac
1881 2127 2045 2168 stolidi-

1198 2187 1298 2226 tatis
1320 2187 1488 2225 nomine
1509 2184 1619 2224 male
1641 2183 1886 2226 audiebant.
1916 2185 1969 2224 V.
1992 2185 2048 2225 ad

1198 2255 1240 2296 p.
1265 2244 1318 2283 62
1341 2243 1390 2282 A.
1434 2243 1497 2281 Ac
1528 2241 1622 2281 ficri
1649 2247 1803 2295 potest,
1824 2248 1872 2280 ut
1892 2240 2048 2282 Thebis

1198 2299 1494 2353 philosophiae
1521 2299 1711 2340 studium
1740 2297 1870 2350 vulgo
1902 2298 2044 2338 minus

1198 2358 1240 2396 in
1280 2356 1440 2396 honore
1481 2356 1536 2396 sit
1573 2355 1780 2395 habitum.
1822 2354 1908 2394 Nec
1944 2366 2045 2396 vero

1199 2407 1255 2454 οἷ
1280 2406 1410 2466 παρ’
1440 2406 1582 2467 ἡμῖν
1609 2412 1679 2453 alii
1707 2419 1891 2466 possunt
1917 2411 2043 2451 intel-

1198 2470 1283 2524 legi
1314 2483 1441 2521 quam
1482 2470 1569 2521 qui
1610 2476 1732 2509 sunt
1772 2469 1910 2522 apud
1950 2480 2045 2509 nos

1201 2527 1361 2575 domi,
1402 2527 1443 2568 h.
1477 2540 1512 2569 e.
1542 2526 1772 2589 populares
1801 2525 1951 2566 nostri.
1991 2545 2044 2554 -—·

1200 2583 1263 2623 De
1283 2579 1374 2637 μέν
1395 2592 1493 2637 post
1514 2575 1625 2631 τούς
1648 2595 1734 2623 non
1756 2582 2045 2633 subsequente

1200 2636 1255 2682 δέ
1284 2640 1401 2680 illato
1431 2653 1472 2680 v.
1505 2646 1647 2679 annot.
1687 2639 1741 2678 ad
1773 2638 1962 2691 Sophist
1996 2652 2045 2693 p.

1198 2699 1280 2737 227
1314 2697 1360 2736 Α.
1407 2695 1577 2736 Theaet.
1605 2709 1649 2750 p
1682 2696 1762 2736 197
1795 2694 1839 2738 C.
1884 2693 2042 2736 Criton.

1197 2765 1241 2805 p.
1262 2754 1316 2793 43
1337 2753 1386 2793 D.
1429 2752 1589 2792 Phileb.
1621 2765 1663 2805 p.
1687 2754 1741 2793 37
1763 2751 1809 2795 Β.
1851 2749 1978 2804 Gorg.
2000 2765 2043 2806 p.

1197 2810 1280 2850 465
1309 2809 1357 2849 D.
1394 2809 1520 2862 Apol.
1552 2821 1594 2861 p
1627 2810 1679 2849 21
1708 2808 1756 2851 D.
1797 2808 1969 2849 Lachet.
1998 2822 2041 2862 p.

1200 2867 1279 2907 182
1299 2865 1349 2908 D
1391 2866 1612 2905 Rationem
1643 2865 1701 2904 rei
1731 2866 1894 2906 indicat
1914 2866 2043 2906 Her-

1196 2934 1364 2962 mann.
1415 2923 1469 2962 ad
1512 2923 1652 2976 Viger.
1699 2935 1741 2975 p.
1773 2923 1854 2963 841
1884 2935 1948 2974 sq.
1988 2945 2044 2952 -—

1197 2972 1513 3020 καὶπανυί.
1538 2994 1577 3031 q.
1601 2980 1899 3030 admodum,
1923 2992 2040 3033 per-

1197 3049 1343 3101 quam
1375 3036 1735 3085 vehementer,
1779 3048 1869 3089 gar
1899 3035 2044 3084 sehr;

1198 3094 1323 3133 sicuti
1353 3093 1506 3133 dicitur
1535 3090 1619 3134 καὶ
1647 3086 1791 3149 μαλα,
1822 3089 1905 3134 καὶ
1927 3085 2043 3145 σφό-

1197 3148 1305 3203 δρα,
1328 3151 1380 3192 al
1438 3152 1628 3191 Voculae
1648 3153 1689 3190 in
1713 3150 1904 3190 clausula
1925 3150 2041 3214 posi·-

1196 3217 1263 3247 tae
1286 3216 1386 3246 sunt
1408 3217 1453 3247 ut
1474 3221 1517 3261 p.
1530 3206 1627 3249 80C
1643 3203 1727 3248 καὶ
1748 3199 1878 3247 πάνυ
1899 3198 2039 3271 μάλα.

1253 3263 1571 3315 θανατῶσι]
1634 3263 1776 3304 Schol.
1817 3256 2041 3304 θανάτου

1198 3313 1506 3374 ἐπιθυμοῦσι
1550 3319 1670 3362 Conf.
1701 3319 1862 3360 dehoc
1891 3321 2041 3360 verbo-

1198 3390 1290 3416 rum
1313 3391 1467 3430 gene1e
1487 3378 1520 3417 Ι
1533 3377 1710 3418 obeck.
1733 3376 1787 3416 ad
1807 3375 1964 3429 Phryu.
1986 3377 2041 3417 80

1198 3446 1290 3486 sqq.
1313 3409 1412 3475 0Pro
1442 3426 1507 3476 οὗ
1547 3425 1865 3487 λελήθασιν
1897 3445 1920 3472 e
1948 3433 2039 3472 vul-

1198 3491 1286 3545 gari
1329 3491 1529 3543 loquendi
1558 3490 1864 3531 consuetudine
1894 3489 2040 3530 dicen—
