2158 3718
280 198 295 212 r
329 139 478 179 XXVI
954 136 1399 180 PROLEGOMENA

327 266 560 335 reliquas
604 266 870 322 orationes
919 286 1101 321 omnes
1145 266 1441 323 Alcibiadis
1487 268 1824 334 declamatio,
1875 289 2022 340 quae*

328 357 493 407 quum
529 337 738 402 ordine,
774 356 880 407 quo
917 338 1171 392 collocata
1207 348 1323 404 est,
1349 348 1462 392 tum
1497 339 1616 410 ipso
1653 340 1810 393 etiam
1846 359 2008 423 argu-

327 417 524 472 ment0,
561 409 705 478 quod
741 408 989 478 explicat,
1024 408 1254 479 maxime
1291 418 1373 464 est
1406 410 1654 481 insignis.
1691 410 1880 481 Itaque
1903 431 2011 464 lam

328 480 608 548 exquirere
643 479 805 543 iuvat,
842 478 972 547 quid
1007 478 1145 531 inter
1180 478 1316 533 hanc
1351 489 1507 549 atque
1539 479 1777 535 Socratis
1813 482 2010 536 oratio-

326 569 448 603 nem
481 549 775 603 intercedat
808 549 1236 603 necessitudinis.
1284 549 1372 604 De
1409 570 1515 620 qua
1548 571 1607 605 re
1642 552 1888 606 nolumus
1924 572 2010 606 re-

325 621 490 685 ferre,
530 638 790 690 quaenam
823 619 1062 673 virorum
1097 619 1523 674 doctissimorum
1572 622 1862 677 sententiae
1896 622 2012 677 fue-

326 692 448 744 rint.
483 691 727 743 Praestat
748 690 930 744 vitatis
955 689 1273 763 ambagibus
1311 692 1489 745 statim
1513 711 1843 763 expromere,
1882 693 2013 763 quid

324 781 423 815 nos
446 761 554 831 ipsi
580 761 888 815 sentiamus.
926 760 1189 815 Putamus
1213 770 1391 815 autem
1425 781 1543 816 eam
1578 783 1695 818 esse
1731 765 2013 833 utriusque

327 832 580 886 orationis
629 832 1077 896 coniunctionem,
1125 842 1187 885 ut
1229 833 1397 886 altera
1441 833 1662 887 alteram
1696 835 2012 904 pulcerrime

325 903 557 956 illustret
603 911 656 957 et
697 912 923 973 utraque
967 903 1038 956 ad
1082 922 1244 956 unam
1281 904 1608 972 eandemque
1645 923 1891 959 caussam
1925 925 2011 958 re-

321 974 540 1038 feratur,
567 975 650 1027 vita
685 974 919 1043 quidem,
955 982 1016 1026 ut
1053 981 1372 1039 concretum,
1409 975 1553 1044 quod
1586 974 1789 1039 dicunt,
1827 976 2012 1046 singu-

323 1045 422 1097 lari
459 1045 681 1099 artificio
726 1064 849 1099 cum
871 1044 874 1048 ’
897 1044 1162 1099 abstracto
1198 1064 1261 1098 ac
1295 1045 1436 1098 reale
1473 1064 1595 1099 cum
1628 1046 1789 1099 ideali
1825 1064 2014 1100 conso-

325 1116 510 1169 cietur.
547 1115 766 1169 Etenim
797 1115 942 1170 idem
975 1116 1064 1169 ille
1090 1114 1355 1180 SocrateS,
1393 1115 1483 1185 qui
1518 1117 1677 1170 modo
1712 1116 2015 1188 philosophi

323 1187 520 1240 amoris
565 1187 676 1240 vim
718 1195 1068 1256 naturamque
1113 1187 1350 1240 oratione
1395 1205 1492 1239 sua
1535 1187 1853 1256 pulcerrime
1889 1187 2012 1241 illu-

326 1257 528 1321 stravit,
564 1275 730 1327 quum
765 1277 863 1328 per
898 1265 1064 1312 totum
1099 1257 1322 1320 librum,
1360 1265 1474 1309 tum
1507 1257 1739 1310 maxime
1774 1257 1875 1311 hac
1910 1258 2016 1310 Al-

324 1327 546 1382 cibiadis
596 1328 835 1382 oratione
880 1338 1147 1398 tamquam
1190 1328 1456 1399 perfectus
1501 1337 1734 1391 amator,
1788 1328 1890 1382 hoc
1935 1337 2018 1382 est
2090 1344 2095 1351 ²

322 1408 596 1469 tamquam
634 1400 866 1470 sapiens,
917 1400 1069 1454 cuius
1104 1417 1254 1451 mens
1291 1407 1343 1451 et
1377 1399 1586 1451 animus
1624 1399 1692 1452 ab
1730 1399 1874 1452 omni
1910 1399 2012 1451 hu-

321 1470 434 1522 mili
470 1469 763 1540 cupiditate
800 1470 1004 1524 alienus
1040 1478 1093 1523 et
1127 1469 1197 1522 ad
1233 1468 1445 1522 divinae
1484 1469 1774 1540 sapientiae
1809 1489 1874 1522 ac
1903 1469 2014 1523 vir-

323 1541 453 1594 tutis
488 1540 884 1594 meditationem
929 1549 1087 1610 atque
1124 1539 1555 1593 exercitationem
1591 1558 1879 1593 conversus
1915 1549 2014 1604 est,

323 1611 717 1682 elegantissime
742 1611 1078 1675 describitur,
1115 1619 1176 1663 ut
1197 1610 1331 1662 illud
1353 1609 1548 1681 ipsum,
1575 1611 1718 1680 quod
1741 1609 2014 1664 Diotimae

323 1682 560 1736 oratione
597 1682 912 1753 explicatur,
947 1682 1120 1752 ipsius
1157 1681 1401 1752 exemplo
1438 1689 1492 1734 et
1525 1681 1760 1752 imagine
1797 1700 2014 1752 expres-

325 1773 442 1806 sum
479 1763 740 1807 cernatur.
787 1751 912 1820 Qua
945 1753 1163 1823 quidem
1197 1752 1256 1804 in
1291 1770 1349 1804 10
1387 1752 1714 1806 admirabilis
1751 1753 2015 1822 quaedam

321 1823 562 1877 Platonis
617 1842 704 1876 ars
758 1832 917 1894 atque
965 1822 1199 1877 sollertia
1245 1822 1442 1885 elucet,
1497 1823 1606 1891 qui,
1664 1824 1792 1876 dum
1846 1823 2014 1877 divini

322 1894 518 1948 amoris
553 1901 800 1949 naturam
842 1894 1095 1965 patefacit
1136 1902 1190 1946 et
1225 1893 1340 1946 eius
1376 1893 1711 1964 disciplinam
1747 1894 2017 1963 quandam

322 1965 508 2029 tradit,
557 1965 743 2019 eadem
786 1966 948 2037 opera
990 1964 1236 2037 magistri
1271 1963 1524 2017 virtutem
1560 1973 1720 2034 atque
1759 1965 2013 2018 sanctita-

322 2045 429 2089 tem
466 2036 536 2088 ad
611 2036 900 2090 osteritatis
946 2035 1256 2090 memoriam
1301 2035 1644 2088 consecravit.
1703 2034 1813 2089 Sed
1856 2035 2015 2088 nimi—

320 2126 441 2160 rum
483 2106 573 2178 ph·
599 2107 833 2189 osophus
878 2107 936 2159 in
980 2105 1226 2160 omnibus
1263 2105 1378 2159 fere
1413 2104 1565 2159 libris
1603 2106 1714 2160 suis
1749 2105 1851 2159 hoc
1888 2125 2017 2160 sane

321 2196 454 2231 usus
490 2186 572 2231 est
606 2178 848 2243 artlficio,
886 2186 947 2230 ut
983 2184 1418 2251 argumentorum
1455 2196 1522 2230 ex
1557 2176 1891 2248 philosophia
1920 2178 2014 2230 de-

322 2257 652 2320 promtorum
690 2249 1094 2319 explicationem
1134 2247 1463 2317 copulaverit
1486 2266 1609 2301 cum
1633 2267 1815 2301 earum
1837 2266 2018 2301 rerum

323 2320 664 2384 tractatione,
726 2339 861 2389 quae
914 2320 983 2372 ad
1025 2319 1199 2390 ipsius
1245 2318 1494 2387 aequales
1551 2318 1900 2389 inprimisque
1945 2319 2017 2371 ad

327 2388 607 2444 Socratem
667 2391 1022 2461 pertinerent,
1085 2390 1187 2443 hoc
1242 2389 1458 2460 quidem
1512 2389 1900 2455 moderamine,
1956 2398 2018 2442 ut

323 2461 602 2531 utriusque
656 2462 734 2514 rei
789 2461 1048 2533 expositio
1103 2460 1332 2514 eundem
1385 2459 1579 2513 habeat
1631 2461 1793 2514 finem
1847 2470 1900 2514 et
1947 2460 2017 2513 ad

322 2532 464 2585 idem
500 2532 835 2602 propositum
857 2533 1056 2586 redeat.
1095 2531 1259 2598 Quod
1282 2550 1504 2602 prorsus
1536 2531 1609 2584 ita
1631 2531 1830 2585 factum
1857 2531 2016 2584 etiam

324 2602 381 2654 in
407 2600 696 2672 Symposio
722 2611 822 2666 est,
859 2603 918 2655 in
954 2621 1059 2673 quo
1097 2615 1150 2656 et
1186 2620 1335 2655 amor
1370 2601 1670 2673 philosophi
1695 2601 2018 2656 describitur

325 2681 378 2724 et
413 2670 653 2725 Socratis
691 2682 959 2742 tamquam
994 2672 1296 2743 philosophi
1325 2672 1575 2725 amatoris
1613 2673 1784 2726 virtus
1820 2672 2014 2726 nobili-

326 2749 495 2806 tatur,
550 2743 827 2812 utriusque
881 2751 1059 2796 autem
1111 2741 1364 2794 materiae
1421 2743 1664 2796 tractatio
1712 2751 1820 2795 tam
1869 2752 2017 2796 arcto

324 2811 535 2864 vinculo
590 2813 840 2883 coUigata
892 2821 1002 2875 est,
1056 2821 1118 2865 ut
1159 2820 1282 2865 utra
1326 2811 1394 2864 sit
1443 2811 1616 2882 potior
1659 2812 1936 2884 magisque
1983 2831 2018 2865 a

324 2882 546 2935 Platone
582 2890 904 2952 respectata,
951 2881 1106 2936 facile
1151 2882 1328 2952 possis
1365 2882 1611 2937 dubitare
1647 2892 1806 2954 atque
1843 2882 2015 2937 ambi-

324 2971 468 3023 gere.
522 2952 625 3006 Est
668 2963 845 3006 autem
888 2971 1081 3024 operae
1125 2953 1358 3024 pretium
1394 2953 1606 3018 videre,
1658 2963 1858 3024 quanta
1894 2973 2015 3008 cum
2056 2947 2059 2956 ’

327 3023 587 3094 sapientia
623 3023 972 3094 philosophus
1015 3024 1154 3077 hanc
1197 3024 1497 3094 philosophi
1534 3025 1786 3079 amatoris
1821 3025 2014 3098 imagi-

326 3114 447 3148 nem
482 3094 908 3160 adumbraverit,
945 3095 1090 3165 quod
1127 3095 1342 3164 quidem
1366 3115 1586 3166 prorsus
1611 3097 1680 3149 ad
1704 3096 1878 3167 ipsam
1902 3115 2028 3150 rem

328 3166 723 3220 accommodate
759 3166 949 3219 fecisse
987 3166 1371 3220 existimandus
1409 3176 1503 3220 cst.
1545 3227 1554 3234 ,

398 3236 611 3290 Etenim
647 3238 916 3306 perfectus
953 3246 1155 3291 amator
1191 3237 1290 3291 etsi
1329 3256 1395 3290 ex
1419 3238 1658 3292 Platonis
1688 3245 1864 3291 mente
1888 3237 2014 3290 item

328 3316 405 3360 ost
453 3309 715 3378 perfectus
763 3307 1123 3380 philosophus,
1173 3317 1346 3363 tamon
1392 3308 1804 3380 prudentissime
1841 3306 2011 3379 philo-
