2158 3718
200 475 202 477 >
278 469 394 518 τες,
446 447 474 503 ὁ
514 449 713 517 Κέβης.

283 138 384 191 180
1006 134 1324 181 PLATONIS

607 275 788 347 ὥςπερ
836 276 895 329 οἱ
935 278 1204 345 φίλαρχοί
1246 295 1306 329 τε
1354 276 1447 328 καὶ
1494 273 1803 344 φιλότιμοι,
1860 275 2047 328 ἔπειτα

280 361 583 433 ἀπέχονται
621 359 827 415 αύτῶν.
907 358 991 414 Ού
1026 358 1136 430 γάρ
1175 358 1246 414 ἂν
1282 360 1513 430 πρέποι,
1552 362 1687 429 ἔφη,
1726 351 1770 412 ὦ
1809 358 2047 429 Σώκρα-

793 444 878 500 Οὐ
925 447 1114 516 μέντοι
1150 443 1225 515 μοὶ
1261 447 1403 515 Δία,
1448 438 1484 515 ἦ
1523 444 1575 498 δ’
1615 443 1692 509 ὅς.
1767 443 2050 516 τοιγάρτοι

278 533 497 596 τούτοις
542 532 645 603 μὲν
684 531 919 600 ἅπασιν,
963 523 1009 583 ὦ
1045 529 1254 600 Κέβης,
1295 532 1518 600 ἐκεῖνοι,
1557 522 1642 594 οἷς
1677 549 1730 583 τι
1766 530 1919 600 μέλει
1953 532 2050 598 τῆς

279 618 494 673 ἑαυτῶν
542 620 750 686 ψυχῆς,
799 613 941 670 ἄλλα
977 613 1051 684 μὴ
1099 615 1326 685 σώματα
1361 616 1694 679 πλάττοντες
1730 619 1888 684 ζῶσι,
1928 616 2050 683 χαί-

281 723 401 774 ρειν
441 701 690 764 εἰπόντες
728 697 797 754 ού
833 698 974 754 κατα
1007 698 1184 754 ταύτὰ
1221 699 1558 772 πορεύονται
1595 699 1803 770 αὐτοῖς,
1842 696 1918 763 ὦς
1943 698 2048 753 οὐκ

279 780 492 841 εἰδόσιν
530 785 639 857 ὅπῃ
678 788 953 856 ἔρχονται,
994 783 1153 839 αὐτοὶ
1191 785 1254 840 δὲ
1288 784 1591 856 ἡγούμενοι
1617 785 1684 840 ού
1723 786 1842 839 δεῖν
1882 786 2049 839 ε’ναν-

276 875 367 926 τία
403 876 471 942 τῇ
511 874 821 943 φιλοσοφίᾳ
858 871 1125 975 πράττειν
1161 871 1256 924 καὶ
1291 875 1370 942 τῇ
1401 872 1616 941 ἐκείνης
1662 871 1822 924 λύσει
1858 890 1918 923 τε
1954 871 2051 924 καὶ

279 960 553 1027 καθαρμῷ
600 957 775 1027 ταύτῃ
823 957 1148 1026 τρέπονται,
1207 956 1394 1027 ἐκείνῃ
1443 955 1730 1026 επόμενοι,
1778 946 1816 1026 ᾗ
1863 955 2049 1045 ἐκείνη

246 1043 253 1047 ’
277 1038 593 1111 ύφηγειται.

419 1130 532 1196 Cap.
573 1130 785 1180 XXXIII.
862 1131 1023 1194 Πῶς,
1076 1121 1120 1179 ω’
1169 1126 1491 1196 Σώκρατεςς
1545 1124 1679 1194 Ἐγιὸ
1733 1126 1870 1197 ἐρῶ,
1920 1126 2046 1195 ἔφη.

225 1215 227 1218 ’
276 1212 658 1280 γιγνώσκουσι
694 1211 832 1281 γάρ,
881 1203 918 1280 ἦ
943 1209 1009 1276 ιδ’
1050 1209 1139 1280 ὅς,
1179 1212 1237 1264 οὗ
1271 1214 1633 1281 φιλομαθεῖς,
1674 1208 1758 1264 ὅτι
1795 1214 2046 1281 παραλα-

279 264 550 347 δεδιότες,

389 1371 437 1412 D.
469 1363 713 1422 ἅπασιν,
747 1357 781 1412 ὦ
810 1368 886 1424 Κ.]
916 1365 1009 1424 ἔφη
1031 1370 1159 1424 vulgo
1183 1378 1279 1424 post
1300 1362 1480 1412 ἅπασιν
1499 1371 1688 1424 positum
1719 1382 1800 1414 om.
1822 1370 1918 1412 Vat.
1939 1371 2050 1412 Ven.

279 1427 329 1470 H
345 1429 452 1469 Tub.
475 1435 515 1468 et
535 1441 601 1482 pr.
622 1428 740 1469 Bodl.
782 1428 1024 1468 Delevimus
1047 1434 1093 1468 ut
1125 1428 1323 1480 otiosum,
1355 1429 1468 1480 quod
1490 1428 1612 1468 facile
1640 1428 1778 1481 potuit
1807 1440 1859 1468 ex
1886 1428 2050 1481 glosse-

276 1494 387 1526 mate
416 1498 614 1551 ῙΓΓΘΡΕΥΘ.

389 1553 622 1607 σωματα
662 1534 1034 1606 πλάττοντες]
1074 1541 1195 1584 Bodl.
1216 1554 1241 1581 a
1268 1554 1333 1595 pr.
1355 1554 1412 1582 m.
1444 1550 1485 1582 et
1511 1542 1618 1585 Ven.
1643 1541 1821 1584 HTub.
1850 1534 2047 1593 σώματι.

275 1597 498 1639 Fischerus
520 1599 627 1638 coni.
652 1591 784 1652 σῶμά
813 1612 882 1651 τι,
917 1599 1031 1648 quod
1051 1599 1485 1642 Turico,edide1unt.

1526 1599 1606 1640 Ριο
1629 1590 1811 1640 ἑαυτῶν
1831 1604 1912 1652 nn,
1935 1598 2049 1650 quod

275 1656 453 1696 debetm
474 1630 908 1706 Bodl.Tub.1amb1’.,
934 1655 1059 1708 vulgo
1084 1664 1148 1696 est
1169 1648 1328 1697 αντῶν
1348 1662 1400 1708 ψ.

332 1782 383 1826 D
416 1778 648 1835 σώματα
677 1775 1032 1831 πλάττοντες
1066 1781 1120 1834 ζ.]

276 1839 430 1887 Locus,
454 1846 500 1878 ut
522 1839 703 1890 videtur,
735 1848 974 1892 corruptus.
1018 1839 1121 1879 Nam

280 1894 415 1949 σῶμα
436 1888 659 1936 πλάττειν
682 1896 764 1935 etsi
785 1904 901 1934 lecte
923 1897 1003 1936 diei
1023 1909 1121 1950 pos-

276 1960 377 1992 sunt
403 1953 453 2000 ii,
483 1953 556 2003 qui
592 1964 749 2005 corpus
784 1952 1008 1993 altificiose
1042 1952 1124 1992 fin-

277 2017 398 2062 gunt,
411 2009 612 2060 formant,
634 2009 790 2060 colunt,
812 2008 1024 2062 (v.Wytt
1035 2023 1094 2049 en
1105 2033 1123 2038 —

277 2065 427 2109 bach.
458 2066 512 2106 ad
540 2065 647 2105 Plut.
680 2066 826 2107 Moral.
855 2079 900 2118 p.
922 2068 948 2107 3
968 2067 1036 2117 E),
1059 2074 1123 2105 ta-

278 2135 376 2162 men
402 2123 501 2162 'non
542 2131 656 2162 reete
695 2122 757 2161 illi
792 2122 1007 2173 dicuntur,
1051 2123 1122 2174 qui

277 2180 447 2233 corpori
485 2179 725 2219 inserviunt
772 2180 948 2230 eiusque
997 2192 1122 2218 curae

274 2237 457 2276 molliter
496 2242 597 2277 sunt
634 2236 782 2276 dediti.
824 2235 938 2275 Libii
975 2237 1122 2289 optimi

277 2286 471 2358 σώματι,
502 2293 616 2334 unde
636 2292 857 2333 ΕἰεΟΙιοι
868 2306 927 2332 us
948 2294 1122 2332 extudit

276 2343 409 2403 σῶμά
430 2363 500 2403 τι,
531 2358 577 2390 ut
599 2350 730 2390 veiba
759 2342 891 2403 σῶμά
913 2363 959 2390 τι
978 2343 1120 2390 πλάτ-

275 2419 436 2455 τοντες
468 2405 578 2457 ζῶσι
607 2407 914 2459 responderent
941 2407 1025 2447 illis
1047 2402 1120 2454 οἷς

275 2477 319 2503 τι
347 2459 478 2517 μέλει
505 2462 593 2516 τῆς
625 2461 801 2516 ψυχῆς,
833 2463 960 2514 idque
984 2476 1120 2528 nupe1

275 2522 569 2574 piobavelunt
604 2521 874 2560 Turieenses.
919 2519 1004 2560 Sed
1039 2521 1120 2560 isto

276 2585 401 2630 pacto
412 2577 494 2616 loei
508 2576 781 2616 difficultates
794 2576 1119 2628 haudquaquam

278 2633 469 2673 sublatae
491 2642 605 2673 sunt.
650 2633 884 2673 Censemus
908 2633 1118 2699 iefingen-

276 2690 379 2729 dum
401 2702 518 2730 esse:
559 2683 681 2730 άλλά
712 2682 777 2742 μὴ
809 2688 965 2742 σῶμα
994 2683 1117 2729 άτι-

277 2739 595 2793 τάλλοντες
636 2744 762 2798 ζῶσι,
803 2758 1009 2810 quolsum
1050 2746 1114 2784 vel

277 2809 474 2854 corrupta
494 2802 697 2843 librorum
714 2802 920 2855 scriptura
938 2796 1117 2855 σώματι

275 2859 491 2923 pmdueit,
534 2859 784 2912 p1aese1tim
815 2871 909 2897 cum
944 2858 1118 2911 pluralis

277 2908 470 2968 σώματα
530 2927 680 2968 palum
735 2921 861 2968 aptus
910 2916 1118 2956 videatui.

274 2971 544 3014 Vocabulum
572 2972 805 3025 poeticum,
837 2972 919 3011 iam
949 2973 1001 3012 ab
1032 2973 1117 3013 Ho-

276 3041 393 3068 melo
416 3028 685 3079 celebratum,
707 3029 759 3067 ad
778 3028 995 3068 delicatam
1014 3030 1115 3069 mol—

277 3086 448 3136 lemque
475 3086 664 3139 corpoiis
695 3098 838 3125 culam
863 3093 901 3124 et
924 3087 1115 3126 munitio-

278 3155 374 3182 nem
403 3143 707 3196 designandam
741 3142 921 3193 eleg·u1ti
950 3144 1116 3183 delectu

276 3198 521 3239 adhibitum.
563 3222 616 3227 —
650 3198 883 3252 χαίρειν
923 3195 1118 3241 εἰπόν-

277 3268 392 3309 τες,
424 3269 519 3296 non
553 3269 641 3295 cui
654 3262 823 3307 antes,
861 3269 983 3309 spei
996 3270 1119 3297 nen-

276 3318 355 3353 tes
378 3318 426 3353 et
448 3319 861 3355 contemnentes.

334 3364 721 3424 Cap.XXX111.oi
735 3369 1115 3423 φιλομαθεῖς]

277 3427 699 3479 „Animadvextenda
719 3435 782 3466 est
798 3427 861 3467 vis
880 3434 918 3466 et
936 3440 1114 3467 consue-

276 3484 377 3524 tudo
409 3485 623 3524 nominum
657 3478 936 3537 φιλομαθής
968 3494 1007 3524 ιι
1037 3498 1114 3538 φι-

1211 1776 1427 1835 λόσοφος,
1451 1795 1559 1835 quae
1581 1783 1759 1823 subinde
1779 1782 1893 1823 idem
1915 1783 2045 1836 signi·

1209 1840 1366 1890 fleant,
1392 1853 1487 1879 cum
1517 1832 1799 1905 φιλομαθής
1820 1840 1874 1879 sit
1893 1852 2046 1905 genus,

1210 1870 1474 1962 φιλόσοφος
1504 1898 1692 1950 speeies;
1734 1897 1871 1937 omnis
1911 1890 2048 1949 φιλό-

1211 1965 1358 2006 σοφος
1380 1955 1434 1994 sit
1456 1946 1763 2019 φιλομαθής,
1774 1960 1816 1992 at
1837 1965 1921 1994 non
1944 1965 2047 1993 con-

1210 2019 1274 2050 tra
1325 2012 1460 2050 omnis
1509 2003 1788 2064 φιλομαθής
1842 2010 1952 2050 idem
1994 2010 2049 2050 sit

1212 2060 1488 2120 φιλόσοφος.
1530 2068 1663 2116 Quam
1700 2067 2046 2107 consuetudinem

1211 2123 1354 2164 Cicero
1377 2132 1547 2164 secutus
1570 2124 1767 2175 frequens
1789 2124 1976 2164 doctos
2007 2130 2047 2162 et

1209 2181 1555 2223 doctissimos
1587 2193 1662 2234 pro
1703 2178 2050 2248 philosophis

1209 2237 1328 2276 dixit
1369 2238 1536 2277 Platoni
1558 2237 1786 2277 Phaedone
1806 2250 1849 2291 p.
1872 2238 1926 2278 67
1947 2236 1979 2276 Β
2001 2229 2050 2277 οἴ

1207 2286 1364 2346 ορθῶς
1382 2295 1677 2348 φιλομαθεῖς
1697 2300 1795 2334 sunt
1815 2293 2044 2347 philoso-

1206 2350 1315 2403 phi:
1329 2351 1490 2404 idemp.
1495 2352 1599 2392 83E.
1610 2352 1672 2391 De
1683 2351 1786 2403 Rep.
1791 2351 1849 2392 V.
1858 2363 1900 2404 Ρ.
1911 2350 2043 2398 475Ε,

1207 2419 1288 2458 quo
1311 2408 1489 2475 pertinet
1510 2408 1646 2448 Procli
1669 2407 1869 2456 Quaestio
1899 2419 1942 2461 Ρ.
1963 2407 2046 2447 422

1207 2463 1279 2511 τίς
1305 2478 1338 2530 η
1356 2479 1447 2506 των
1469 2458 1749 2517 φιλοσόφων
1769 2461 2046 2518 φιλομαθία

1207 2518 1290 2561 καὶ
1311 2514 1341 2574 ἡ
1364 2520 1456 2562 τῶν
1476 2520 1683 2568 πολλῶνς
1707 2521 1768 2560 De
1788 2521 1894 2573 Rep.
1907 2520 1980 2562 IX.
2002 2531 2044 2572 Ρ.

1208 2578 1288 2618 581
1311 2578 1344 2617 Β
1375 2578 1428 2616 de
1450 2579 1610 2629 optimo
1637 2589 1791 2630 genere
1810 2576 2045 2629 hominum,

1208 2633 1321 2684 quod
1343 2632 1624 2685 φιλοκερδεῖ
1637 2609 1690 2673 oet
1711 2632 1945 2701 φιλοτίμῳ
1968 2646 2045 2699 op-

1204 2690 1390 2742 ponium,
1421 2685 1690 2743 φιλομαθὲς
1721 2685 1775 2731 ὁε
1805 2687 1888 2731 καὶ
1905 2683 2046 2756 φιλό-

1205 2756 1369 2810 σοφον
1376 2744 1636 2794 καλοῦντες
1658 2738 1774 2787 αὐτὸ
1797 2740 1921 2788 κατὰ
1942 2740 2044 2800 τρό-

1203 2815 1295 2843 πον
1338 2793 1399 2844 ὂίν
1422 2803 1677 2870 καλοῖμεν.
1730 2804 1801 2845 VI
1833 2816 1874 2857 p.
1902 2805 1987 2845 485
2006 2804 2045 2844 A

1205 2858 1344 2899 τοῦτο
1384 2873 1471 2912 μεν
1511 2852 1592 2926 δὴ
1624 2859 1716 2901 τῶν
1766 2853 2045 2930 φιλοσόφων

1205 2908 1395 2982 φύσεων
1423 2913 1530 2981 πέρι
1561 2910 1744 2985 ὦμολογ
1781 2916 1884 2958 σθω
1912 2919 2044 2984 ημῖνᾶ

1203 2987 1278 3013 οτι
1307 2966 1597 3038 μαθήματός
1626 2987 1679 3028 γε
1707 2931 1785 3016 ocg-
1814 2966 2042 3040 ἕρῶσιν,ο

1205 3020 1265 3071 ἂν
1286 3022 1452 3078 αὐτοῖς
1472 3029 1620 3097 δηλοῖ
1643 3024 1828 3085 ἐκείνης
1857 3029 1941 3099 τῇς
1963 3022 2043 3072 οὗ·

1203 3086 1310 3134 σίας
1319 3086 1423 3153 τῆς
1453 3081 1529 3128 άεὶ
1562 3079 1707 3154 οὔσης
1735 3084 1902 3141 καὶμὴ
1924 3087 2043 3129 πλα-

1205 3139 1417 3198 νωμένης
1439 3137 1531 3185 ὑπὸ
1563 3156 1789 3198 γενεσεως
1810 3141 1894 3186 καὶ
1916 3145 2042 3210 φθο-

1204 3199 1303 3254 ρᾶς.
1327 3201 1385 3241 De
1407 3202 1513 3254 Rep.
1531 3202 1601 3243 VI.
1608 3215 1667 3276 Ρ.
1692 3202 1819 3242 49οΑ
1844 3193 1872 3242 δ’
1891 3214 1943 3255 γε
1964 3193 2042 3242 ὅν-

1205 3272 1292 3306 τως
1306 3251 1619 3323 ‹ptkofmaeffn'gf
1626 3256 2040 3298 ‘WYTTENBACH.

1259 3315 1305 3354 E.
1348 3328 1439 3355 οτι
1479 3312 1899 3378 παραλαβοῦσα
1939 3305 2042 3355 αύ-

1204 3370 1310 3413 τῶν
1334 3386 1371 3412 τ.
1395 3367 1468 3426 ψ]
1507 3363 1913 3436 Παραλαμβάνειν
1935 3371 2041 3412 dici-

1204 3436 1270 3468 ιιιι
1293 3429 1347 3469 de
1370 3429 1594 3469 omnibus
1586 3429 1653 3480 ns,
1679 3428 1749 3479 qui
1771 3428 1952 3479 aliquem
1974 3441 2040 3469 ac-

1203 3486 1364 3539 cipiunt
1394 3485 1717 3536 instituendum,
1751 3485 2038 3535 erudiendum,
