2222 3762
462 154 494 202 4
928 145 1541 203 PROLEGOMENA
1582 146 1690 199 AD

457 310 615 344 nemo
654 289 812 344 facile
851 288 1100 343 dubitare
1137 287 1375 360 poterit,
1415 288 1548 358 quin
1580 287 1637 340 in
1673 287 2155 358 praestantissimis

457 361 799 431 antiquitatis
860 358 1129 414 Graecae.
1166 359 1531 413 monumentis
1590 356 1844 412 habenda
1905 358 2008 427 sit,
2073 366 2154 426 ut,

458 432 670 486 etiamsi
708 431 895 502 copias
935 430 1236 500 sapientiae
1273 429 1590 483 Platonicae
1637 430 1939 501 peculiares
1977 429 2155 483 nullas

456 522 627 575 prope
686 502 908 571 offerat,
975 510 1157 554 tamen
1215 519 1413 554 nomen
1474 501 1720 554 Platonis
1787 519 1896 554 non
1958 499 2157 554 iniuria

454 593 584 646 prae
623 593 681 627 se
720 575 861 626 serre
887 572 1152 628 videatur.
1210 570 1395 638 Quum
1422 572 1564 625 enim
1588 571 1952 643 philosophus
1982 571 2155 624 Athe-

453 645 657 699 niensis
705 644 761 698 in
811 643 1027 714 scriptis
1075 643 1299 712 reliquis
1352 644 1600 697 omnibus
1651 662 1802 696 suam
1847 643 2019 714 ipsius
2057 641 2154 695 do-

456 717 684 770 ctrinam
732 733 1001 784 suumque
1059 714 1371 786 ingenium,
1425 713 1547 767 unis
1598 714 1876 785 Legibus,
1929 713 2153 767 Timaeo

454 794 510 840 et
548 785 722 840 Critia
758 785 1032 856 exceptis,
1085 785 1185 838 sub
1225 783 1470 839 Socratis
1508 785 1725 838 nomine
1762 783 2064 856 prodiderit
2100 792 2155 837 et

452 858 512 909 in
567 856 705 910 lucis
752 856 1003 927 publicae
1052 856 1422 910 celebritatem
1473 855 1752 923 eduxerit,
1802 863 1918 910 tum
1956 855 2153 911 hocin

450 928 590 982 libro
653 928 834 998 ipsum
896 926 1179 983 Socratem
1250 927 1320 980 ad
1406 927 1548 980 vitae
1608 927 1893 980 veritatem
1949 925 2154 980 descri-

452 1007 608 1070 ptum
655 997 916 1071 produxit
965 999 1023 1052 in
1071 998 1341 1067 medium,
1400 1006 1460 1051 ut
1521 1018 1632 1051 non
1697 996 1860 1051 modo
1921 1004 2153 1051 testare-

451 1079 570 1139 tur,
612 1070 787 1141 qualis
825 1069 916 1124 ille
952 1070 1169 1124 sibimet
1202 1070 1310 1140 ipsi
1346 1069 1495 1123 visus
1535 1077 1708 1137 esset,
1763 1088 1952 1121 verum
1990 1068 2152 1122 etiam

452 1142 632 1212 palam
667 1142 900 1211 faceret,
952 1160 1116 1212 quam
1163 1140 1426 1195 iniustum
1460 1140 1654 1194 fuisset
1699 1139 1991 1208 iudicium,
2043 1159 2150 1210 quo

452 1214 519 1267 ab
568 1212 995 1270 Atheniensibus
1044 1212 1240 1284 capitis
1301 1219 1448 1266 esset
1505 1211 1920 1266 condemnatus,
2005 1210 2152 1265 Nam

453 1283 522 1337 de
556 1283 785 1337 consilio
825 1284 872 1336 si
911 1284 1223 1354 quaeritur,
1271 1282 1422 1353 quod
1459 1283 1690 1353 scriptor
1726 1283 1781 1335 in
1819 1282 2149 1335 elaborando

450 1354 760 1427 Apologiae
796 1355 979 1409 libello
1017 1362 1281 1424 sequutus
1322 1355 1420 1423 sit,
1472 1362 1793 1426 argumento
1844 1354 2024 1425 operis
2061 1353 2149 1406 vel

449 1426 642 1480 leviter
679 1425 1023 1480 considerato
1061 1445 1218 1479 nemo
1269 1434 1418 1479 certe
1468 1433 1666 1479 temere
1720 1424 1921 1478 dubius
1958 1424 2150 1478 haere-

450 1498 560 1566 bit,
602 1516 861 1566 quorsum
898 1495 1032 1550 illud
1072 1496 1305 1566 denique
1334 1497 1621 1568 pertineat.
1694 1495 1968 1550 Produxit
2006 1496 2148 1549 enim

449 1568 507 1621 in
554 1568 656 1622 hoc
703 1569 842 1622 libro
891 1567 1205 1637 Socratem,
1274 1569 1591 1640 magistrum
1653 1587 1838 1637 suum,
1897 1585 2148 1621 caussam

449 1658 601 1693 suam
637 1639 694 1692 in
730 1639 934 1693 iudicio
970 1641 1049 1693 ita
1087 1648 1358 1707 orantem,
1406 1648 1469 1692 ut
1517 1659 1583 1692 ex
1615 1639 1791 1709 ipsius
1829 1637 2146 1692 defensione

447 1711 609 1782 plane
645 1710 745 1764 fiat
777 1711 1154 1783 perspicuum,
1208 1710 1390 1781 qualia
1436 1711 1640 1764 fuerint
1686 1710 1833 1763 illius
1872 1709 2055 1762 studia
2095 1718 2148 1763 et

445 1781 669 1835 vivendi
717 1782 980 1850 consilia,
1037 1801 1286 1852 quaeque
1344 1801 1468 1835 cum
1515 1782 1742 1851 privatis
1803 1787 1858 1834 et
1909 1780 2145 1851 publicis

446 1853 706 1924 temporis
743 1854 828 1907 sui
862 1854 1166 1908 rationibus
1201 1853 1660 1920 necessitudines,
1698 1851 2143 1922 quandoquidem

448 1942 569 1976 eum
615 1924 693 1977 ita
731 1923 1002 1978 dicentem
1039 1925 1194 1994 fecit,
1251 1932 1314 1977 ut
1363 1924 1496 1995 quid
1533 1921 1976 1995 philosophando
2016 1942 2144 1996 ege-

445 1995 546 2062 rit,
598 1994 728 2065 quid
783 1994 850 2048 de
899 1995 1053 2049 cultu
1103 2004 1158 2050 et
1204 1997 1553 2049 veneratione
1610 1995 1838 2048 deorum
1883 1995 2139 2064 senserit,

445 2065 580 2136 quid
629 2065 699 2119 ad
746 2066 949 2120 civium
997 2086 1217 2121 suorum
1278 2086 1457 2127 mores
1507 2065 1877 2120 emendandos
1926 2065 2144 2120 duxerit

441 2137 838 2206 necessarium,
889 2137 1166 2207 quodnam
1215 2138 1320 2192 sibi
1366 2139 1474 2209 ipsi
1510 2157 1704 2191 munus
1743 2136 2006 2192 divinitus
2041 2137 2141 2191 im-

440 2209 681 2280 positum
730 2227 848 2262 esse
891 2209 1195 2279 putaverit,
1248 2208 1488 2279 denique
1541 2229 1637 2263 cur
1685 2209 1740 2261 in
1785 2208 2140 2278 plurimorum

441 2279 748 2350 aequalium
782 2279 1045 2333 invidiam
1084 2288 1250 2350 atque
1301 2280 1486 2334 odium
1522 2279 1810 2334 incurrerit
1845 2287 1898 2332 et
1933 2278 2140 2334 iudicio

438 2352 574 2423 ipsis
611 2351 1045 2405 Atheniensibus
1095 2350 1330 2421 denique
1370 2351 1703 2423 poenitendo
1742 2350 1810 2404 de
1848 2349 2026 2404 medio
2065 2350 2140 2404 sit

439 2421 722 2489 sublatuS,
774 2422 1071 2476 clarissime
1123 2422 1490 2494 intelligatur,
1550 2430 1780 2491 totaque
1831 2422 2134 2493 scriptione

436 2493 579 2546 lecta
618 2499 782 2562 atque
817 2493 1042 2566 cognita
1062 2493 1353 2564 imaginem
1377 2492 1623 2547 Socratis
1645 2493 1716 2544 ad
1740 2491 1923 2546 vivum
1947 2492 2137 2546 adum-

437 2564 650 2616 bratam
712 2574 878 2632 atque
938 2563 1266 2635 descriptam
1318 2564 1518 2617 intueri
1572 2563 1869 2616 videamur.
1969 2562 2136 2631 Quod

439 2633 658 2703 quidem
697 2634 989 2688 artificiose
1027 2633 1382 2706 sollerterque
1433 2636 1512 2688 ita
1548 2635 1811 2703 instituit,
1860 2642 1922 2688 ut
1971 2654 2135 2704 quam

436 2705 516 2757 illi
554 2705 743 2759 tribuit
780 2705 1110 2774 orationem,
1152 2725 1269 2759 eam
1306 2706 1467 2761 simul
1502 2706 1668 2760 etiam
1705 2705 2005 2761 ostenderit
2040 2726 2133 2760 ve-

434 2794 526 2829 rae
575 2776 948 2845 eloquentiae,
998 2776 1326 2847 philosopho
1376 2777 1607 2849 dignae,
1656 2796 1776 2831 esse
1825 2777 2132 2850 exemplum

438 2845 745 2916 quoddam,
787 2866 925 2919 quae
963 2867 1140 2917 neque
1177 2848 1429 2902 inanibus
1467 2848 1686 2902 dicendi
1723 2848 1968 2902 artificiis
2007 2856 2129 2902 uta-

432 2926 523 2970 tur
559 2936 737 2988 neque
777 2937 809 2971 a
845 2937 1023 2972 rerum
1059 2919 1290 2973 veritate
1327 2919 1439 2973 ullo
1482 2919 1644 2973 modo
1685 2920 1990 2988 abhorreat,
2030 2919 2130 2974 sed

432 2996 735 3042 sustentata
784 2989 1045 3043 acerrimo
1095 2989 1278 3044 studio
1315 2991 1558 3044 veritatis
1597 2991 1664 3045 ab
1703 2992 1880 3045 animo
1914 2991 2127 3064 sapien-

430 3059 538 3112 tiae
589 3060 783 3131 opibus
836 3060 1043 3115 munito
1093 3069 1148 3114 et
1192 3061 1329 3115 recti
1373 3062 1597 3132 verique
1645 3062 1982 3117 conscientia
2032 3062 2126 3115 fir-

433 3141 581 3184 mato
628 3131 738 3183 vim
786 3150 850 3184 ac
899 3133 1065 3185 robur
1111 3151 1267 3186 suum
1305 3133 1553 3204 accipiat.
1626 3133 1803 3187 Hoci
1848 3133 1956 3186 itur
1989 3132 2126 3186 illud

429 3208 528 3270 est,
570 3201 717 3271 quod
755 3202 859 3256 scri
902 3210 987 3256 tor
1021 3204 1328 3276 Apologiae
1365 3205 1724 3259 consideratis
1758 3223 1814 3257 re
1854 3222 1918 3258 us
1951 3204 2124 3257 omni-

427 3273 532 3326 bus
571 3271 628 3326 in
667 3292 831 3344 opere
885 3293 974 3328 mc
1011 3273 1387 3345 componendo
1427 3283 1590 3347 atque
1627 3274 1960 3331 elaborando
1999 3293 2123 3346 spe-

431 3343 664 3398 ctavisse
702 3344 1093 3401 existimandus
1131 3353 1230 3399 est.
1305 3345 1471 3413 Quod
1509 3355 1654 3401 certe
1691 3346 1882 3402 merito
1913 3344 2121 3401 iudica-
