2158 3718
633 218 928 275 CRITO.
968 218 1030 271 P.
1071 217 1155 270 54.
1201 214 1282 272 St.
1715 214 1816 265 251

125 369 218 425 ὑπ’
271 365 628 442 ἀνθρώπων·
689 363 788 420 ἐὰν
846 368 901 421 δὲ
948 365 1176 441 ἐξέλθῃς
1221 360 1396 426 οὕτως
1440 364 1675 432 αἰσχρῶς
1718 360 1819 413 άν-

124 453 424 521 ταδικήσας
466 473 523 506 τε
568 454 657 504 καὶ
702 447 1245 521 ἀντικακουργήσας,
1293 444 1395 511 τὰς
1434 448 1642 501 σαυτοῦ
1688 442 1822 515 ὀμο-

124 543 310 609 λογίας
354 558 410 592 τε
455 539 546 592 καὶ
591 533 881 602 ξυνθήκας
926 531 1029 598 τὰς
1071 531 1211 606 πρὸς
1245 530 1392 601 ἡμᾶς
1421 527 1683 601 παραβὰς
1729 533 1821 582 καὶ

125 620 266 677 κακὰ
311 618 682 693 ἐργασάμενος
726 619 989 684 τούτους,
1033 614 1131 681 οὓς
1173 615 1370 685 ἥκιστα
1419 619 1552 677 ἔδει,
1611 611 1820 668 σαυτόν

124 728 182 761 τε
224 709 316 760 καὶ
363 709 559 780 φίλους
618 706 710 758 καὶ
754 707 996 773 πατρίδα
1040 705 1132 756 *aaz
1177 701 1355 771 ἡμᾶς.
1414 698 1568 771 ἡμεῖς
1620 703 1677 752 τέ
1733 717 1820 752 σοι

118 792 537 861 χαλεπανοῦμεν
581 790 755 857 ζῶντι,
799 791 890 843 καὶ
933 794 1038 842 ἐκεῖ
1085 793 1137 841 οἱ
1179 783 1433 857 ἡμέτεροι
1476 783 1725 859 ἀδελφοί,
1769 788 1819 837 οἱ

123 881 181 930 ἐν
213 872 409 930 ’Ἅιδου
454 873 647 945 νόμοι,
691 871 791 927 οὐκ
835 870 1070 942 εὐμενῶς
1115 889 1172 926 σε
1216 868 1610 936 ὑποδέξονται,
1683 863 1821 922 εἰδό-

125 981 239 1024 τες,
293 956 381 1014 ὅτι
435 981 527 1014 και
580 957 727 1026 ἡμᾶς
783 960 1129 1026 ἐπεχείρησας
1171 954 1434 1009 ἀπολέσαι
1481 951 1543 1007 τὸ
1590 949 1691 1006 σὸν
1733 957 1822 1021 μέ,

124 1065 236 1144 ρος.
270 1040 414 1097 ἀλλὰ
457 1042 533 1113 μή
579 1062 635 1096 σε
681 1043 837 1116 πείσῃ
886 1041 1109 1109 Κρίτων
1142 1049 1320 1093 ποιεῖν
1358 1035 1392 1091 ἃ
1433 1040 1521 1106 λέ)
1526 1058 1566 1091 ει
1608 1039 1822 1105 μᾶλλον

126 1124 158 1194 ἢ
199 1124 367 1198 ἡμεῖς

245 1207 384 1287 Cap.
431 1206 627 1265 XVII.
724 1208 952 1272 lafita,
998 1231 1036 1260 ω
1085 1210 1207 1281 φίλε
1252 1211 1431 1275 ἑταῖρε
1477 1206 1715 1277 Κρίτων,
1761 1225 1817 1258 ευ

126 1295 252 1350 ἰ’σθί
296 1291 383 1349 ὅτι
427 1294 526 1364 ἐγώ
577 1295 714 1350 δοκῶ
758 1291 1008 1371 ἀκούειν·
1054 1289 1227 1363 ὥςπερ
1273 1294 1326 1345 οἱ
1351 1290 1819 1360 κορυβαντιῶντες

1011 1199 1034 1222 q

127 1495 368 1541 commate,
410 1494 510 1543 post
546 1486 796 1539 ἐπιτηδείων
833 1500 868 1526 ε
858 1486 945 1525 'ma
987 1483 1276 1536 interrogandi
1308 1484 1428 1536 signo
1462 1481 1823 1535 distinguebatur,

124 1546 237 1599 quod
271 1552 508 1599 praeeunte
542 1545 870 1586 Buttmanno
903 1544 1177 1585 mutavimus.

239 1603 348 1658 Cap.
377 1604 500 1645 le.

562 1604 610 1646 B.
671 1599 848 1643 πάντα
879 1617 1059 1641 ταυτα
1091 1599 1336 1653 a’noloij
1380 1598 1505 1639 Bod!
1539 1596 1650 1639 Tul).
1683 1594 1824 1636 πάντα

126 1667 280 1705 ταῦτα.
341 1664 485 1715 Vulgo
518 1667 610 1702 erat
639 1665 782 1701 ταῦτα
813 1658 967 1700 πάντα.
999 1658 1111 1700 conf.
1144 1672 1181 1711 p.
1221 1657 1293 1701 46
1333 1662 1379 1697 Α·

127 1803 354 1844 Phaedon.
387 1817 426 1857 p.
447 1800 516 1847 98.
538 1800 587 1841 Ε.
648 1801 811 1841 Sensus
846 1808 935 1842 est:

126 1866 398 1914 nequevtu
433 1870 604 1912 neque
645 1858 789 1899 alius
822 1865 934 1900 tuo·

126 1931 236 1960 rum
269 1917 624 1960 familiarium
659 1916 805 1957 ullus
832 1917 934 1957 eri—

125 1976 198 2017 tis
261 1981 316 2017 et
373 1974 757 2018 iudicabimini
818 1975 935 2015 feti·

125 2034 342 2083 (τίοι-οε,
413 2033 723 2083 iustiores,
809 2045 935 2072 san-

125 2093 365 2141 ctiora,
399 2093 441 2132 si
475 2096 527 2131 tu
560 2089 848 2141 effugerim

182 2146 315 2188 ἀλλὰ
350 2153 444 2188 νῦν
473 2148 585 2200 μὲν]
621 2159 778 2199 quum
814 2147 933 2186 Cri-

126 2206 275 2247 tonis
336 2206 607 2246 voluntati
670 2216 770 2245 non
832 2204 932 2244 ob-

126 2263 551 2316 temperaveris

182 2317 311 2360 κακὰ
356 2317 747 2390 ἐργασάμενος
807 2314 930 2357 τού-

126 2393 278 2430 τους,
321 2374 410 2423 οὓς
450 2377 643 2429 ἥκιστα
690 2376 817 2416 ἔδει.
851 2375 929 2428 —-]

126 2436 330 2476 Graviter
374 2435 550 2478 additur
598 2430 807 2481 τυύετους
857 2434 929 2474 in-

127 2493 260 2534 iuria
308 2493 540 2536 affectis
585 2490 736 2542 illis,
795 2504 934 2543 quos

128 2551 336 2591 minime
371 2548 926 2593 decebatiniuriaaf-

127 2608 252 2657 fici,
306 2613 353 2649 ut
398 2620 483 2649 non
537 2612 818 2660 exputemuS,
859 2619 935 2647 cur

131 2664 324 2706 Hirsch
346 2660 487 2717 igi'us
519 2677 597 2706 suo
630 2663 807 2705 arbitrio
841 2677 936 2717 pro-

128 2734 283 2764 nomen
336 2722 557 2765 deleverit.
637 2721 757 2762 Idem
821 2723 935 2774 quod

129 2785 229 2821 ante
261 2780 414 2833 φίλους
447 2779 673 2821 inculcavit
697 2777 816 2830 τούς,
851 2778 934 2822 vid.

128 2850 230 2880 ann.
264 2837 315 2877 ad
351 2836 473 2877 buius
505 2842 615 2878 sect.
646 2837 735 2878 init.

185 2898 235 2935 οἱ
276 2896 325 2934 ἐν
354 2892 544 2935 “Ἀιδου
585 2892 779 2946 νόμοι]
814 2894 939 2935 Haec

128 2965 304 3004 quoque
336 2951 373 2991 H
393 2952 617 3000 irscbig.
657 2956 702 2991 ut
732 2964 938 3004 superva-

134 3021 263 3049 canea
301 3009 504 3050 eiiminari
537 3009 675 3049 iussit.
733 3008 822 3049 Sed
856 3022 939 3050 non

132 3071 265 3120 egent
299 3067 563 3119 patrocinio,
605 3078 714 3117 quae
754 3073 870 3107 certe
903 3066 940 3106 vi

132 3129 177 3165 et
207 3124 419 3176 gravitate
459 3135 725 3175 nequaquam
772 3127 937 3164 carent.

187 3181 292 3234 Cap.
321 3180 469 3222 XVII.
513 3182 559 3221 D.
608 3179 699 3220 ὅτι
730 3180 824 3234 ἐγὼ
858 3181 937 3230 (507

131 3242 194 3278 κῶ
240 3238 344 3291 α’κ.]
410 3238 628 3289 „Scilicet
668 3236 936 3292 Corybantes

131 3296 248 3337 fuere
280 3296 529 3337 sacerdotes
579 3306 757 3347 magnae
789 3295 937 3336 matris

131 3353 258 3394 deum
292 3354 334 3394 in
371 3352 582 3406 Phrygia,
623 3352 692 3404 qui
726 3353 937 3392 saltabant

131 3409 213 3452 deo
247 3412 369 3463 pieni.
405 3424 443 3451 v.
474 3411 676 3451 Strabo
696 3409 751 3450 X.
773 3422 815 3463 p.
836 3408 932 3454 725.

134 3469 341 3509 ΑΙπὶΕΙον.
406 3469 529 3509 Unde
573 3469 854 3522 κορυβαντιᾶν
896 3473 938 3505 et

1028 1802 1288 1842 laborare
1330 1798 1540 1845 morbo,
1591 1798 1660 1850 qui
1702 1813 1826 1852 κορυ-

1022 1855 1316 1911 βαντιασμός,
1370 1856 1587 1897 morbus
1637 1856 1824 1909 imagi-

1023 1928 1218 1965 nosus,
1260 1919 1467 1964 vocatur,
1519 1926 1651 1965 quum
1702 1926 1826 1954 aures

1023 1974 1222 2014 videntur
1241 1984 1476 2025 personare
1501 1971 1703 2011 tibiarum
1726 1983 1824 2011 can-

1023 2036 1090 2072 tu:
1122 2031 1193 2084 qui
1227 2029 1405 2071 morbus
1437 2028 1668 2080 putabatur
1698 2030 1828 2082 profi-

1024 2089 1126 2128 cisci
1160 2102 1183 2128 a
1216 2086 1545 2138 Corybantibus.
1580 2099 1616 2130 v,
1650 2085 1826 2127 Scali-

1017 2159 1131 2195 ger.
1163 2144 1216 2185 ad
1251 2143 1406 2185 Catuli.
1444 2142 1591 2184 XLII.
1624 2143 1666 2187 8.
1699 2149 1742 2184 et
1772 2144 1824 2185 ad

1021 2203 1179 2244 Euseb.
1209 2215 1250 2254 p.
1280 2201 1350 2245 27.
1386 2214 1420 2243 s,
1456 2205 1499 2241 et
1536 2201 1824 2254 Langbae-

1019 2261 1143 2302 nius
1177 2259 1229 2300 ad
1261 2259 1446 2311 Longin.
1480 2272 1522 2311 p.
1544 2259 1645 2303 209.
1681 2257 1830 2299 Tollf‘

1019 2317 1345 2359 Fischerus.
1403 2316 1684 2370 Scaligeri
1732 2329 1830 2357 sen—

1018 2377 1195 2416 tentiam
1289 2374 1484 2427 pluribus
1565 2374 1833 2415 confirmavit

1025 2434 1255 2476 Salmas.
1291 2431 1497 2474 Exercitt.
1530 2432 1639 2475 Ptin.
1670 2445 1711 2485 p.
1732 2430 1828 2475 764.

1027 2490 1285 2531 Conferatur
1305 2490 1433 2529 etiam
1468 2489 1794 2531 Ruhnkeniu
1813 2503 1832 2528 s

1026 2548 1080 2589 ad
1122 2547 1235 2590 Tim.
1274 2561 1316 2600 p.
1349 2547 1447 2590 163.
1509 2546 1832 2600 Explicabimus

1026 2606 1080 2646 de
1110 2604 1171 2646 his
1204 2605 1448 2646 accuratius
1479 2603 1531 2643 ad
1558 2605 1722 2658 Legum
1758 2605 1828 2645 lib.

1023 2662 1123 2704 Vll.
1157 2679 1197 2718 p.
1226 2664 1321 2707 790.
1349 2662 1398 2701 Ι).
1459 2661 1582 2702 Nunc
1615 2663 1833 2704 monuisse.

1025 2722 1133 2761 satis
1173 2723 1252 2762 erit
1296 2720 1551 2761 sententiam
1592 2718 1714 2761 buius
1749 2722 1830 2761 ioei

1025 2793 1122 2820 esse
1183 2777 1308 2822 banc:
1378 2778 1827 2829 quemadmodum

1025 2838 1115 2888 qui
1148 2835 1492 2889 Corybantio
1528 2835 1716 2877 furore
1749 2848 1827 2876 re-

1026 2894 1166 2946 pleti
1210 2900 1359 2943 sunt,
1394 2893 1500 2932 sibi
1552 2905 1721 2945 usque
1762 2894 1828 2933 vi—

1027 2951 1415 2992 dentursonos
1447 2950 1702 2992 tibiarum
1737 2964 1827 2991 au-

1028 3008 1162 3058 dire‚
1198 3008 1434 3050 etiamsi
1470 3020 1563 3048 eae
1596 3021 1697 3049 non
1729 3009 1824 3049 iam

1027 3073 1229 3107 canant
1261 3066 1518 3119 amplius,
1552 3066 1634 3106 ita
1667 3067 1824 3106 etiarn

1028 3136 1129 3176 ego
1168 3123 1355 3164 videor
1405 3122 1599 3174 Legum
1644 3135 1825 3164 vocem

1024 3180 1291 3222 exaudire
1350 3180 1450 3230 sic,
1505 3185 1559 3220 nt
1617 3193 1675 3221 ea
1725 3193 1825 3220 una

1025 3243 1182 3279 totus
1215 3239 1473 3290 repletus
1506 3238 1601 3278 sim
1645 3249 1826 3290 neque

1025 3295 1237 3347 possim
1285 3296 1432 3335 alias
1481 3295 1670 3335 audire
1709 3307 1824 3335 ora-

1025 3352 1232 3403 tiones,
1262 3355 1462 3405 utpote
1493 3352 1707 3392 abillis
1740 3351 1821 3391 mi—

1026 3409 1195 3450 rifice
1236 3413 1551 3451 commotus.
1614 3408 1724 3448 Sunt
1754 3420 1824 3447 au-

1027 3470 1112 3507 tem
1147 3466 1250 3507 isia:
1283 3465 1420 3519 ὥςπερ
1454 3468 1493 3504 οἱ
1525 3467 1752 3518 κορυβιιντ,
1773 3486 1820 3493 -

1861 1117 1912 1168 D
