2158 3718
0 371 1 378 i

0 388 1 398 π

0 410 2 422 l

343 125 758 198 APOLOGIA
798 124 1203 181 socRATIS.
1254 127 1316 179 P.
1358 129 1439 181 38.
1481 127 1561 182 st.
1737 132 1833 182 145

118 270 401 343 ἀριθμόν.
429 273 496 328 οὐ
538 272 648 344 γὰρ
671 269 828 343 ᾤμην
852 277 1015 343 ἔγωγε
1038 270 1182 329 οὕτω
1209 272 1335 344 παρ’
1363 274 1556 342 ὀλίγον
1582 279 1832 339 ἔσεσθαι,

119 354 271 410 ἀλλὰ
320 356 478 427 παρὰ
527 355 689 412 πολύ.
760 360 863 411 νῦν
919 361 1000 421 δέ,
1057 356 1131 421 ὡς
1172 362 1372 422 ἔοικεν,
1436 365 1480 413 εὶ
1531 359 1831 428 τριάκοντα

119 438 293 509 μόναι
331 449 631 512 μετέπεσον
676 444 787 495 τῶν
829 442 1073 517 ψήφων,
1129 441 1494 516 ἀποπεφεύγη
1535 442 1626 498 ἄν.
1714 449 1829 499 Μέ-

235 545 525 602 α’ποπεφεύ
534 564 596 604 γη
652 547 744 602 ἄν]
807 552 860 591 V.
911 546 1226 606 ᾇπεπεφεύγειν
1273 547 1340 591 ἄν.
1401 551 1594 591 Atticam
1641 553 1827 594 formam

120 608 317 647 servavit
346 607 492 658 Bodl.,
523 609 570 648 in
601 621 686 661 quo
720 609 914 660 vulgaris
946 610 1196 650 terminatio
1236 611 1534 662 superscripta
1564 615 1643 650 est.
1704 612 1830 663 Aug-

119 667 254 704 menti
284 666 403 718 apud
436 665 665 706 Platonem
695 667 742 705 in
772 668 1199 720 plusquamperfecto
1221 669 1372 708 omissi
1405 667 1603 719 exempla
1620 681 1710 708 non
1725 681 1827 709 rara

118 727 234 763 sunt.
267 723 344 765 cfr.
376 723 434 763 ad
463 722 615 775 Remp.
645 723 701 763 Il.
732 723 832 767 374.
876 724 929 764 B.
963 724 1100 778 Gorg.
1141 738 1183 777 p.
1220 725 1320 769 515.
1360 726 1415 766 E.
1461 724 1613 778 Symp.
1654 741 1693 779 p.
1724 726 1823 770 215.

117 778 172 819 Ε.
202 779 393 822 Matth.
425 778 465 831 §.
498 780 596 823 165.
629 780 876 822 Fischer.
913 783 970 822 ad
1001 783 1182 823 Weller.
1216 783 1266 823 ΙΙ.
1305 796 1349 835 p.
1381 783 1481 828 317.
1513 782 1822 826 H÷emsterh.

117 837 175 877 ad
202 835 387 878 Lucian.
421 838 474 878 Τ.
507 839 536 879 l.
567 853 609 891 p.
642 838 741 882 308.
773 839 892 880 Dein
922 841 1056 891 vulgo
1088 846 1201 880 erat:
1230 835 1334 881 ἀλλὰ
1365 843 1433 882 καὶ
1470 843 1594 882 παντὶ
1622 841 1658 882 δ.
1689 842 1823 883 Recte

120 894 190 933 καὶ
228 897 468 936 extrudunt
510 898 679 948 optimi.
741 895 840 945 Qua
868 899 1040 938 ratione
1076 893 1176 937 ἀλλὰ
1215 905 1317 949 post
1348 894 1403 938 ου’
1440 897 1580 948 μόνον
1619 902 1713 942 sine
1753 901 1821 940 καὶ

118 952 306 1003 dicatur,
339 954 793 1008 docuitHermann.
827 956 883 995 ad
906 956 1048 1007 viger.
1084 969 1126 1008 p.
1145 954 1244 999 837.
1264 956 1505 998 Enimvero
1537 959 1600 998 ita
1619 959 1820 1011 gradatio

117 1008 252 1051 habet
279 1011 440 1052 locum.

116 1124 371 1166 dicendum:
405 1125 474 1165 καὶ
507 1122 559 1178 δὴ
593 1125 826 1173 καὶτοῦτο,
860 1122 924 1166 ὅτι

115 1175 199 1221 οὐκ
239 1176 490 1223 α’νέλπιστόν
530 1196 603 1234 μοι
635 1197 674 1235 γ.
741 1184 848 1224 Alia
877 1184 924 1224 id

111 1251 253 1290 genus
289 1241 592 1293 congessimus
629 1242 687 1282 ad
718 1239 920 1294 Sympos.

111 1309 154 1348 p.
187 1296 291 1340 220.
321 1299 380 1338 A.
413 1297 584 1339 Criton.
616 1313 658 1352 p.
694 1298 764 1343 52.
800 1298 849 1339 C.

170 1379 314 1423 οὕτω
375 1379 496 1435 παρ’
558 1378 753 1437 ὀλίγον
813 1385 920 1424 ἔσε-

112 1440 265 1489 σθαι,
347 1435 480 1482 ἀλλὰ
547 1439 684 1495 παρὰ
750 1439 919 1492 πολύ]

110 1498 247 1539 Recte
283 1498 620 1544 Fischerus:
663 1513 769 1541 non
811 1513 924 1553 spe-

110 1558 296 1600 rabam
327 1556 610 1609 futurum,
643 1565 704 1598 ut
742 1572 925 1599 nume-

108 1626 204 1655 rus
269 1615 653 1667 calculorum,
719 1618 922 1669 quibus

107 1672 468 1722 absolverer,
547 1679 659 1714 tam
738 1687 921 1727 parum

108 1730 382 1770 differret
431 1730 495 1771 ab
541 1744 747 1782 corum,
799 1733 921 1785 qui-

109 1787 210 1827 bus
300 1788 599 1840 damnarer,
679 1802 914 1831 numero:

107 1845 265 1885 immo
320 1843 578 1898 putabam
637 1858 914 1888 numerum

109 1903 463 1944 calculorum
535 1905 914 1946 absolutorio—

110 1972 228 2001 cum
270 1961 437 2013 longe
476 1967 799 2014 superatum
840 1964 914 2003 iri

104 2016 615 2062 damnator-iorum-
666 2033 911 2061 numero.

103 2074 175 2116 De
228 2089 315 2128 quo
354 2090 437 2117 usu
488 2078 776 2118 formularum
815 2073 913 2131 παρ’

106 2127 259 2186 ὀλίγον’
287 2140 332 2174 et
368 2131 483 2184 παρὰ
517 2132 627 2175 πολύ
658 2149 701 2175 v.
739 2142 914 2187 praeter

103 2190 386 2231 Budaeum
431 2192 679 2232 Comment.
730 2192 785 2232 L.
840 2192 917 2234 Gr.

101 2262 146 2301 P.
196 2247 295 2291 209.
351 2250 589 2300 vigerus
639 2262 681 2302 p.
730 2249 829 2293 647.
875 2257 917 2291 et

103 2306 396 2347 Matthiae.
434 2307 471 2359 ξ.
502 2306 601 2350 588.
635 2320 678 2347 n.
711 2307 750 2349 2.

160 2388 528 2443 εἰτριάκοντα
566 2389 728 2441 μόναι
776 2392 913 2442 μετέ-

105 2446 313 2503 πεσον]
364 2449 678 2498 Μεταπῖπτειν,
743 2451 913 2491 aliter

103 2502 324 2557 cadere,
356 2507 590 2549 inaliam
615 2520 804 2548 urnam
829 2521 910 2549 ca-

103 2563 252 2612 dere,
284 2570 337 2604 ut
361 2571 479 2606 recte
497 2565 666 2619 Fisch
685 2578 810 2607 erus
840 2566 909 2606 in-

100 2627 388 2675 terpretatur,
449 2625 524 2677 qui
592 2624 745 2664 laudat
807 2625 849 2664 A
867 2637 910 2664 e-

103 2678 286 2732 schin.
319 2692 354 2720 c.
389 2680 585 2733 Ctesiph.
621 2680 724 2725 461.
758 2680 812 2721 Τ.
843 2681 906 2723 ΙΙ.

101 2736 170 2777 ed.
220 2735 425 2792 Taylor.:
476 2738 518 2779 εἰ
563 2735 610 2778 δὲ
651 2740 724 2790 μία
770 2736 909 2788 μόνον

100 2791 339 2846 μετέπεσεν.
391 2796 651 2838 Lectionem
681 2801 791 2850 τρεῖς
819 2797 908 2838 iam

99 2847 206 2894 Bas.
257 2853 297 2896 2.
349 2855 535 2894 mutavit
574 2854 621 2894 in
668 2851 905 2907 iproiuovta,

100 2910 354 2952 melioribus
374 2911 499 2953 libris
519 2913 906 2954 consentientibus.

100 2966 261 3020 Diog.
291 2969 476 3009 Laert.
510 2968 562 3010 ll.
593 2967 672 3012 41:
726 2965 794 3011 ὅτ’
825 2964 906 3012 οὖν

102 3022 413 3080 κατεδικάσθη,
474 3023 715 3068 διακοσίαις
775 3023 905 3081 ὀγδο-

103 3078 262 3135 ήκοντα
297 3084 373 3138 μιᾷ
402 3084 565 3124 πλείοσι
608 3081 776 3138 ψήφοις
807 3085 900 3141 (sc.

101 3137 424 3195 κατεδικάσθη)
473 3142 556 3182 τῶν
599 3136 900 3186 ἀπολυουσῶν.

61 3235 64 3238 ,
101 3195 226 3246 Quae
281 3201 502 3252 quomodo
563 3213 660 3240 cum
701 3195 901 3244 Platonis

101 3257 355 3298 narratione
386 3258 664 3298 concilianda
693 3259 794 3310 sint,
826 3271 899 3300 va·

104 3313 170 3353 rie
201 3313 469 3367 disputatum
505 3321 583 3357 est.
614 3314 729 3356 Nam
742 3321 792 3356 ut
813 3316 897 3358 Fi·

103 3382 122 3410 s
136 3369 197 3411 ch
212 3384 235 3412 e
246 3385 268 3412 r
280 3385 361 3413 um
413 3373 613 3427 aliosque
660 3378 898 3426 taceamus,

160 3441 272 3484 Plat.
305 3443 419 3497 opp.
456 3444 550 3486 Vol.
586 3444 614 3486 Ι.
652 3444 704 3486 P.
736 3444 765 3485 Ι.

1009 1138 1101 1166 rem
1132 1128 1340 1179 expedire
1368 1128 1538 1168 studuit
1562 1128 1819 1180 Tychsen

1008 1185 1053 1223 in
1076 1186 1469 1226 commentatione:
1501 1186 1686 1226 Ueber
1714 1186 1818 1226 den

1015 1241 1251 1288 Prozess
1276 1244 1374 1284 des
1403 1243 1687 1294 Socrates,
1707 1256 1820 1296 quae

1008 1300 1174 1340 inserta
1195 1307 1260 1341 est
1290 1301 1685 1342 Bibliothecae
1711 1307 1817 1341 vet.

1008 1357 1158 1406 liter.
1199 1365 1250 1398 et
1278 1366 1383 1400 art.
1426 1359 1711 1411 (Bibliothek
1741 1359 1819 1399 der

1007 1415 1126 1454 alten
1154 1415 1379 1457 Litcratur
1414 1430 1457 1456 u.
1489 1417 1670 1469 Kunst),
1708 1416 1816 1458 fasc.

1009 1472 1046 1512 Ι.
1077 1486 1117 1525 p.
1151 1473 1310 1518 1-53,
1352 1481 1395 1515 et
1425 1475 1532 1516 fasc.
1565 1475 1626 1516 11.
1660 1488 1702 1527 p.
1733 1474 1813 1518 1—

1009 1529 1079 1573 60.
1117 1531 1193 1571 ubi
1249 1546 1288 1572 v.
1335 1534 1518 1573 secundi
1567 1534 1730 1574 volum.
1771 1545 1813 1584 p.

1007 1586 1065 1632 40
1102 1601 1194 1641 sqq.
1238 1595 1281 1631 et
1314 1590 1814 1644 nupcrlloeckhius

1007 1658 1078 1698 ap.
1112 1645 1445 1696 Siivernium
1478 1649 1524 1688 in
1549 1648 1687 1689 libro:
1718 1646 1814 1688 Ue·-

1007 1704 1100 1744 ber
1118 1704 1208 1745 des
1227 1706 1646 1759 Aristophanes
1666 1704 1814 1746 Wol-

1006 1760 1109 1801 ken
1139 1775 1182 1814 p.
1213 1762 1270 1807 87
1296 1777 1393 1817 sqq.
1425 1764 1666 1805 Enimvero
1697 1763 1812 1804 diffi-

1000 1820 1204 1860 cultatem
1267 1823 1435 1862 creavit
1498 1823 1617 1874 quod
1676 1821 1811 1874 vulgo

1000 1878 1119 1929 apud
1157 1879 1383 1928 Platonem
1415 1880 1588 1932 legitur:
1628 1877 1672 1920 εἰ
1702 1882 1813 1931 τρεῖς

999 1932 1128 1984 μόναι
1157 1949 1199 1986 μ.
1232 1936 1348 1977 Nam
1367 1937 1478 1978 haec
1496 1938 1625 1978 lectio
1648 1937 1685 1978 si
1710 1948 1813 1977 vera

1001 1998 1131 2045 esset,
1161 1995 1352 2047 itemque
1382 2008 1463 2047 pro
1484 2008 1589 2041 vero
1619 1992 1810 2047 proban-

1001 2050 1104 2090 dum
1153 2052 1271 2103 quod
1314 2053 1477 2104 legitur
1523 2053 1643 2106 apud
1680 2051 1809 2098 Dio·

999 2119 1188 2159 genem
1230 2108 1538 2158 Laenium,
1588 2109 1811 2150 Heliasta-

1001 2177 1098 2204 rum
1133 2165 1342 2206 iudicium
1387 2180 1441 2207 ex
1471 2167 1558 2212 556
1588 2166 1807 2207 iudicibus

1002 2222 1252 2263 constitisse
1283 2225 1527 2265 existimari
1567 2229 1808 2277 oporteret.

999 2279 1178 2320 Etenim
1209 2281 1271 2320 sic
1302 2282 1470 2323 iudices
1501 2294 1685 2323 numero
1720 2281 1804 2325 281

1001 2335 1227 2389 Socratem
1252 2339 1530 2381 damnavisse
1566 2347 1608 2380 et
1627 2339 1713 2383 275
1729 2339 1809 2380 ab·

1000 2395 1190 2436 solvisse
1222 2397 1410 2448 putandi
1452 2398 1621 2449 forent,
1651 2399 1715 2439 ita
1744 2403 1807 2448 ut,

998 2456 1085 2492 tres
1135 2453 1289 2493 calculi
1346 2456 1383 2495 si
1432 2456 1574 2499 additi
1620 2455 1809 2501 fuissent

999 2510 1225 2562 suffragiis
1257 2512 1561 2564 absolutoriis,
1596 2526 1678 2565 par
1698 2513 1808 2554 fuis·

997 2573 1064 2608 set
1093 2568 1395 2610 damnantium
1422 2575 1467 2610 et
1485 2571 1807 2612 absolventium

995 2638 1218 2676 numerus,
1254 2627 1297 2667 h.
1332 2640 1370 2668 e.
1400 2627 1518 2679 278„
1551 2641 1693 2682 eoque
1715 2627 1806 2678 ¹So-

996 2689 1151 2723 crates-
1178 2684 1415 2734 incolumis
1455 2688 1683 2728 evasisset.
1706 2731 1711 2736 ,
1742 2687 1807 2727 At

996 2754 1099 2781 vero
1135 2742 1371 2794 quominus
1402 2744 1518 2796 hanc
1546 2744 1807 2786 sententiam

995 2811 1092 2839 cum
1149 2794 1421 2842 Fischero
1480 2803 1666 2856 aliisque
1715 2815 1805 2843 am-

992 2856 1248 2908 plectamur,
1279 2858 1390 2899 illud
1421 2861 1655 2912 prohibet,
1685 2861 1807 2913 quod

993 2913 1293 2966 Heliastarum
1346 2917 1508 2958 iudicia
1578 2917 1806 2959 numerum

991 2971 1186 3013 iudicum
1228 2973 1574 3026 quingentorum
1620 2989 1710 3016 non
1741 2976 1806 3015 vi-

992 3029 1151 3071 dentur
1208 3031 1295 3071 isto
1353 3033 1487 3074 modo
1548 3035 1805 3083 excessisse,

990 3087 1075 3127 nisi
1107 3088 1145 3139 si
1175 3089 1352 3140 quando
1383 3095 1566 3143 propter
1605 3091 1805 3143 singula-

989 3156 1081 3184 rem
1111 3146 1331 3197 quandam
1367 3160 1624 3195 caussarum
1657 3150 1802 3202 gravi-

988 3206 1169 3255 tatem„
1187 3205 1451 3256 consociatis
1483 3206 1694 3261 pluribus
1726 3206 1801 3247 ‹le-

986 3259 1158 3313 (3ιηίἰῆΔ
1191 3261 1334 3312 mille,
1383 3263 1454 3313 vel
1502 3265 1618 3310 mille
1676 3265 1799 3316 quin-

986 3317 1150 3369 genti„
1183 3319 1251 3358 vel
1301 3320 1432 3361 etiam
1481 3321 1549 3363 bis
1591 3321 1716 3362 mille
1757 3326 1800 3361 et

986 3375 1136 3426 plures
1166 3376 1393 3417 iudicandi
1423 3373 1689 3431 potestatem
1727 3391 1796 3418 ac-

1361 3448 1426 3498 10
