2158 3718
483 186 1005 257 SYMPOSHJM.
1051 223 1102 273 p.
1142 142 1254 253 iao*
1284 204 1356 254 st.
1660 204 1760 256 123

212 323 370 428 Cap.
401 346 603 407 XXII.
690 350 809 404 Καὶ
864 352 922 405 σὲ
963 355 1062 422 μέν
1101 370 1161 421 γε
1200 343 1307 416 ἤδη
1349 344 1520 402 ἐάσω·
1565 342 1665 402 τὸν
1708 351 1763 402 δὲ
1815 345 1854 393 Ι)

81 433 251 505 λόγον
294 431 395 490 τὸν
436 430 560 506 περὶ
603 436 703 489 τοῦ
733 429 989 505 Ἔρωτος,
1033 429 1101 489 ὅν
1142 430 1269 488 ποτ’
1320 426 1529 500 ἤκουσα
1573 451 1766 500 γυναι-

81 517 179 584 κὸς
221 520 574 585 Μαντινικῆς
615 522 910 590 Διοτίμας,
953 514 988 585 ἢ
1031 515 1211 572 ταῦτα’
1262 537 1321 571 τε
1367 511 1518 591 σοφὴ
1565 506 1634 581 ἦν
1675 517 1770 570 καὶ

195 681 249 727 D.
307 681 660 731 Μαντινικῆς
700 677 1004 733 Λιοτίμας]
1050 678 1125 720 Sic
1153 677 1283 723 Bodl.
1313 677 1409 719 Vat.
1428 675 1482 720 A.
1504 677 1634 720 Coisl.
1658 676 1765 718 Ven-

81 738 130 780 Ξ.
153 740 316 810 Αῐιὲζιι.
339 738 434 782 vat.
449 751 490 780 n.
511 737 733 779 Flet-ab.
749 749 784 778 c.
797 736 823 777 i.
846 743 890 778 et
910 747 1044 790 marg.
1074 736 1225 778 Par.E
1241 735 1292 778 F.
1322 736 1416 777 Vat.
1429 748 1464 775 s.
1495 734 1612 777 Vett.
1643 734 1764 777 editt.

80 810 306 851 μαντικης.
1421 822 1423 826 ⁴

83 935 334 979 testimonio
371 936 436 978 nsi
462 941 561 978 sunt
588 934 886 977 Fabricius

85 993 197 1036 Bibl.
229 993 306 1034 Gr.
339 992 434 1035 Vol.
456 994 507 1036 11.
539 991 695 1043 p.403.
728 998 772 1034 et
800 991 887 1033 Fr.

971 934 1142 976 difficile
1201 937 1270 975 est
1326 931 1380 973 ad
1446 931 1764 975 coniiciendum.

970 988 1081 1035 Nam
1113 991 1193 1033 etsi
1225 990 1399 1032 minime
1433 990 1638 1032 accidisse
1670 1002 1766 1031 cre-

0 3465 2 3525 ÷

0 3573 2 3608 l

83 1049 357 1103 Schlegel
386 1050 428 1091 in
450 1051 579 1094 libro:
611 1049 889 1092 Griechen

86 1107 192 1149 und
222 1108 434 1149 Romer
463 1121 505 1162 p.
536 1106 621 1150 253
643 1119 739 1159 sqq.
770 1107 885 1159 Opp.

87 1165 200 1206 univ.
231 1163 308 1205 lV.
337 1177 381 1217 p·
401 1164 456 1209 90
479 1169 522 1205 et
548 1163 642 1207 106.
694 1161 889 1204 Scholia—

85 1227 177 1263 stes
196 1220 391 1262 Aristidis
407 1226 550 1262 autem
577 1219 692 1274 apud
723 1220 890 1260 Creu-

87 1291 272 1321 zesrum
306 1277 449 1320 Lectt.
479 1278 594 1319 Plat.
631 1276 684 1319 ad
726 1278 888 1318 calcem

86 1335 248 1378 Plotini
278 1334 332 1376 de
356 1335 531 1377 Pulcrit.
566 1348 607 1388 p.
632 1333 731 1379 527.
762 1347 817 1373 z
848 1347 890 1387 p.

86 1391 190 1438 468.
227 1391 294 1434 ed.
313 1391 500 1434 Dindorf
527 1405 621 1434 eam
648 1395 793 1433 narrat
819 1390 891 1432 fu-

85 1451 176 1492 isse
205 1449 474 1491 sacerdotem
508 1449 621 1490 lovis
653 1449 812 1502 Lycaei
843 1448 884 1489 in

89 1507 274 1550 Arcadia
327 1506 454 1559 culti,
506 1506 561 1548 de
611 1518 696 1559 quo
746 1518 786 1546 v.
832 1504 887 1546 ad

87 1565 245 1618 Remp.
274 1577 316 1617 p.
346 1561 444 1619 565.
479 1563 533 1605 D.
565 1561 806 1604 Boeckh.
847 1563 887 1602 in

88 1623 191 1664 Min.
219 1635 257 1674 p.
281 1620 336 1664 55
355 1626 448 1674 sqq.
480 1621 618 1662 Creu
635 1632 727 1661 zer
757 1619 887 1671 Sym-

88 1680 177 1723 bol.
200 1678 254 1720 T.
279 1678 330 1722 11.
343 1691 383 1732 p.
402 1676 496 1722 139.
517 1676 655 1721 et466
668 1690 732 1729 sq.
765 1676 890 1719 Quas

89 1735 264 1790 quidem
327 1737 595 1777 narrationes
647 1735 682 1775 C
696 1747 715 1775 r
726 1747 750 1774 e
763 1746 791 1774 u
803 1747 828 1774 z
843 1747 891 1774 e-

89 1806 182 1836 rus
201 1794 244 1834 in
281 1793 431 1835 Annal.
460 1791 671 1834 Vindobb.
699 1791 794 1832 Vol.
819 1790 889 1835 56-

92 1865 130 1893 a.
157 1849 279 1895 1831.
302 1849 454 1904 p.149.
483 1850 541 1891 ita
565 1849 797 1890 conciliare
827 1848 891 1889 in—

91 1916 159 1951 ter
187 1921 236 1949 se
277 1907 467 1959 studuit,
504 1911 552 1946 ut
585 1906 814 1948 Diotimam
848 1910 893 1946 et

94 1964 374 2009 sacerdotem
405 1969 450 2006 et
479 1963 797 2017 Pythagoream
827 1962 894 2004 fu-

95 2024 184 2065 isse
216 2022 446 2064 ostendere
468 2026 647 2063 conatus
679 2020 747 2061 sit.
805 2019 895 2061 Ad-

96 2085 245 2122 monet
275 2080 387 2121 enim
417 2091 498 2120 nos
525 2079 797 2120 Aristocleae
828 2078 895 2118 vel

95 2137 355 2187 Theocleae,
387 2148 497 2188 quae
527 2148 654 2189 quum
678 2139 795 2176 esset
825 2148 896 2175 sa-

95 2193 250 2236 cerdos
303 2191 526 2247 Delphica,
585 2199 730 2234 tamen
781 2196 896 2234 teste

96 2249 362 2304 Porphyr.
391 2249 613 2303 Vit.Pyth.
631 2249 747 2302 §.41
770 2248 893 2302 p.41.

27 2357 30 2359 ,
98 2309 170 2351 ed.
188 2308 312 2349 Kust.
339 2307 566 2360 Diogen.
584 2304 895 2349 ·Laert.Vlll.

95 2365 152 2418 8,
192 2365 262 2410 21.
307 2363 478 2406 Suida
514 2365 557 2405 in
602 2361 898 2418 Πυθαγόρας,

97 2436 197 2464 cum
238 2421 334 2476 ipso
374 2420 630 2474 Pythagora·
657 2421 896 2462 necessitu-

98 2480 197 2522 dine
247 2478 429 2533 quadam
478 2477 608 2525 fuerit
661 2479 896 2520 coniuncta.

98 2538 219 2582 Idem
277 2536 340 2577 vir
390 2535 543 2576 doctus
584 2535 707 2577 etiam
750 2534 899 2575 docuit

99 2594 164 2638 his
213 2593 468 2636 testimoniis
524 2605 609 2634 non
662 2591 898 2644 adversari,

99 2651 215 2706 quod
275 2648 564 2706 Aristides
612 2649 655 2691 in
705 2650 900 2698 oratione

101 2709 309 2752 adversus
350 2706 684 2749 Demosthenem
724 2707 780 2748 ab
812 2708 901 2748 An-

101 2768 201 2821 gelo
234 2765 424 2815 Maioin
457 2764 664 2818 Scriptor.
699 2764 796 2806 vet.
814 2763 902 2804 Va-

102 2825 176 2865 tic.
209 2823 390 2864 Collect.
423 2822 478 2863 11.
511 2836 551 2876 p.
583 2820 652 2865 30.
685 2822 901 2875 publicata

102 2880 335 2921 Diotimam
360 2883 488 2919 vocat
516 2876 595 2931 τὴν
613 2880 657 2919 ἐκ
675 2879 900 2919 Μυλίτου.

103 2936 341 2979 Verissime
405 2936 518 2976 enim
582 2935 811 2977 arbitratur
866 2935 899 2976 1.

104 2992 362 3035 Geelium
404 2989 607 3032 Biblioth.
654 2993 761 3033 Crit.
790 2991 901 3035 Nov.

104 3050 204 3093 Vol.
223 3047 296 3090 1v.
322 3061 364 3101 p.
384 3047 453 3092 93.
481 3047 780 3101 corrigendum
801 3061 902 3090 cen-

106 3107 245 3149 suisse
278 3104 359 3157 τὴν
386 3106 430 3146 ἐκ
460 3102 662 3156 Μιλήτου
701 3111 830 3158 atque
860 3106 902 3146 in

107 3177 201 3207 eam
233 3162 524 3216 disputavisse
555 3162 824 3214 sententiam,
856 3166 905 3204 ut

103 3220 338 3264 Diotimam
388 3233 412 3261 a
461 3218 634 3261 rhetore
680 3219 752 3260 illo
805 3232 901 3261 cum

103 3278 287 3332 Aspasia
316 3281 601 3330 permutatam
633 3289 730 3317 esse
764 3275 904 3317 credi-

106 3337 191 3378 bile
220 3334 289 3376 sit.
346 3333 435 3375 lam
467 3346 571 3376 vero
601 3331 706 3374 haec
735 3332 769 3373 si
800 3346 903 3375 vera

107 3398 229 3443 sunt,
282 3402 357 3432 cur
404 3391 532 3433 Plato
579 3389 802 3431 mulierem
849 3390 904 3433 ad

107 3463 197 3493 rem
230 3452 501 3504 praesentem
531 3446 789 3501 adhibuerit,
820 3460 904 3492 non

973 1049 1130 1099 dimus,
1161 1047 1275 1100 quod
1297 1047 1539 1089 Creuzerus
1569 1047 1764 1100 suspica-

972 1111 1068 1157 tur,
1108 1109 1156 1146 ut
1195 1106 1398 1146 Socrates
1437 1106 1535 1146 olim
1578 1118 1673 1145 cum
1714 1117 1767 1145 ea

973 1175 1125 1204 revera
1156 1162 1210 1202 sit
1239 1167 1516 1202 conversatus
1560 1167 1603 1203 et
1634 1161 1766 1201 subli-

974 1220 1132 1261 miores
1161 1219 1369 1271 quasdam
1401 1218 1456 1260 de
1493 1231 1639 1260 amore
1669 1231 1768 1260 sen·

973 1277 1131 1318 tentias
1162 1277 1214 1316 ab
1247 1289 1296 1316 ea
1338 1277 1580 1329 acceperit,
1625 1281 1768 1316 tamen

976 1346 1069 1375 eam
1103 1333 1155 1375 ad
1187 1335 1322 1387 ipsam
1348 1347 1434 1375 rein
1462 1333 1770 1374 accommoda-

976 1390 1142 1432 tissime
1171 1403 1284 1431 nunc
1313 1391 1597 1432 disserentem
1628 1390 1769 1431 induci

972 1448 1097 1490 nobis
1140 1450 1263 1502 plane
1305 1449 1614 1502 persuasimus.
1672 1447 1770 1489 Pri-

971 1518 1087 1547 mum
1120 1506 1227 1557 enim
1259 1519 1388 1557 quum
1429 1505 1483 1546 de
1514 1506 1772 1547 coelestiore

973 1576 1121 1604 amore
1151 1564 1396 1604 instituatur
1419 1562 1668 1617 disputatio,
1698 1562 1773 1614 qui

972 1622 1085 1662 ultra
1121 1621 1338 1672 vulgarem
1388 1621 1512 1662 istam
1563 1619 1773 1673 cupidita-

973 1682 1061 1719 tem
1102 1678 1354 1730 longissime
1401 1676 1616 1727 evehitur,
1667 1676 1771 1729 quid

973 1733 1146 1776 tandem
1187 1736 1327 1787 potuit
1372 1735 1471 1787 fingi
1516 1733 1658 1788 aptius
1697 1738 1774 1774 aut

977 1790 1221 1845 elegantius
1244 1791 1492 1845 excogitari,
1511 1804 1635 1843 quam
1656 1790 1771 1843 quod

977 1849 1183 1890 Socrates
1214 1862 1312 1889 sese
1328 1849 1501 1889 simulat
1515 1853 1648 1888 totam
1679 1861 1772 1889 rem

977 1911 1202 1958 acceptam
1244 1905 1405 1947 referre
1445 1904 1660 1946 sacerdoti
1694 1905 1772 1946 ali-

978 1964 1046 2004 cui
1077 1962 1294 2013 sanctiori,
1324 1976 1457 2016 quae,
1489 1962 1773 2015 quemadmo-

981 2021 1079 2062 dum
1113 2020 1212 2061 olim
1235 2020 1421 2061 Athenas
1454 2020 1773 2061 lustrationibus

980 2092 1004 2119 a
1022 2083 1146 2132 peste
1167 2078 1423 2129 liberaverit,
1446 2077 1504 2118 ita
1529 2077 1658 2118 etiarn
1681 2078 1773 2118 ani-

981 2148 1096 2177 mum
1120 2135 1251 2188 ipsius
1269 2135 1323 2175 ab
1343 2134 1510 2175 humilis
1528 2134 1774 2186 cupiditatis

981 2193 1242 2246 cogitatione
1271 2192 1324 2232 ad
1358 2192 1483 2233 divini
1505 2192 1616 2232 illius
1647 2197 1775 2245 atque
1806 2209 1810 2216 ¹

982 2250 1183 2320 coelestis
1213 2250 1369 2290 amoris
1402 2250 1594 2290 notitiam
1627 2250 1777 2290 tradu-

981 2307 1096 2349 xerit
1126 2319 1265 2358 eoque
1303 2306 1431 2348 modo
1468 2307 1599 2348 veluti
1627 2307 1776 2360 expia-

980 2363 1125 2405 verit?
1157 2363 1321 2406 Deinde
1341 2363 1670 2418 prudentissime
1692 2364 1779 2405 So-

983 2425 1125 2463 crates
1158 2433 1208 2462 ea
1235 2421 1380 2463 tribuit
1408 2422 1650 2472 Diotimae,
1684 2433 1780 2463 mu·-

986 2478 1076 2521 lieri
1105 2477 1315 2520 vatidicae
1355 2484 1399 2520 et
1429 2479 1542 2520 sama
1577 2479 1780 2520 sanctita-

983 2537 1040 2579 tis
1071 2534 1183 2590 apud
1215 2535 1497 2577 Athenienses
1519 2537 1781 2588 nobilitatae,

984 2605 1094 2646 quae
1123 2591 1177 2634 ad
1207 2593 1452 2636 interiorem
1472 2594 1680 2647 quandam
1700 2592 1779 2634 ho·-

985 2650 1145 2692 minum
1178 2663 1272 2691 cum
1307 2650 1386 2691 diis
1406 2657 1533 2704 atque
1553 2651 1681 2693 rebus
1713 2650 1780 2692 di-

986 2708 1094 2749 vinis
1153 2709 1492 2750 coniunctionem
1552 2708 1779 2762 pertinent,

989 2764 1043 2806 de
1073 2765 1229 2818 quibus
1267 2767 1462 2807 omnibus
1503 2766 1563 2808 ita
1604 2768 1780 2819 loquens

983 2821 1214 2874 inducitur,
1236 2827 1285 2864 ut
1303 2824 1572 2865 sacerdotem
1595 2825 1780 2876 aliquam

986 2892 1083 2922 cum
1108 2879 1252 2921 divino
1274 2881 1419 2923 surore
1439 2882 1562 2922 nobis
1585 2881 1638 2922 de
1659 2893 1783 2922 amo-

987 2949 1035 2978 re
1065 2939 1234 2980 oracula
1265 2938 1508 2981 fundentem
1539 2938 1685 2979 audire
1715 2938 1779 2977 vi-

987 2992 1176 3037 deamur.
1235 2995 1430 3049 Denique
1447 2995 1557 3037 haud
1590 2995 1694 3046 scio,
1726 3006 1782 3034 an

986 3050 1073 3092 veri
1107 3052 1208 3104 quid
1231 3053 1462 3107 perviderit
1493 3053 1684 3094 Astius
1716 3051 1781 3092 De

985 3107 1087 3151 Vita
1118 3115 1162 3151 et
1191 3109 1372 3164 Scriptis
1412 3111 1577 3151 Platon.
1611 3122 1636 3161 p
1683 3106 1782 3150 312.

986 3163 1216 3209 Diotimam
1259 3168 1505 3209 existimans
1544 3179 1568 3206 a
1599 3166 1781 3206 Platone

988 3223 1116 3264 etiam
1167 3223 1268 3266 ideo
1311 3224 1503 3265 Socratis
1547 3223 1588 3262 in
1631 3234 1780 3263 amore

988 3281 1236 3333 magistram
1266 3281 1422 3322 factam
1456 3292 1577 3330 esse,
1610 3283 1656 3319 ut
1687 3281 1780 3320 vul·

986 3349 1112 3390 gates
1142 3338 1211 3380 isti
1242 3338 1399 3380 amoris
1426 3347 1662 3389 praecones
1683 3349 1781 3390 per-

987 3394 1310 3448 stringerentur.
1372 3393 1538 3447 Nempe
1567 3393 1650 3434 isto
1686 3405 1780 3434 mo-

989 3449 1045 3493 do
1073 3449 1113 3493 hi
1146 3465 1258 3495 nunc
1295 3466 1318 3493 a
1358 3450 1561 3493 femina
1592 3450 1780 3493 edocen-
