2158 3718
719 133 801 179 AD
834 135 1252 182 PHAEDONEM.
1807 134 1873 192 37

102 296 208 331 esse
244 280 535 331 sententiam
570 279 712 329 etiam
750 296 809 329 ex
844 296 902 329 eo
938 280 1261 345 intellegitur,
1301 282 1432 346 quod
1468 298 1579 347 pag.
1611 281 1709 333 107
1739 282 1774 333 C
1800 299 1872 349 sq.

99 367 503 416 unumquemque
553 350 754 400 docetur
805 366 943 400 suam
994 358 1175 402 sortem
1227 368 1430 402 manere
1475 362 1523 402 et
1567 368 1676 417 pag.
1708 351 1811 404 114
1839 355 1875 404 C

102 424 263 471 omnia
301 422 532 471 tentanda
571 436 676 470 esse
711 422 971 479 iudicatur,
1009 430 1061 472 ut
1087 424 1183 472 iam
1210 425 1259 472 in
1286 424 1379 473 hac
1403 426 1498 473 vita
1525 426 1754 474 terrestri
1780 425 1872 473 vir·

101 494 219 542 tutis
247 499 295 542 et
320 493 585 557 sapientiae
609 491 838 541 laudibus
865 494 1123 556 potiamur.

241 564 403 611 Animi
438 569 601 612 autem
636 564 789 627 ipsius
824 564 893 612 vis
930 570 976 612 et
1009 570 1181 614 natura
1210 564 1338 629 quod
1374 580 1474 614 non
1501 565 1775 615 accuratius
1803 572 1876 616 est

101 633 322 690 definita,
369 634 473 682 eius
510 634 585 681 rei
631 648 872 696 quaenam
911 650 1087 685 causae
1121 637 1239 692 sint,
1281 636 1340 684 ad
1379 635 1739 685 coniiciendum
1774 651 1875 685 non

100 703 222 753 adeo
260 710 334 754 est
370 703 582 753 difficile.
635 704 757 753 Nam
795 706 1006 768 primum
1036 706 1232 770 quidem
1266 721 1508 771 quaenam
1543 708 1606 755 sit
1631 707 1780 755 animi
1805 707 1875 756 vis

100 790 158 825 eo
183 775 288 839 ipso
316 774 675 838 quodammodo
703 776 990 837 ostenditur,
1038 777 1167 840 quod
1197 778 1300 826 eius
1327 778 1588 826 aeternitas
1613 776 1875 826 luculentis

100 846 402 909 argumentis
438 845 816 895 demonstratur.
870 845 1053 895 Deinde
1098 848 1179 911 qui
1228 847 1389 896 locum
1426 847 1664 905 Phaedri,
1701 848 1875 911 procul

100 914 247 965 dubio
276 921 386 965 ante
411 915 725 964 Phaedonem
756 916 894 972 editi,
924 931 970 979 p.
998 914 1102 966 246
1128 920 1166 966 A
1193 933 1263 981 sq.
1293 920 1653 974 meminissent,
1682 919 1715 966 ii
1743 925 1875 968 certe

98 1001 198 1035 non
234 992 501 1050 potuerunt
535 985 785 1043 dubitare,
835 987 1025 1035 animus
1063 989 1178 1050 quin
1219 989 1348 1036 visus
1384 989 1446 1036 sit
1470 987 1661 1036 Platoni
1694 989 1874 1051 princi·

98 1057 234 1122 pium
269 1057 393 1106 vitae
431 1062 586 1105 totum
626 1072 684 1104 ex
721 1071 772 1106 se
808 1063 1002 1120 aptum,
1029 1055 1170 1119 quod
1205 1059 1364 1121 ipsum
1399 1073 1489 1122 per
1524 1073 1576 1107 se
1603 1060 1878 1108 contineret

100 1141 297 1177 causam
337 1131 384 1176 et
417 1128 681 1184 rationem,
721 1142 808 1175 cur
837 1133 963 1176 esset
989 1143 1045 1176 ac
1072 1133 1380 1186 moveretur,
1410 1143 1555 1192 quam
1582 1129 1740 1191 ipsam
1766 1144 1875 1178 sen-

98 1199 299 1248 tentiam
336 1197 479 1247 etiam
515 1198 565 1245 in
600 1199 706 1261 ipso
732 1197 1019 1255 Phaedone,
1059 1214 1153 1262 quo
1189 1198 1296 1248 loco
1323 1198 1703 1248 immortalitatis
1730 1215 1876 1264 argu-

99 1275 318 1318 mentum
355 1284 414 1318 ex
448 1269 553 1332 ipsa
587 1269 737 1317 animi
771 1268 880 1318 idea
915 1269 1180 1332 repetitur,
1228 1272 1344 1319 satis
1381 1269 1655 1319 illustravit.
1708 1269 1876 1335 Itaque

100 1340 162 1389 de
197 1339 289 1388 hac
329 1338 526 1403 quidem
560 1354 615 1388 re
650 1354 750 1387 non
795 1344 868 1387 est
903 1355 991 1388 cur
1024 1339 1233 1389 multum
1269 1340 1589 1402 ambigamus.
1641 1340 1877 1390 Maiorem

101 1425 215 1460 vero
253 1409 606 1459 dubitationem
643 1408 787 1458 alicui
821 1409 942 1459 illud
975 1411 1181 1468 inficiat,
1222 1411 1351 1475 quod
1379 1410 1724 1474 philosophuS‚
1765 1427 1876 1460 cum

99 1481 399 1545 tripertitum
448 1481 623 1530 fecerit
673 1481 889 1529 animum
940 1480 1233 1539 humanum,
1287 1483 1466 1546 quippe
1503 1497 1650 1546 quem
1697 1497 1756 1531 ex
1801 1482 1878 1548 τῷ

101 1551 423 1618 λογιστικῷ,
451 1551 527 1618 τῷ
547 1551 771 1618 θυμικςό
795 1558 840 1599 et
859 1552 934 1618 τῷ
958 1549 1343 1619 ἐπιθυμητικῷ
1364 1558 1588 1601 constare
1608 1550 1876 1617 vuluerit1),

100 1628 265 1672 tamen
300 1636 399 1670 non
437 1621 723 1677 declaravit,
760 1621 966 1671 velletne
1002 1629 1157 1671 toturn
1195 1629 1338 1687 atque
1363 1624 1613 1685 integrum
1640 1637 1702 1671 an
1726 1624 1878 1671 ratio-

99 1692 262 1743 nalem
299 1698 487 1742 tantum
524 1693 626 1742 eius
661 1698 851 1756 partem
889 1698 1144 1742 aeternum
1180 1708 1301 1742 esse.
1354 1692 1408 1741 In
1448 1694 1584 1742 cuius
1618 1693 1692 1742 rei
1729 1708 1878 1756 quae-

102 1765 258 1814 stione
282 1764 379 1812 iam
405 1769 595 1813 veteres
617 1763 855 1812 Platonici
880 1765 928 1812 in
958 1764 1310 1813 diversissimas
1337 1769 1502 1828 partes
1528 1764 1877 1820 discesserunt,

102 1849 315 1900 quorum
351 1835 616 1883 sententias
659 1834 883 1883 referunt
932 1831 1382 1899 Olympiodorus2)‚
1428 1832 1707 1899 Proclus3),
1753 1833 1877 1884 Alci-

101 1919 226 1956 nous
238 1902 292 1968 4).
343 1904 403 1952 At
438 1906 566 1954 enim
603 1919 716 1953 vero
755 1921 815 1954 ex
852 1907 985 1954 omni
1009 1904 1223 1954 Platonis
1258 1905 1584 1967 disputatione
1622 1906 1739 1954 satis
1766 1919 1878 1967 per-

101 1977 327 2059 spicuum
373 1982 445 2024 est
495 1991 607 2025 eum
662 1980 818 2024 totum
874 1977 1089 2025 animum
1135 1991 1242 2025 esse
1277 1975 1490 2024 voluisse
1533 1975 1878 2037 imm01talem‚

102 2048 216 2097 licet
251 2040 314 2095 τό
342 2041 590 2112 θυμικὸν
618 2051 664 2094 et
697 2041 758 2095 τὸ
788 2042 1198 2112 ἐπιθυμητικὸν
1225 2047 1327 2095 eius
1354 2047 1602 2095 censuerit
1628 2061 1741 2095 cum
1769 2060 1878 2094 cor-

102 2133 224 2184 pore
261 2132 371 2166 esse
407 2118 677 2180 cognatius.
748 2115 939 2181 Quippe
975 2122 1087 2165 sunt
1130 2115 1508 2165 imm01talitatis
1550 2117 1701 2180 ipsius
1746 2121 1879 2166 certe

17 2199 20 2206 ’
48 2208 54 2212 ·
104 2188 286 2254 gradus
311 2188 452 2245 varii,
469 2155 886 2251 ‘’quandoquidem
916 2187 1064 2236 animi
1094 2187 1335 2237 beatitatis
1364 2202 1474 2235 cum
1504 2203 1559 2235 ea
1587 2188 1881 2236 coniunctae

103 2259 212 2323 plus
238 2259 459 2307 minusve
484 2258 605 2306 fiunt
631 2257 908 2321 participes,
930 2257 1096 2321 prouti
1120 2258 1214 2321 ipsi
1236 2273 1262 2305 a
1290 2258 1515 2321 corporis
1535 2257 1881 2305 communione

103 2330 247 2379 libeii
283 2335 330 2378 et
363 2330 606 2378 immunes
643 2330 956 2384 exstiterunt,
994 2328 1042 2376 id
1070 2327 1200 2398 quod
1227 2327 1301 2376 vel
1328 2343 1387 2376 ex
1414 2343 1471 2376 eo
1500 2326 1768 2376 clarissime
1796 2342 1879 2391 ap-

21 2463 27 2466 <
103 2406 268 2467 paret,
299 2400 429 2464 quod
457 2401 540 2448 uni
568 2400 811 2463 sapientes
837 2400 1079 2463 perfecta
1081 2397 1454 2447 immortalitatis
1483 2397 1719 2447 beatitate
1756 2398 1801 2445 f1
1808 2413 1877 2446 ui

106 2473 204 2521 turi
241 2485 346 2520 esse
381 2470 674 2519 iudicantur.
726 2469 895 2534 Itaque
930 2464 991 2518 τὸ
1027 2451 1274 2534 θυμικὸν
1302 2475 1348 2517 et
1382 2462 1444 2517 τὸ
1474 2463 1883 2533 ἐπιθυμητικὸν

11 2583 22 2598 .,
104 2558 168 2592 ne
203 2547 315 2606 post
354 2547 562 2590 mortem
601 2541 795 2604 quidem
833 2541 1051 2606 quamvis
1086 2541 1241 2588 fracta
1269 2539 1492 2603 corporis
1518 2540 1564 2587 vi
1591 2544 1638 2587 et
1663 2538 1881 2618 potentia

105 2612 250 2678 plane
285 2612 345 2661 ab
383 2613 556 2661 animis
593 2612 730 2660 abest
755 2613 848 2659 nisi
875 2617 1116 2676 quatenus
1142 2611 1237 2659 iam
1264 2611 1314 2658 in
1341 2610 1433 2659 hac
1459 2611 1555 2658 vita
1580 2610 1650 2658 vis
1679 2609 1782 2657 eius
1811 2615 1884 2658 est

13 2699 28 2742 g
107 2685 231 2732 victa
269 2690 316 2731 et
349 2682 506 2748 quoad
542 2683 650 2732 fieri
684 2683 842 2747 potuit
877 2696 1154 2746 suppressa.
1208 2679 1448 2737 Quocirca
1483 2679 1797 2729 vehementer
1832 2681 1882 2728 in

106 2756 182 2805 his
210 2753 521 2803 dissentimus
557 2769 667 2803 cum
705 2753 752 2802 C.
786 2752 839 2801 F.
870 2750 1288 2816 IIerma11n05),
1326 2753 1410 2816 qui
1448 2751 1672 2800 evincere
1699 2749 1883 2800 studuit

106 2824 360 2876 Platonem
387 2824 538 2874 solius
564 2826 716 2888 partis
737 2825 887 2872 animi
907 2822 1160 2872 rationalis
1185 2821 1600 2871 immortalitatem
1638 2822 1880 2871 statuisse.

0 2937 16 2967 {y
250 2895 412 2945 Posita
449 2896 596 2958 igitur
632 2893 1013 2944 immortalitatis
1041 2894 1320 2942 definitione
1349 2893 1460 2942 inde
1486 2909 1512 2941 a
1541 2908 1646 2957 cap.
1674 2891 1773 2940 XV.
1802 2907 1880 2940 ac·

112 2967 301 3016 ceditur
337 2965 533 3014 tandem
570 2965 628 3014 ad
668 2972 982 3027 argumenta,
1020 2963 1195 3028 quibus
1233 2963 1484 3013 dialectice
1521 2964 1884 3012 demonstratur

117 3039 304 3087 animos
332 3051 438 3085 esse
463 3035 778 3085 immortales,
819 3034 1018 3085 Orditur
1044 3036 1192 3098 igitur
1220 3034 1415 3091 dehinc,
1445 3034 1587 3084 sicuti
1611 3034 1707 3083 iam
1734 3033 1882 3095 signi-

226 3193 268 3243 1)
299 3192 369 3232 Ad
398 3192 529 3244 Reip.
562 3192 591 3232 l.
622 3191 703 3232 III.
735 3204 778 3243 p.
811 3193 893 3232 410
913 3191 965 3231 B.

226 3248 272 3302 2)
306 3249 458 3290 Schol.
491 3249 536 3287 in
566 3247 636 3287 Pl
668 3246 840 3288 Phaed.
872 3249 910 3297 ἓ.
946 3249 1040 3289 175.
1077 3247 1146 3289 ed.
1177 3246 1373 3288 Finckh.

229 3303 272 3356 3)
304 3305 373 3345 Ad
403 3306 517 3344 Tim.
550 3319 590 3356 p.
622 3305 700 3343 311
734 3317 798 3355 sq.

226 3359 270 3412 4)
303 3363 486 3414 Isagog
518 3364 584 3404 25.

226 3416 269 3469 5)
301 3418 486 3470 Disput
530 3419 582 3458 de
622 3418 832 3470 partibus
872 3417 1052 3458 animae
1091 3415 1422 3456 immortalibus
1455 3413 1698 3457 secundum
1728 3410 1883 3451 Plato-

113 3485 232 3518 nem.
265 3474 472 3529 Gotting.
506 3476 628 3516 1850.
