2158 3718
766 160 847 196 AD
889 157 1247 197 SYMPOSIUM.
1567 156 1571 159 “
1756 158 1858 195 le

175 295 268 340 aut
304 286 594 356 quaerendi
631 285 1025 354 disserendique
1060 286 1261 339 ratione
1299 303 1396 337 sua
1431 302 1610 336 rerum
1634 283 1740 336 vim
1764 303 1888 335 na·—

135 362 140 366 ’
176 366 452 427 turamque
488 357 763 426 exqssirere
799 365 852 409 et
890 356 1034 409 salva
1067 354 1290 408 veritate
1325 355 1382 407 in
1416 354 1700 407 illustriore
1736 353 1854 406 luce

172 429 429 483 collocare
462 428 569 480 ullo
605 426 762 480 modo
797 436 1031 497 possent.
1072 424 1194 493 Quo
1230 425 1446 495 quidem
1486 425 1643 478 modo
1670 424 1857 478 callide

173 507 226 551 et
255 498 419 552 veluti
453 517 550 569 per
587 506 900 551 transennas
926 498 1084 551 etiam
1106 497 1236 549 illud
1262 495 1303 550 si
1347 495 1598 559 nificavit,
1633 495 1778 564 quod
1801 504 1861 546 ut

171 567 551 641 intelligeretur
585 587 712 622 sane
736 569 1023 639 plurimum
1045 568 1214 639 ipsius
1238 567 1303 620 de
1342 567 1423 620 uit
1445 566 1719 631 interesse,
1756 584 1862 634 qua

164 639 259 693 ‘via
294 649 349 693 et
381 639 587 692 ratione
623 639 732 692 vita
764 639 1057 693 communis
1093 639 1249 693 altius
1286 638 1354 690 ad
1390 636 1750 708 philosophiae
1776 636 1859 688 di-

169 709 427 780 gnitatem
445 710 598 764 evehi
622 719 676 764 et
700 709 877 764 extolli
907 718 1107 781 posset.
1143 708 1281 762 Nam
1305 727 1486 768 amore
1509 707 1598 761 illo
1621 706 1860 780 legitimo

165 789 225 833 et
258 782 523 835 communi
559 800 704 834 more
739 790 950 852 recepto
987 780 1259 851 paullatim
1285 780 1354 831 ad
1379 779 1618 831 altiorem
1645 778 1856 848 sapien-

168 850 287 905 tiae'
319 871 554 905 amorem
579 852 772 905 educto
796 852 1030 920 itemque
1066 850 1328 904 rhetorica
1364 859 1417 903 et
1451 849 1600 920 poesi
1637 849 1705 900 ad
1742 849 1857 900 dia-

166 921 385 976 lecticae
408 923 669 976 rationem
694 923 988 994 composita
1006 931 1248 992 apertum
1272 929 1353 973 est
1377 921 1537 973 etiam
1554 920 1858 972 universam

166 991 350 1056 vitam,
390 1001 496 1045 tam
520 993 790 1064 publicam
824 1012 984 1062 quam
1006 993 1285 1063 privatam,
1310 991 1507 1044 iudicio
1534 991 1648 1044 eius
1674 1009 1854 1042 emen-

163 1063 301 1127 dari,
329 1063 512 1132 perfici
537 1072 589 1116 et
612 1062 835 1133 propius
855 1063 923 1115 ad
940 1061 1306 1133 philosophiae
1337 1061 1653 1131 dignitatem
1681 1069 1732 1113 et
1762 1079 1856 1113 ex-

166 1132 465 1186 cellentiam
501 1133 671 1186 educi.
718 1131 1059 1201 Quamquam
1094 1131 1440 1202 philosophus
1476 1132 1533 1183 in
1571 1129 1859 1200 Symposio

164 1202 381 1272 quidem
417 1203 485 1257 de
520 1204 641 1277 upis
666 1204 896 1257 maxime
921 1202 1116 1257 amoris
1139 1202 1432 1256 rationibus
1468 1201 1597 1284 egit,
1636 1202 1857 1255 alteram

164 1274 456 1327 sententiae
491 1283 699 1345 partem
724 1274 896 1327 obiter
920 1282 1126 1326 tantum
1161 1282 1213 1326 et
1250 1273 1562 1326 secundana
1586 1291 1749 1342 opera
1774 1280 1856 1323 at-

165 1344 303 1416 tigit,
343 1345 643 1399 accuratius
680 1345 789 1398 iam
823 1345 880 1397 in
902 1344 1148 1398 Phaedro
1180 1344 1495 1398 illustratam
1525 1343 1685 1396 illam.
1740 1342 1858 1395 Iam

164 1434 292 1469 vero
327 1415 459 1469 haec
495 1417 671 1470 omnia
704 1416 979 1486 praeclaro
1015 1415 1238 1469 artificio
1275 1414 1432 1467 etiam
1467 1414 1542 1466 ita
1578 1412 1859 1466 adornavit

162 1505 227 1539 ac
272 1486 534 1551 tractavit,
582 1495 642 1539 ut
690 1507 798 1539 una
842 1487 1135 1555 eademque
1183 1505 1347 1557 opera
1383 1484 1540 1538 etiam
1579 1482 1851 1538 Socratem

161 1566 432 1626 tamquam
471 1557 724 1629 sapientis
759 1557 815 1610 in
847 1557 967 1628 ipsa
990 1557 1102 1611 vita
1125 1556 1402 1610 constituti
1426 1555 1703 1627 egregiam*
1719 1555 1854 1607 ima-

159 1627 342 1697 ginem
374 1628 711 1699 proposuerit
748 1647 975 1697 eumque
1014 1628 1170 1681 simul
1214 1628 1374 1681 etiam
1417 1627 1484 1680 ab
1530 1626 1853 1679 criminatio-

159 1696 319 1751 nibus
366 1699 814 1763 adversariorum,
860 1698 1104 1769 inprimis
1147 1697 1549 1768 AristophaniS‚
1603 1696 1851 1750 urbanis-

159 1767 293 1822 sime
318 1768 685 1823 vindicaverit.
720 1769 860 1822 Nam
881 1770 1044 1822 ssfinxit
1074 1771 1308 1840 profecto
1335 1788 1455 1821 eum
1478 1767 1851 1838 philosophum

160 1847 466 1905 amatorem,
503 1840 613 1910 qui,
644 1841 851 1894 etiamsi
876 1859 982 1893 non
1013 1840 1244 1893 maxima
1263 1857 1506 1907 quaeque
1526 1847 1849 1906 assequutus

128 1915 325 1973 esset,
375 1930 510 1980 quae
557 1912 625 1965 ad
670 1911 898 1982 perfecti
947 1910 1138 1963 amoris
1184 1910 1398 1966 laudem
1433 1909 1847 1976 requirerentur,

161 1990 340 2034 tamen
394 2001 600 2035 summa
652 2002 754 2052 ope
809 1982 878 2034 ad
931 1981 1162 2033 maxima
1216 1998 1454 2050 quaeque
1504 1977 1850 2032 contenderet

159 2052 735 2122 praestantissimisque
780 2051 1070 2105 virtutibus
1116 2051 1185 2103 ad
1228 2050 1571 2104 obtinendam
1624 2049 1847 2120 perfecti

156 2123 412 2175 amatoris
435 2123 648 2176 laudem
670 2123 983 2176 necessariis
1001 2135 1219 2175 ornatus
1239 2129 1392 2175 esset.
1430 2120 1846 2190 Aristophanem

159 2201 338 2245 autem
373 2212 478 2245 una
513 2212 636 2247 cum
678 2212 740 2246 eo
775 2193 850 2246 ita
883 2193 1039 2246 iussit
1070 2193 1373 2263 Agathonis
1410 2191 1651 2244 convivio
1687 2191 1849 2243 inter-

158 2281 294 2326 esse,
330 2272 389 2316 ut
425 2273 479 2316 et
512 2263 628 2334 ipse
663 2264 931 2317 videretur
966 2262 1264 2317 admirabili
1292 2262 1529 2333 sapiente
1554 2261 1768 2314 inferior
1793 2270 1845 2313 et

158 2333 352 2386 tacitus
396 2334 641 2406 egregias
686 2334 828 2388 illius
874 2334 1059 2388 laudes
1107 2333 1217 2388 suis
1252 2334 1369 2404 ipse
1405 2331 1623 2385 auribus
1659 2331 1844 2384 audire

157 2423 222 2457 ac
297 2404 534 2475 ercipere
570 2413 864 2477 cogeretur.

282 2494 318 2526 n
375 2475 561 2541 habes!
587 2486 822 2529 nostram
878 2475 944 2528 de
991 2472 1265 2545 Symposii
1319 2482 1630 2545 argumento
1687 2482 1843 2541 atque

156 2545 262 2598 fine
297 2545 630 2610 sententiam,
666 2565 774 2616 qua
799 2546 1016 2615 quidem
1040 2545 1355 2616 explicanda
1381 2545 1426 2597 si
1449 2545 1506 2596 id
1530 2544 1842 2612 consequuti

156 2615 344 2679 simUS,
379 2626 438 2670 ut
474 2618 658 2671 saltem
693 2617 895 2686 aliquid
931 2617 1000 2668 ad
1023 2616 1309 2669 iuvandam
1345 2615 1510 2668 divini
1546 2614 1720 2686 operis
1757 2614 1842 2667 in-

159 2685 507 2759 telligentiam
551 2688 839 2741 contulisse
875 2686 1256 2750 existimemur,
1303 2705 1370 2738 ex
1405 2686 1582 2738 animo
1617 2684 1840 2739 laetabi-

157 2776 304 2820 mur3
346 2758 428 2811 sin
463 2758 630 2823 aliter,
671 2768 814 2812 certe
848 2777 947 2812 nos
984 2757 1110 2811 boni
1136 2757 1339 2811 consilii
1365 2756 1687 2810 conscientia
1712 2775 1839 2809 con-

159 2827 429 2892 solabitur,
478 2829 675 2900 quippe
712 2829 804 2898 qui
847 2829 1003 2882 unice
1038 2828 1095 2881 id
1131 2827 1563 2900 spectaverimuS,
1611 2836 1672 2880 ut
1706 2827 1840 2880 libro

157 2897 460 2952 etiamnunc
515 2900 730 2970 saepius
782 2900 920 2953 lecto
967 2918 1126 2968 quam
1178 2899 1445 2953 inteHecto
1494 2917 1590 2969 pro
1638 2897 1841 2951 viribus

157 2986 324 3020 novae
358 2968 494 3021 lucis
530 2968 729 3038 aliquid
765 2970 1173 3023 affunderemus.

227 3037 413 3106 Neque
450 3046 626 3091 tamen
649 3040 837 3092 inutile
862 3041 979 3103 erit,
1007 3039 1209 3109 opinor,
1236 3041 1393 3094 etiam
1418 3040 1620 3111 potiora
1642 3037 1838 3092 iudicia

159 3109 378 3161 aliorum
426 3108 756 3179 cognovisse,
802 3110 894 3178 qui
931 3110 1221 3164 recentiore
1266 3120 1436 3165 aetate
1474 3112 1539 3163 de
1576 3107 1835 3161 Platonici

158 3179 362 3232 consilii
407 3179 609 3231 ratione
645 3187 698 3231 et
735 3180 1108 3249 compositione
1145 3181 1569 3252 disputaverunt,
1619 3179 1661 3231 si
1705 3178 1835 3230 forte

157 3250 271 3303 ficri
307 3250 494 3320 possit,
532 3259 592 3301 ut
628 3250 749 3303 inde
785 3251 943 3303 etiam
980 3251 1166 3305 melius
1202 3253 1331 3321 quid
1369 3256 1654 3322 repetatur,
1691 3247 1834 3316 quod

158 3321 224 3373 ad
261 3321 437 3391 operis
475 3330 640 3373 artem
679 3340 738 3373 ac
776 3321 1029 3375 rationem
1074 3322 1267 3377 rectius
1303 3320 1638 3375 iudicandam
1675 3317 1832 3372 aesti-
