2158 3718
391 133 474 171 1211
1001 104 1447 170 PROLEGOMENA

390 259 713 329 floridosque
750 259 955 312 animos
991 257 1288 312 inhabitare
1325 259 1532 329 poetice
1569 259 1739 328 magis
1766 263 1926 327 quam
1950 258 2077 312 sub-

390 330 550 384 tiliter
584 331 833 384 ostendat
869 331 948 399 (p.
977 329 1095 381 195.
1122 327 1178 380 D
1199 374 1266 381 ....
1287 331 1404 382 196.
1430 328 1539 401 B.).
1606 328 1710 382 His
1748 349 1874 383 vero
1911 348 2077 399 expo-

389 401 506 455 sitis
555 402 746 454 deinde
795 415 924 454 eum
962 399 1151 452 docere
1207 399 1434 453 instituit
1479 400 1637 453 etiam
1687 409 1936 469 quattuor
1979 400 2080 454 illis

390 472 692 536 virtutibus,
731 489 863 540 quas
901 469 1062 540 vulgo
1088 469 1274 522 dicunt
1297 471 1608 536 cardinales,
1646 471 1910 544 insignem
1932 471 2082 524 ideo-

388 562 492 613 que
528 543 788 614 optimum
825 559 942 594 esse
980 541 1057 611 (p.
1087 541 1204 593 196.
1232 539 1364 593 Β-
1386 542 1506 594 197.
1535 539 1645 612 G),
1695 561 1830 610 quae
1882 550 1933 594 et
1964 542 2083 613 ipsa

388 613 754 684 multipliciter
800 620 1149 675 exornantur,
1194 622 1255 664 ut
1299 630 1398 665 nec
1441 613 1580 665 desit
1626 613 1681 665 in
1716 613 1783 665 iis
1822 613 2083 682 quaedam

387 685 602 738 luxuria
638 702 702 736 ac
737 682 1017 748 festivitaS,
1056 681 1228 751 qualis
1267 701 1394 735 sane
1428 683 1676 737 iuvenem
1702 684 1964 754 tragicum
1989 684 2082 736 de-

390 764 523 809 ceat.
589 753 696 806 His
743 752 990 806 omnibus
1027 761 1205 806 autem
1241 753 1472 823 denique
1510 754 1902 826 subiunguntur
1939 773 2081 807 com-

387 843 574 878 munes
621 824 709 877 dei
755 824 970 889 laudeS,
1019 831 1174 893 quae,
1228 824 1385 877 sicuti
1434 843 1555 877 cum
1603 825 1858 897 singulari
1892 826 2086 878 mentis

388 894 740 949 concitatione
784 904 946 965 atque
995 895 1318 949 exultatione
1371 896 1743 966 proferuntur,
1803 897 1880 948 ita
1924 896 2083 949 etiam

387 966 675 1020 manifesta
719 985 850 1038 prae
899 985 956 1019 se
1010 966 1189 1020 ferunt
1242 966 1371 1019 artis
1424 965 1719 1019 rhetoricae
1775 975 2087 1019 ornamenta

390 1038 724 1107 maximeque
773 1037 1046 1091 antithetis
1093 1045 1148 1090 et
1189 1037 1403 1091 isocolis
1448 1037 1682 1090 studiose
1730 1036 1982 1106 quaesitis
2031 1045 2085 1090 et

392 1109 656 1163 cumulate
692 1109 952 1162 acervatis
986 1107 1225 1180 insignes
1265 1116 1387 1162 sunt
1412 1108 1493 1179 (p.
1522 1109 1639 1163 197.
1669 1105 1925 1178 C-E.).
1969 1106 2084 1160 Ita-

389 1198 495 1249 que
530 1179 835 1264 Agathonis
871 1179 1036 1234 oratio
1080 1180 1240 1232 refert
1275 1180 1456 1233 nescio
1500 1178 1630 1248 quid
1667 1178 1857 1250 tragici
1893 1179 2085 1233 coloris

392 1250 713 1322 sophistlcae
750 1250 878 1304 artis
915 1250 1203 1322 pigmentis
1247 1250 1480 1303 obducti.
1539 1248 1871 1303 Postremam
1909 1258 2087 1303 autem

391 1321 508 1374 eius
543 1330 750 1393 partem
789 1331 1032 1392 apertum
1068 1328 1148 1374 est
1182 1320 1259 1373 ita
1295 1339 1413 1374 esse
1440 1329 1817 1391 comparatam,
1855 1330 1915 1373 ut
1943 1320 2086 1373 unde

392 1393 546 1445 fucus
580 1392 669 1445 ille
707 1392 972 1445 oratorius
998 1391 1191 1445 ductus
1219 1391 1304 1457 sit,
1342 1410 1499 1444 nemo
1526 1391 1808 1460 quisquam
1833 1390 2084 1464 ambigat.

393 1462 577 1516 Habet
614 1462 755 1516 enim
783 1480 958 1515 sermo
986 1462 1271 1515 manifesta
1303 1459 1610 1535 Gorgianae
1643 1462 1978 1531 eloquentiae
2013 1462 2085 1515 si-

392 1553 502 1606 gna
539 1541 594 1586 et
629 1541 961 1606 argumenta,
1005 1532 1063 1585 id
1096 1532 1244 1600 quod
1282 1530 1530 1586 Socrates
1569 1533 1729 1585 etiam
1762 1533 1940 1586 verbis
1977 1533 2086 1590 cla-

391 1603 617 1657 rissimis
641 1604 820 1675 prodit
842 1622 896 1686 p.
925 1603 1044 1657 198.
1072 1600 1155 1667 C„
1191 1603 1283 1672 qui
1318 1621 1433 1656 sese
1457 1603 1785 1674 lepidissime
1810 1603 2088 1657 audiendis

392 1675 511 1728 istis
558 1675 634 1727 ait
685 1672 922 1746 Gorgiae
980 1691 1098 1726 esse
1156 1675 1643 1728 commonefactum.
1687 1721 1694 1732 ,.
1717 1673 1792 1726 Et
1843 1675 2087 1727 conferas

293 1743 298 1757 '
395 1746 555 1798 etiam
579 1745 645 1797 de
667 1742 905 1817 Gorgiae
929 1744 1141 1798 dicendi
1160 1744 1395 1798 artificiis
1413 1744 1532 1798 Pla
1546 1754 1582 1797 t.
1606 1742 1777 1816 Gorg.
1797 1764 1851 1816 p.
1870 1747 1996 1800 448.
2020 1743 2084 1798 C.

393 1817 515 1870 467.
535 1815 602 1869 Β.
629 1824 683 1869 et
705 1813 919 1869 Cicer.
941 1812 1094 1869 Orat.
1114 1816 1218 1881 25„
1243 1815 1339 1869 ubi
1361 1816 1494 1868 ratio
1522 1816 1635 1869 eius
1659 1817 1745 1869 vel
1769 1815 2089 1869 describitur

316 1899 318 1903 ’
395 1887 483 1940 vel
518 1886 775 1939 imitando
802 1905 1054 1969 expressa
1081 1895 1179 1939 est.
1225 1885 1417 1956 Itaque
1441 1886 1659 1958 Agatho
1684 1887 1966 1940 manifesto
1990 1906 2090 1940 no-

395 1966 538 2011 tatur
563 1966 720 2028 atque
745 1967 982 2031 carpitur
1007 1965 1278 2027 tamquam
1302 1957 1537 2030 tragicus
1556 1977 1622 2011 ex
1645 1956 1882 2040 Gorgiae
1910 1957 2089 2011 schola

394 2029 697 2099 profectuS,
749 2028 900 2082 cuius
945 2028 1137 2093 oratic,
1187 2029 1293 2081 iam
1329 2029 1564 2098 alioquin
1599 2029 1952 2100 grandisona,
2001 2038 2090 2081 tu·

394 2099 540 2152 mida
576 2108 630 2153 et
661 2100 807 2152 inani
848 2108 962 2153 arte
1000 2099 1371 2164 calamistrata,
1421 2099 1581 2153 etiam
1614 2099 1963 2169 sophisticum
1997 2119 2087 2153 co-

395 2172 562 2225 lorem
599 2171 850 2224 traxerit.
901 2170 976 2223 Et
1009 2169 1173 2224 habet
1208 2189 1272 2224 ea
1305 2171 1543 2242 profecto
1578 2190 1676 2242 pro
1711 2189 1839 2224 vera
1875 2178 2087 2224 senten-

396 2242 589 2294 tiarum
623 2242 988 2313 magnitudine
1022 2260 1220 2295 vanum
1255 2250 1540 2307 tumorem,
1577 2260 1675 2312 pro
1711 2242 1951 2296 acumine
1985 2261 2086 2312 pu-

394 2312 570 2366 tidum
605 2313 938 2384 argutiarum
971 2312 1171 2383 frigUS,
1209 2332 1307 2384 pro
1345 2313 1500 2383 copia
1536 2306 1839 2382 divitiisque
1864 2313 2087 2366 inertem

397 2382 667 2454 quandam
703 2393 863 2454 atque
899 2383 1184 2438 iuvenilem
1221 2384 1516 2449 luxuriam,
1553 2403 1651 2455 pro
1686 2384 1867 2437 nativa
1901 2402 2086 2436 nume-

395 2473 578 2508 ·rorum
615 2455 876 2509 suavitate
914 2463 968 2508 et
1004 2454 1266 2526 elegantia
1300 2455 1514 2509 inanem
1549 2456 1741 2522 lusum,
1788 2456 1892 2525 quo
1939 2455 2090 2526 paria

374 2524 621 2596 ·paribus
665 2527 850 2590 relata,
901 2526 1160 2579 similiter
1179 2527 1426 2580 conclusa
1475 2527 1767 2595 eodemque
1803 2534 1960 2596 pacto
1998 2544 2086 2578 ca-

395 2596 580 2649 dentia
614 2597 1044 2661 accumulantur,
1098 2597 1327 2665 denique
1371 2616 1470 2667 pro
1506 2597 1650 2650 veris
1687 2595 1969 2649 virtutibus
2006 2595 2087 2647 di-

394 2666 589 2720 ctionis
615 2675 667 2720 et
690 2667 1042 2735 eloquutionis
1066 2667 1196 2719 vitia
1217 2667 1323 2719 illis
1347 2667 1541 2719 affinia.
1579 2667 1657 2719 At
1679 2665 1928 2718 nimirum
1951 2666 2089 2719 hanc

395 2736 612 2789 dicendi
629 2736 888 2789 rationem
900 2736 1175 2807 Agathoni
1192 2737 1460 2807 propriam
1476 2738 1642 2789 fuisse
1661 2736 1921 2792 discimus
1931 2738 2087 2790 etiam

402 2825 470 2860 ex
506 2806 854 2876 Aristoph.
889 2805 1271 2877 Thesmophor.
1308 2827 1359 2860 v.
1385 2807 1452 2859 39
1479 2825 1555 2875 sq.
1593 2808 1694 2871 60.,
1729 2806 1824 2860 ubi
1862 2827 1911 2860 v.
1943 2806 2087 2860 Ku-

402 2885 551 2930 ster.
570 2884 631 2929 „th
654 2875 972 2949 Bergler.,
998 2896 1134 2931 vers.
1163 2878 1264 2931 107
1291 2896 1367 2948 sq.
1405 2897 1457 2931 v.
1486 2878 1622 2941 198..
1659 2877 1755 2931 ubi
1791 2877 1927 2931 conf.
1963 2897 2085 2931 ann.

401 2945 519 3000 Fri
534 2946 711 3011 tsc¹h.,
727 2946 1009 3002 Aeliano
1028 2947 1188 3002 Varr.
1208 2947 1355 3002 Hist.
1374 2947 1540 3002 XIV.
1557 2949 1657 3014 13„
1677 2947 1771 3001 ubi
1789 2948 2086 3012 v.Kuhn.,

400 3026 459 3071 -et
480 3016 674 3071 Philo
691 3026 907 3072 strato
932 3017 1043 3072 Vit.
1072 3016 1237 3090 Soph.
1261 3018 1307 3072 I.
1332 3039 1387 3090 p.
1411 3020 1532 3073 497.
1556 3020 1639 3073 ed.
1662 3018 1842 3074 Olear.
1881 3017 2084 3086 Quam-

401 3087 583 3143 obrem
623 3107 731 3142 non
780 3097 859 3143 est
906 3089 1128 3143 dubium
1171 3090 1330 3144 huius
1377 3109 1588 3160 quoque
1636 3091 1926 3144 orationem
1971 3109 2087 3143 esse

399 3163 672 3230 tamquam
701 3159 777 3212 ad
811 3160 992 3214 vivum
1029 3180 1337 3232 expressam
1381 3163 1642 3233 planeque
1679 3161 1748 3213 ad
1785 3160 2084 3214 similitudi-

398 3249 526 3304 nem
562 3231 820 3296 dictioni-S,
855 3249 966 3301 qua
993 3232 1124 3285 alias
1147 3233 1413 3297 utebatur,
1452 3242 1823 3305 comparatam,
1882 3231 2085 3285 Verum

395 3300 544 3356 enim
568 3321 693 3358 vero
724 3321 887 3374 quum
919 3321 1040 3357 eum
1077 3304 1416 3360 manifestum
1454 3305 1523 3358 sit
1558 3305 1632 3358 ita
1666 3304 1965 3372 loquentem
2000 3301 2082 3355 in-
