2222 3762
1681 167 1831 219 XIX

135 307 372 377 quodam
408 307 606 361 inclusi
642 316 927 376 tenentur,
980 308 1075 361 sed
1114 308 1240 361 olim
1279 309 1335 361 in
1376 308 1659 361 beatorum
1703 308 1832 362 deo·-

132 399 253 432 rum
289 385 449 431 coetu
486 385 767 432 versantes
807 388 1027 432 aeterna
1050 379 1142 432 illa
1168 398 1343 432 rerum
1377 378 1664 433 simulacra
1702 398 1832 433 con-

134 449 383 519 templati
421 456 583 519 atque
620 449 792 520 ipsius
830 451 1077 504 veritatis
1116 451 1433 521 cognitione
1471 452 1650 522 gavisi
1689 459 1831 505 sunt.

136 520 262 588 Qua
298 521 559 573 felicitate
601 540 767 590 quum
807 542 992 575 omnes
1030 530 1298 591 perpetuo
1346 524 1450 575 frui
1502 523 1831 592 potuissent,

138 600 252 646 tum
290 593 371 644 ita
407 591 626 660 accidit,
666 601 728 645 ut
765 594 920 645 multi
962 614 994 645 a
1030 593 1335 646 divinarum
1374 614 1554 646 rerum
1593 602 1835 647 contem-

134 664 376 735 platione
409 670 783 715 averterentur
805 672 967 734 atque
992 664 1142 717 humi
1168 665 1365 718 deiecti
1392 667 1448 717 in
1472 666 1688 717 mortali
1714 685 1834 718 cor-

134 754 267 805 pore
289 734 712 787 includerentur.
753 736 839 787 Ex
868 756 976 805 quo
999 744 1109 788 tam
1134 737 1422 789 multarum
1444 756 1622 788 rerum
1648 736 1837 807 cogni-

135 806 300 859 tionis
337 804 621 858 admiratio
659 807 887 874 tollitur,
930 827 1108 876 neque
1149 828 1212 860 ea
1233 808 1391 878 plane
1417 807 1569 860 videt
1605 809 1835 875 animus,

138 897 305 947 quum
323 885 548 947 repente
571 877 628 929 in
654 885 762 929 tam
787 878 1064 931 insolitum
1086 888 1307 948 tamque
1333 880 1710 949 perturbatum
1739 879 1837 932 do-

135 948 393 1002 micilium
416 949 761 1020 immigravit.
839 950 949 1002 Sed
989 969 1155 1018 quum
1193 970 1250 1002 se
1290 951 1512 1020 collegit
1550 958 1714 1020 atque
1753 969 1839 1003 re-

142 1020 379 1087 creavit,
420 1027 535 1071 tum
572 1021 824 1090 agnoscit
861 1020 954 1071 illa
990 1020 1386 1073 reminiscendo
1437 1029 1599 1090 atque
1635 1023 1690 1073 in
1729 1041 1839 1073 me-

137 1090 361 1144 moriam
397 1089 542 1142 redit
581 1109 796 1157 eorum,
832 1109 989 1159 *quae
1040 1091 1098 1144 in
1137 1093 1418 1162 superiore
1456 1092 1570 1144 vita
1608 1111 1840 1162 conspe-

137 1169 307 1214 xerat.
396 1160 689 1232 Contingit
731 1181 861 1213 vero
912 1162 1045 1215 haec
1096 1163 1404 1216 recordatio
1462 1164 1527 1215 iis
1586 1164 1840 1216 facillime

139 1241 301 1302 atque
338 1233 590 1299 maxime,
632 1233 725 1300 qui
749 1233 1129 1303 philosophiae
1169 1254 1351 1288 amore
1382 1235 1612 1287 maxime
1653 1243 1841 1288 tenen-

136 1313 239 1356 tur.
313 1303 494 1356 Huius
546 1304 688 1356 enim
737 1324 839 1374 ope
889 1314 943 1357 et
981 1306 1249 1359 beneficio
1289 1307 1552 1374 efficitur,
1612 1321 1674 1358 ut
1727 1306 1842 1358 ani-

138 1394 257 1427 mus
292 1375 572 1444 paullatim
609 1395 641 1426 a
679 1376 923 1445 corporis
961 1377 1192 1430 vinculis
1249 1378 1475 1446 eiusque
1525 1377 1842 1448 cupiditati-

139 1447 243 1500 bus
293 1454 349 1499 et
394 1447 899 1517 perturbationibus
948 1448 1238 1517 liberetur,
1294 1457 1457 1519 atque
1507 1449 1845 1520 redintegret

142 1518 298 1587 quasi
335 1525 390 1570 et
422 1518 691 1571 instauret
727 1520 1038 1572 memoriam
1078 1519 1357 1589 idearum,
1399 1519 1468 1573 ad
1508 1540 1736 1589 quarum
1772 1521 1844 1574 si-

139 1588 497 1645 militudinem
547 1608 634 1642 res
684 1590 934 1644 sensibus
980 1592 1258 1644 subiectae
1310 1593 1679 1647 conformatae
1716 1600 1846 1646 sunt

143 1668 199 1713 et
236 1679 550 1732 expressae„
612 1661 809 1731 Itaque
848 1682 955 1731 quo
1006 1664 1126 1732 quis
1165 1664 1465 1734 sapientiae
1514 1671 1597 1716 est
1635 1663 1845 1717 studio-

144 1732 272 1799 sior,
315 1751 379 1785 eo
417 1732 630 1786 facilius
670 1733 738 1784 ad
778 1733 1063 1802 pristinam
1102 1735 1250 1787 illam
1287 1754 1410 1788 cum
1450 1735 1552 1788 deo
1591 1735 1844 1789 similitu-

144 1803 323 1856 dinem
362 1802 540 1857 denuo
579 1804 826 1857 evehitur
865 1805 934 1874 ³⁸).

285 1877 472 1944 Atque
521 1875 655 1928 haec
705 1875 926 1944 quidem
965 1884 1092 1929 sunt
1128 1878 1243 1930 fere
1293 1876 1674 1945 fundamenta,
1728 1876 1847 1945 qui-

144 1946 246 2000 bus
281 1946 440 1999 Plato
479 1947 654 1999 omnis
694 1947 972 2001 doctrinae
1023 1968 1153 2002 suae
1191 1948 1500 2003 aedificium
1539 1957 1848 2018 superstru-

115 2018 240 2070 ‘xit
313 2018 511 2087 Neque
548 2026 730 2071 tamen
770 2020 905 2073 satis
941 2020 1133 2073 habuit
1182 2021 1428 2074 veritatis
1477 2022 1656 2074 fontes
1695 2018 1849 2072 inda-

146 2107 337 2160 gasse,
383 2088 482 2142 sed
531 2089 590 2141 id
643 2090 803 2142 etiam
841 2091 1053 2144 studuit
1092 2092 1338 2160 efficere,
1393 2099 1454 2144 ut
1491 2092 1605 2144 veri
1643 2110 1850 2162 cogno-

153 2159 344 2212 scendi
379 2169 434 2212 et
469 2160 779 2229 explicandi
803 2163 1070 2215 rationem
1091 2163 1442 2233 patefaceret.
1520 2164 1717 2231 Itaque
1753 2161 1849 2214 ad-

147 2229 325 2282 hibuit
361 2237 530 2282 artem
571 2230 940 2300 dialecticam,
979 2252 1090 2286 non
1126 2253 1321 2285 vanam
1360 2235 1505 2285 illam
1545 2242 1599 2286 et
1635 2235 1851 2285 inanem

151 2301 482 2371 argutiarum
537 2302 918 2371 captati-icem,
973 2323 1113 2372 quae
1161 2306 1343 2357 fucum
1380 2305 1585 2357 faceret
1620 2304 1851 2357 homini-

151 2372 270 2439 buS,
310 2371 408 2425 sed
445 2391 563 2424 eam
600 2374 804 2442 potius,
846 2375 1022 2443 qualis
1061 2395 1093 2427 a
1133 2374 1363 2430 Socrate
1407 2384 1558 2444 ,esset
1596 2375 1854 2428 inchoata

150 2450 205 2495 et
243 2462 380 2512 quae
418 2451 654 2496 mentem
694 2465 726 2496 a
758 2446 941 2515 pravis
977 2447 1357 2516 perversisque
1384 2447 1730 2518 opinionibus
1767 2466 1853 2499 re-

150 2522 438 2586 purgatam
475 2514 544 2567 ad
582 2534 891 2587 germanam
918 2517 1246 2587 perduceret
1280 2518 1581 2586 scientiam,
1619 2518 1724 2571 hoc
1749 2525 1851 2585 est,

151 2584 222 2638 ad
264 2585 627 2658 cognitionem
664 2588 910 2640 veritatis
952 2598 1222 2642 aeternae.

294 2655 768 2724 Quemadmodum
801 2668 981 2712 autem
1006 2661 1164 2714 Plato
1196 2660 1338 2714 hanc
1368 2659 1673 2714 doctrinam
1696 2661 1854 2731 paul-

152 2726 303 2780 latim
343 2729 654 2783 excoluerat
689 2731 1078 2802 pervestigatis
1117 2732 1460 2802 superiorum
1499 2732 1855 2803 philosopho-

155 2818 273 2852 rum
309 2799 642 2869 rationibus‚
697 2801 775 2854 ita
821 2801 965 2855 idem
1001 2823 1100 2874 per
1135 2823 1347 2857 omnem
1385 2804 1650 2874 reliquam
1688 2805 1855 2857 vitam

157 2870 320 2923 etiam
373 2871 585 2924 studuit
638 2891 755 2925 eam
791 2874 1122 2945 amplificare
1175 2882 1230 2928 et
1262 2875 1541 2946 perficere.
1619 2877 1763 2928 Nam
1803 2882 1858 2928 et

157 2940 499 2995 indefessum
525 2944 770 2997 veritatis
795 2944 1034 3000 studium
1057 2947 1293 3000 animum
1318 2947 1602 3015 incitabat‚
1625 2955 1688 2999 ut
1714 2965 1854 3016 opus

159 3012 471 3066 inchoatum
509 3034 608 3085 pro
644 3015 851 3069 viribus
889 3018 1234 3087 absolveret,
1275 3025 1330 3070 et
1366 3019 1855 3090 peregrinationeS,

234 3271 273 3321 ⁸>
306 3270 369 3311 De
398 3270 482 3310 hac
512 3269 713 3310 Platonis
743 3273 960 3313 sententia
991 3272 1192 3314 subtilius
1225 3274 1544 3326 disputavimus
1575 3272 1622 3312 in
1658 3272 1857 3322 Prolegg.

315 3329 372 3368 ad
403 3327 680 3376 Phaedrum3
711 3336 778 3370 est
808 3330 922 3370 enim
953 3342 1005 3369 ea
1037 3342 1090 3369 ex
1121 3331 1216 3382 ipsa
1247 3333 1382 3373 animi
1411 3331 1671 3372 immortalis
1702 3336 1860 3371 natura

308 3386 584 3437 explicanda.

1410 3445 1521 3496 B*
