2158 3718
290 134 359 205 24
938 124 1425 194 PRbLEG-OMENA

291 297 526 347 scientiae
553 296 834 345 firmitatem
863 293 1096 360 explicata
1121 293 1278 342 omnis
1299 292 1638 358 philosophiae
1665 294 1727 342 sit
1751 293 2062 359 principium,

292 369 395 416 eius
421 369 494 416 rei
521 382 619 416 non
646 366 807 416 attulit
830 367 983 415 instas
1011 378 1196 413 causas.
1248 364 1499 422 Quatenus
1534 365 1665 413 enim
1691 362 2064 412 immortalitatis

291 453 378 503 spe
406 444 454 486 et
478 438 651 486 fiducia
682 438 840 486 omnis
866 436 1016 499 ipsius
1042 434 1380 498 philosophiae
1414 436 1650 499 perfectio
1678 434 1978 490 absolvatur,
2017 435 2063 483 id

290 509 490 556 minime
518 507 729 557 ostendit
756 522 917 571 neque
946 505 1160 554 Socratis
1187 503 1465 570 philosophi
1493 512 1703 554 mortem
1730 511 2064 555 commentan-

291 580 349 628 tis
374 579 587 641 imagine
615 577 714 627 ullo
742 578 888 626 modo
917 575 1194 625 declaravit.

431 649 527 697 Sed
564 650 815 698 veniamus
861 647 1056 696 tandem
1104 647 1163 694 ad
1208 661 1314 695 eam
1360 649 1674 703 sententiam,
1724 663 1869 712 quam
1906 662 2065 712 nuper

288 720 501 769 Franc.
539 714 1001 781 Susemihlius1)
1041 717 1271 766 defendit.
1333 717 1627 766 Persuasum
1664 734 1780 766 vero
1818 719 1961 766 etiam
1999 717 2065 766 illi

289 796 363 839 est
389 790 449 839 de
474 791 708 839 interiore
722 788 1000 837 Phaedonis
1028 803 1083 836 ac
1108 789 1349 853 Symposii
1377 789 1754 844 necessitudine,
1783 804 1875 837 nec
1905 794 2063 837 tamen

288 876 400 909 cum
438 859 565 917 aliis,
597 860 657 909 de
685 875 874 908 summa
904 860 1068 922 operis
1104 860 1186 923 qui
1211 858 1326 907 inde
1353 856 1516 907 iudicii
1542 860 1618 907 sui
1644 861 1857 907 rationes
1883 860 2062 924 repeti-

288 937 459 988 erunt,
489 945 843 995 usquequaque
871 930 1135 986 consentit,
1165 932 1347 994 quippe
1377 945 1485 977 cum
1512 929 1702 977 Platoni
1727 931 1774 977 in
1802 929 2064 978 Phaedone

289 1001 533 1051 exarando
561 998 608 1050 id
634 1003 797 1065 potius
824 1001 971 1050 fuisse
998 1003 1303 1064 propositum
1332 1007 1542 1057 censeat,
1568 1006 1622 1048 ut
1647 999 1933 1049 illustranda
1962 1001 2064 1048 ani-

287 1087 482 1122 morum
517 1071 882 1121 immortalitate
919 1072 1067 1120 animi
1103 1072 1169 1118 vis
1205 1077 1349 1135 atque
1376 1077 1549 1120 natura
1577 1072 1779 1135 eiusque
1805 1085 1915 1119 cum
1942 1071 2066 1120 ideis

286 1144 472 1208 pariter
500 1150 646 1207 atque
674 1158 784 1192 cum
812 1142 963 1191 rebus
990 1141 1340 1205 spectabilibus
1367 1142 1647 1190 coniunctio
1677 1149 1725 1190 et
1750 1141 2063 1191 necessitudo

286 1214 567 1277 aperiretur
606 1220 654 1262 et
689 1213 826 1278 quasi
852 1210 1260 1276 recluderetur2).
1312 1212 1449 1270 Quod
1481 1213 1627 1274 igitur
1655 1212 1965 1261 Steinhartus
1989 1214 2062 1261 iu-

286 1284 461 1333 dicavit
494 1286 579 1333 uni
614 1285 825 1333 maxime
863 1283 1145 1332 dialecticae
1184 1283 1526 1347 disputationis
1553 1285 1680 1346 parti
1706 1298 1813 1332 esse
1838 1284 2061 1346 proposi-

263 1362 412 1414 tum,
446 1363 501 1403 ut
537 1355 699 1403 animo
737 1359 905 1417 utpote
938 1354 1074 1403 ideae
1100 1354 1225 1402 vilae
1251 1354 1410 1402 tenaci
1438 1360 1485 1402 et
1512 1354 1735 1417 participi
1761 1359 1908 1416 atque
1933 1353 2063 1401 idea·

284 1441 398 1475 rum
434 1440 704 1489 rerumque
751 1424 974 1474 sensibus
1010 1423 1341 1473 subiectarum
1389 1425 1650 1488 interpreti
1687 1429 1735 1472 et
1761 1422 2062 1473 conciliatori

284 1499 412 1545 vitae
440 1496 804 1559 sempiternitas
831 1494 1117 1552 vindicetur,
1146 1496 1194 1544 id
1221 1495 1301 1544 ille
1330 1495 1529 1543 omnino
1555 1496 1620 1543 ita
1647 1495 1847 1558 accepit,
1885 1499 1939 1543 ut
1964 1509 2062 1544 non

284 1567 430 1616 modo
467 1582 665 1616 omnem
703 1567 1082 1630 disputationem
1120 1568 1167 1614 in
1205 1567 1353 1614 animi
1390 1567 1433 1613 vi
1470 1581 1526 1614 ac
1566 1572 1739 1616 natura
1778 1564 2063 1614 illustranda

286 1639 472 1687 versari
505 1638 819 1694 iudicaverit,
858 1639 1038 1702 quippe
1076 1652 1188 1686 cum
1224 1637 1336 1685 iude
1370 1643 1471 1685 tota
1508 1636 1786 1691 dialectica,
1826 1635 1980 1684 ethica
2017 1641 2065 1684 et

283 1709 482 1774 physica
522 1723 758 1772 suspensa
795 1709 880 1765 sit,
917 1723 1088 1757 verum
1126 1709 1268 1756 etiam
1306 1709 1357 1755 in
1386 1724 1440 1756 ea
1468 1723 1522 1756 re
1548 1706 1818 1772 principale
1844 1706 1959 1755 libri
1985 1721 2062 1755 ar-

283 1786 573 1842 gumentum
601 1786 648 1829 et
675 1778 930 1828 consilium
958 1780 1095 1827 cerni
1121 1780 1367 1834 statuerit,
1407 1780 1486 1827 cui
1519 1780 1680 1842 imago
1707 1776 1988 1842 philosophi
2013 1779 2062 1826 in

282 1851 455 1899 mortis
499 1851 910 1899 commentatione
948 1850 1091 1899 defixi
1127 1855 1375 1914 tamquam
1413 1849 1630 1898 subiecta
1667 1855 1714 1897 et
1750 1848 2062 1898 accomodata

283 1922 358 1969 sit.
412 1920 508 1970 Sed
546 1928 621 1971 est
656 1920 775 1970 illud
814 1920 1037 1984 profecto
1077 1920 1341 1977 eiusmodi,
1383 1927 1436 1969 ut
1461 1920 1711 1970 Phaedoni
1748 1919 2059 1974 attribuatur,

283 1991 413 2056 quod
441 1990 595 2040 multo
623 1990 766 2040 latius
793 1997 980 2056 pateat,
1010 2006 1156 2055 quam
1195 1990 1326 2055 quod
1365 1993 1622 2040 conveniat
1658 1996 1974 2054 argumente,
2011 1991 2061 2038 in

284 2077 381 2125 quo
409 2062 670 2127 disputatio
698 2062 811 2110 libri
838 2077 1008 2111 revera
1037 2068 1273 2111 versatur.
1311 2061 1432 2110 Nam
1461 2063 1554 2110 vim
1584 2069 1631 2111 et
1658 2069 1883 2110 naturam
1911 2063 2061 2111 animi

280 2134 332 2180 in
369 2133 464 2181 hoc
498 2132 625 2181 libro
661 2133 975 2182 manifestum
1012 2139 1085 2181 est
1111 2148 1210 2181 non
1236 2138 1388 2181 totam
1416 2139 1560 2198 atque
1586 2134 1826 2196 integram
1854 2133 2058 2197 exquiri,

283 2203 368 2252 sed
397 2210 600 2253 eatenus
628 2209 814 2253 tantum
843 2202 1103 2260 illustrari,
1133 2209 1375 2268 quatenus
1402 2204 1449 2253 id
1478 2205 1694 2253 instituta
1723 2203 1783 2252 de
1809 2204 2059 2252 immorta-

284 2273 415 2323 litate
443 2274 707 2338 disputatio
736 2275 970 2337 exegerit.
1024 2274 1092 2323 De
1122 2273 1401 2324 dialectices
1437 2282 1601 2324 autem
1630 2280 1776 2339 atque
1804 2274 1987 2323 ethices
2014 2281 2062 2323 et

280 2345 506 2409 physices
534 2361 646 2394 cum
675 2346 822 2394 animi
849 2346 1127 2408 cognitione
1159 2345 1516 2395 necessitudine
1543 2345 1609 2394 ibi
1636 2345 1758 2394 adeo
1785 2359 1883 2393 non
1911 2360 2059 2409 expo-

282 2417 427 2472 nitur,
458 2422 510 2465 ut
535 2417 627 2465 iste
654 2417 850 2480 quidem
878 2415 1218 2480 philosophiae
1245 2416 1382 2465 locus
1408 2417 1484 2465 vix
1511 2416 1678 2465 leviter
1705 2417 1987 2479 attingatur.

422 2487 495 2536 En
520 2488 669 2551 igitur
695 2487 848 2536 habes
874 2488 967 2535 iam
996 2488 1152 2536 varias
1179 2489 1461 2537 criticorum
1489 2487 1550 2536 de
1578 2487 1851 2536 Phaedonis
1878 2487 2060 2536 ultimis

281 2555 497 2606 consiliis
534 2574 590 2606 ac
633 2557 905 2607 rationibus
944 2559 1230 2615 sententiaS,
1270 2565 1438 2607 nostra
1475 2559 1713 2607 memoria
1752 2558 1800 2606 in
1842 2557 2058 2606 medium

281 2627 463 2676 allatas,
517 2628 652 2686 Quae
688 2635 807 2692 quot
843 2634 890 2677 et
925 2630 1116 2692 quantis
1157 2628 1396 2677 obnoxiae
1423 2630 1519 2676 sint
1555 2627 1961 2684 dubitationibus,
2000 2644 2057 2677 ex

283 2699 359 2754 iis,
401 2713 525 2763 quae
561 2714 587 2746 a
624 2698 768 2747 nobis
805 2700 1021 2761 exposita
1059 2706 1194 2754 sunt,
1233 2698 1373 2748 facile
1407 2698 1721 2761 intellegitur.
1786 2698 2058 2756 Quominus

282 2770 429 2831 igitur
455 2770 789 2818 recentiorum
818 2769 1101 2817 criticorum
1128 2769 1318 2818 iudiciis
1345 2777 1582 2831 protenus
1610 2769 1926 2825 accedamus,
1955 2785 2055 2818 ma-

281 2839 408 2887 xime
443 2837 566 2888 haec
603 2838 835 2887 officiunt.
900 2839 1117 2888 Primum
1146 2840 1274 2889 enim
1302 2838 1369 2888 illi
1396 2855 1494 2888 non
1522 2856 1674 2905 pauca
1706 2841 1765 2889 ad
1791 2855 2055 2904 argumen-

282 2918 385 2958 tum
422 2915 468 2957 et
506 2908 766 2958 consilium
793 2909 1067 2958 Phaedonis
1105 2910 1404 2967 retulerunt,
1444 2926 1568 2974 quae
1596 2912 1643 2959 in
1670 2911 1765 2959 hoc
1793 2925 1942 2974 opere
1975 2917 2057 2960 aut

280 2980 424 3043 plane
456 2995 554 3029 non
589 2985 861 3028 tractantur
899 2987 980 3028 aut
1017 2979 1184 3030 leviter
1222 2987 1410 3030 tantum
1438 2984 1766 3045 attinguntur,
1805 2987 1860 3029 ut
1894 2983 2055 3047 potius

395 3193 435 3244 1)
470 3192 740 3233 Prodromus
761 3193 1075 3245 platonischer
1095 3194 1439 3247 Forschungen,
1470 3208 1574 3247 pag.
1598 3197 1623 3234 3
1645 3206 1713 3245 sq.
1756 3198 1843 3237 Die
1876 3199 2053 3250 geneti-

278 3249 387 3290 sche
408 3249 767 3303 Entwickelung
788 3250 868 3290 der
888 3250 1208 3303 platonisehen
1229 3251 1543 3304 Philosophie.
1571 3250 1671 3292 Vol.
1696 3256 1731 3294 I.
1754 3267 1858 3307 pag.
1880 3256 1963 3294 464
1985 3267 2052 3306 sq.

391 3305 433 3353 2)
468 3306 630 3347 Genet.
663 3306 936 3347 Entwickel.
971 3308 1002 3349 Ι.
1046 3322 1088 3360 p.
1122 3308 1225 3348 466:
1281 3310 1399 3359 „Die
1437 3309 1578 3347 waler&
1620 3311 1817 3362 Aufyczbe
1856 3312 1931 3350 cles
1972 3311 2050 3351 Ge-

275 3363 457 3415 sprci‘clzs
487 3366 549 3403 ist·
572 3365 661 3403 also
694 3364 783 3413 die,
825 3365 892 3403 die
927 3364 1279 3405 Unsterbciclzkeit
1318 3366 1425 3405 oder
1464 3366 1530 3404 die
1563 3363 1779 3419 Ontoloyie
1820 3369 1898 3406 der
1929 3367 2051 3407 Seele

277 3422 340 3460 als
378 3420 460 3460 den
499 3419 806 3471 Knotenpunkt
839 3421 1044 3461 zwisclzen
1085 3423 1163 3461 der
1201 3422 1417 3461 Dialelccilc
1455 3421 1537 3472 anf
1568 3422 1646 3461 der
1684 3425 1804 3463 einen
1843 3425 1929 3463 und
1972 3425 2050 3464 der·

278 3475 410 3516 Etkilc
438 3477 525 3517 und
552 3476 824 3528 Physilcg³auf
850 3478 928 3517 der
958 3479 1122 3518 andern
1153 3476 1267 3518 Seite
1299 3479 1624 3520 darzustellen.“
