2158 3718
4 0 187 46 &wlff
253 0 264 15 Γ

12 39 15 41 -
32 34 36 35 ’
62 44 66 49 .
76 27 140 47 ε’“’”
193 34 206 47 ³«
236 35 240 38 >
253 26 268 38 's

191 0 324 34 mm.
370 3 386 14 ·⁴
453 0 458 14 ··
532 0 534 3 ’

840 125 1099 171 ΡΗΑΕΒο
1128 112 1174 184 p.
1206 128 1304 171 100.
1837 126 1945 182 243

165 267 291 323 ἀλλ’
330 261 439 322 οὖν
476 265 545 337 δὴ
582 266 758 337 ταύτῃ
794 285 859 335 γε
897 263 1149 337 ὥρμησα,
1175 266 1270 319 καὶ
1293 263 1647 335 ὑποθέμενος
1683 264 1944 322 ἑκάστοτε

164 353 356 422 λόγον,
395 350 463 406 ὃν
499 351 571 406 ἂν
608 354 784 422 κρίνω
823 350 1314 421 ἐρρωμενέστατον
1352 346 1515 419 εἶναι,
1553 349 1591 403 ἃ
1613 350 1718 419 μὲν
1743 350 1815 404 ἄν
1851 371 1946 421 μοι

165 439 307 508 δοκῇ
341 436 522 508 τούτῳ
560 436 1139 506 ξυμφωνεῖν,,τίθημι
1175 432 1252 498 ὣς
1288 434 1474 504 ἀληθῆ
1501 434 1658 504 ὄντα,
1696 437 1789 489 καὶ
1814 437 1944 507 περὶ

164 523 343 586 αἰτίας
387 521 482 576 καὶ
525 514 656 592 περὶ
704 523 820 574 τῶν
868 518 1058 574 ἄλλων
1113 518 1409 590 ἁπάντων,
1450 518 1486 573 ὁὶ
1523 517 1576 572 δ’
1616 518 1689 573 ἂν
1724 521 1826 590 μή,
1867 518 1946 584 ὥς

162 603 272 661 οὐκ
309 604 514 676 ἀληθῆ.
565 605 843 675 βούλομαι
869 605 935 659 δέ
967 619 1058 659 σοι
1094 605 1446 675 σαφέστερον
1484 605 1660 658 εἰπεῖν
1697 602 1734 658 ὁὶ
1770 607 1940 674 λέγω·

161 687 317 761 οἶμαι
351 691 461 762 γάρ
499 705 563 744 σε
599 693 711 743 νῦν
748 687 818 742 οὐ
854 689 1189 759 μανθάνειν.
1269 688 1354 743 Οὐ
1391 688 1466 759 μοὶ
1503 687 1603 743 τόν
1638 692 1782 827 Δία,
1833 692 1943 759 ἔφη

101 839 106 842 ,
162 773 192 830 ὁ
230 777 431 846 Κέβὴς,
470 773 541 830 οὐ
579 775 819 844 σφόδρα.

304 863 417 930 Cap.
459 863 625 913 XLIX.
670 858 840 928 Ἀλλ’,
878 852 915 928 ἦ
952 857 1008 911 δ’
1048 858 1128 928 ὅς,
1169 851 1280 912 ωδε
1309 860 1480 928 λέγω,
1520 857 1693 913 οὐδὲν
1718 859 1938 930 καινόν,
1970 873 2003 913 Β

160 942 288 999 ἀλλ’
328 943 471 1014 α’περ
509 942 595 998 ἀεὶ
631 945 726 998 καὶ
763 942 964 997 ἄλλοτε
989 943 1102 996 καὶ
1120 945 1186 997 ἐν
1221 947 1298 1013 τῷ
1335 943 1756 1013 παρεληλυθότι
1793 943 1943 1015 λόγῳ

161 1028 333 1084 οὐδὲν
378 1029 665 1099 πέπαυμαι
710 1030 910 1096 λέγων.
985 1030 1217 1098 ἔρχομαι
1260 1026 1370 1097 γὰρ
1408 1027 1477 1097 δὴ
1517 1029 1816 1099 ἐπιχειρῶν
1853 1042 1945 1082 σοι

162 1113 550 1177 ἐπιδείξασθαι
583 1117 683 1183 τῆς
719 1113 898 1176 αἰτίας
932 1110 997 1166 τὸ
1037 1109 1203 1181 εἶδος,
1243 1109 1276 1165 ὂ
1300 1112 1818 1182 πεπραγμάτευμαι,
1847 1113 1942 1164 καὶ

161 1194 272 1269 εἶμι
308 1198 481 1251 πάλιν
519 1196 612 1252 ἐπ’
653 1199 842 1252 ἐκεῖνα
878 1216 948 1250 τα
983 1195 1392 1266 πολυθρύλητα
1429 1197 1524 1249 καὶ
1562 1195 1802 1266 ἄρχομαι
1837 1193 1939 1249 ἀπ’

85 1311 92 1316 ·
161 1283 416 1353 ἐκείνων,
453 1280 807 1352 ὑποθέμενος
835 1279 996 1340 εἷναί
1026 1302 1079 1334 τι
1117 1279 1295 1334 καλὸν
1320 1279 1459 1335 αὐτὸ
1497 1279 1630 1334 καθ’
1671 1278 1810 1334 αὑτὸ
1849 1282 1944 1334 καὶ

159 1365 378 1436 ἀγαθὸν
424 1367 518 1443 καὶ
565 1367 705 1438 μέγα
752 1367 847 1420 καὶ
891 1359 1070 1419 ταλλα
1106 1366 1314 1420 πάντα·
1380 1363 1418 1419 δι’
1455 1370 1514 1420 εἴ
1542 1386 1638 1435 μοι
1675 1367 1846 1428 δίδως
1882 1385 1943 1418 τε

159 1454 255 1507 καὶ
300 1460 609 1522 συγχωρεῖς
655 1447 801 1505 εἶναι
845 1454 1049 1520 ταῦτα,
1102 1453 1302 1518 ἐλπίζω
1341 1466 1432 1504 σοι
1469 1452 1534 1505 ἐκ
1579 1450 1800 1504 τούτων
1836 1450 1942 1520 τήν

158 1557 220 1592 τε
274 1539 459 1591 αἰτίαν
515 1536 814 1599 ἐπιδείξειν
869 1536 964 1589 καὶ
1018 1533 1374 1606 ανευρήσειν,
1431 1556 1507 1598 ως
1561 1533 1853 1590 ἀθάνατον
1907 1524 1943 1605 ἡ

158 1621 328 1692 ψυχή.
398 1619 565 1674 Ἀλλα
609 1621 747 1691 μήν,
797 1623 904 1691 ἔφη
952 1618 982 1673 ὁ
1019 1621 1230 1690 Κέβης,
1279 1641 1354 1684 ως
1398 1619 1655 1684 διδόντος
1701 1634 1792 1674 σοι
1837 1639 1942 1673 ουκ

158 1706 231 1761 ἂν
269 1706 515 1777 φθάνοις
549 1709 855 1775 περαίνων.
932 1705 1148 1759 Σκόπει
1185 1706 1282 1775 δή,
1331 1707 1471 1775 ἔφη,
1518 1703 1587 1758 τὰ
1625 1704 1747 1773 ἑξῆς
1795 1704 1942 1758 ἐκεί-

157 1810 306 1861 νοις,
356 1789 456 1845 ἐάν
493 1804 584 1844 σοι
620 1789 898 1866 ξυνδοκῇ,
946 1787 1128 1861 ὥςπερ
1167 1790 1308 1860 ε’μοί.
1385 1792 1645 1859 φαίνεται
1681 1789 1790 1859 γάρ
1827 1808 1941 1858 μοι,

270 1961 374 2005 περ
385 1946 402 1990 2
443 1947 553 1991 τῶν
594 1939 799 2002 αλλων]
841 1947 954 2001 περί
986 1960 1067 1990 om.
1089 1947 1187 1990 Vat.
1214 1948 1345 1990 Vind.
1368 1947 1407 1988 Φ
1436 1948 1546 1987 Tub.
1573 1947 1669 1987 Par.
1693 1945 1756 1987 GI
1791 1947 1940 1988 Ambr.

157 1998 267 2047 Flor.
292 2007 320 2047 d
355 2013 396 2045 et
430 2018 537 2049 corr.
559 2005 681 2049 Bodl
741 2005 847 2045 Dein
881 2004 1002 2045 Bodl.
1033 2005 1130 2044 Vat.
1166 2005 1274 2044 Ven.
1297 2003 1344 2051 Ξ
1374 2004 1471 2046 Zitt.
1506 2004 1637 2044 Vind.
1663 2002 1751 2045 ΤΦ
1785 2003 1880 2044 Par.
1905 2002 1940 2043 G

156 2063 305 2103 Ambr.
328 2075 395 2116 pr.
417 2064 526 2103 Ven.
549 2062 600 2103 H
625 2055 851 2103 ἁπάντων
870 2053 1036 2103 ὄντων.
1078 2061 1188 2105 Ven.
1214 2061 1265 2102 Π
1287 2073 1371 2120 rec.
1394 2052 1621 2102 ἁπάντων
1649 2058 1743 2101 τῶν
1772 2051 1939 2111 ὄντων,

157 2120 272 2171 quod
291 2120 509 2172 glossema
527 2119 703 2158 redolet.

273 2202 375 2254 Cap.
397 2201 550 2242 XLIX.
583 2202 630 2244 B.
664 2198 761 2242 καὶ
801 2194 1031 2254 ἄλλοτε]
1073 2201 1143 2242 Sic
1170 2202 1279 2242 Ven.
1303 2201 1352 2242 Π
1379 2202 1485 2244 Tub.
1515 2207 1555 2241 et
1583 2214 1648 2254 pr.
1670 2201 1791 2242 Bodl.
1831 2201 1938 2243 Olim

157 2272 234 2313 pro
256 2258 345 2300 καί
359 2259 580 2311 legebatur
599 2271 665 2299 τε.

275 2325 518 2383 ἔρχομαι
541 2323 647 2383 γὰρ
669 2321 739 2382 δὴ
764 2321 862 2382 έπ.]
887 2341 976 2383 γαρ
999 2340 1081 2370 om.
1107 2326 1365 2370 Coisl.Ve11.
1388 2328 1477 2369 ΛΦ
1497 2328 1590 2371 Par.
1616 2328 1789 2371 CEHIL.
1811 2327 1934 2370 Male.

270 2392 615 2453 πολυθρυλη
627 2396 713 2453 τα]
748 2399 867 2438 Hanc
888 2399 1141 2452 scripturam
1163 2405 1337 2439 tuentur
1358 2398 1477 2438 Bodl.
1501 2399 1602 2439 Vat.
1623 2399 1751 2441 vind.
1781 2398 1823 2439 Y
1839 2398 1936 2439 Par.

159 2455 250 2498 CH.
282 2457 394 2496 Vett.
425 2456 542 2497 editt.
568 2449 955 2509 πολυθρύλλητα.
995 2455 1050 2498 cf.
1059 2469 1126 2522 Hp.
1155 2457 1210 2520 65
1230 2455 1277 2495 Β.
1307 2469 1349 2507 p.
1372 2456 1424 2495 76
1445 2455 1495 2499 D.
1524 2467 1566 2496 v,
1588 2455 1783 2502 Eustath
1813 2455 1868 2495 ad
1890 2455 1938 2498 ΙΙ.

158 2512 316 2555 XXIII.
338 2513 420 2554 396
440 2506 470 2566 ἡ
493 2510 671 2553 πλείων
691 2510 857 2566 χρῆσις
878 2507 981 2553 οἶδε
1004 2504 1073 2552 δι’
1096 2504 1203 2560 ἕνός
1223 2507 1497 2566 προφέρειν.

155 2667 413 2714 rationibus,
444 2679 573 2718 quam
604 2668 677 2717 qui
708 2666 840 2707 solem
870 2667 914 2707 in
943 2670 1003 2708 si-

155 2723 357 2765 mulacris
377 2723 739 2777 adspectabilibus
757 2723 913 2764 intueri
932 2736 1002 2764 co·

158 2789 326 2823 uantur.

214 2837 317 2889 Gap.
338 2834 491 2890 XLIX.
538 2835 584 2877 B.
635 2828 729 2877 αεὶ
768 2833 867 2877 καὶ
907 2828 1006 2877 αλ-

158 2893 286 2934 λοτε
326 2888 425 2932 καὶ
463 2885 521 2933 ἐν
561 2904 601 2936 τ.
624 2905 673 2933 π.
697 2889 761 2944 2]
805 2905 915 2933 cum
951 2895 1004 2933 in

156 2948 280 2988 aliis
302 2949 663 2999 sermonibus,
692 2955 799 2988 tum
820 2950 870 2988 in
892 2950 1001 2990 dis-

155 3004 441 3058 putatione
472 3005 777 3056 superiore,
813 3006 942 3050 videl.
965 3019 1002 3048 c.

83 3114 99 3133 Ι
155 3060 260 3100 ΧΙΧ
283 3072 377 3111 sqq.

214 3112 271 3170 ἔρ
318 3128 453 3169 ομαι
503 3107 610 3168 γὰρ
656 3108 729 3169 δὴ
782 3108 1004 3182 ἐπιχει-

157 3171 270 3226 ρῶν
325 3172 387 3213 Ne
417 3171 511 3222 quis
532 3171 744 3211 desideret
765 3164 842 3213 ἐπι
877 3167 1003 3227 ειρή-

155 3241 250 3271 σων
285 3238 359 3269 aut
400 3241 495 3268 cum
532 3227 787 3268 Fischero
848 3242 1002 3293 πιχει-

1148 2665 1197 2710 C.
1230 2659 1333 2708 οὐκ
1355 2657 1424 2709 ἂν
1454 2659 1717 2719 φθάνοις
1737 2665 1940 2720 περαί-

1092 2721 1218 2777 νων]
1263 2724 1582 2774 quantocius
1625 2723 1814 2764 exinde
1850 2735 1936 2763 ce-

1090 2788 1205 2820 tera
1232 2780 1435 2833 collige.
1483 2779 1591 2820 Nam
1618 2778 1870 2833 περαίνειν
1895 2780 1939 2819 in

1060 2872 1061 2875 ,
1092 2836 1321 2878 dialecticis
1351 2836 1562 2889 significat
1592 2836 1937 2888 concludere,

1092 2893 1365 2958 colligere
1402 2894 1614 2958 reliqua
1661 2905 1683 2932 e
1733 2893 1935 2932 sumtis.

1090 2950 1291 2989 Formula
1310 2942 1398 2991 οὐκ
1419 2939 1481 2990 ὃὶν
1502 2942 1732 3002 φθανοις,
1750 2961 1833 2999 qua
1852 2949 1935 2987 uti-

1090 3010 1159 3045 tur
1186 3006 1307 3046 Plato
1338 3007 1465 3046 etiam
1487 3005 1741 3059 Symp.185
1762 3005 1815 3054 Ε,
1848 3004 1939 3043 Eu-

1090 3061 1209 3114 thyd.
1238 3075 1282 3116 p.
1313 3064 1394 3103 272
1415 3063 1466 3111 D,
1504 3070 1569 3102 est
1602 3060 1794 3114 proprie:
1837 3071 1938 3099 non

1091 3123 1422 3171 antevertes,
1474 3131 1572 3159 non
1624 3116 1936 3169 occupabis,

1090 3174 1156 3214 du
1215 3153 1443 3215 dfirftes⁷t
1502 3173 1650 3214 nicht
1705 3186 1768 3212 zu
1817 3171 1936 3211 friih

1089 3231 1343 3272 kommen.
1387 3232 1507 3271 Unde
1543 3231 1632 3269 eius
1669 3241 1775 3268 usus
1811 3240 1936 3280 repe-

156 3284 250 3341 ρῶν
267 3298 343 3338 pro
361 3284 651 3325 futuroAttico
668 3283 833 3333 habeat,
858 3285 1002 3338 ipsum
1086 3287 1257 3332 tendus
1298 3287 1460 3327 Deinde
1496 3280 1555 3327 τὰ
1590 3278 1700 3337 ἑξῆς
1738 3277 1937 3331 ἐκείνοις

153 3344 334 3383 verbum
377 3335 634 3395 ἐπιχειρεῖν
674 3353 750 3393 per
789 3353 836 3380 se
875 3342 1002 3382 habet

155 3398 243 3439 vim
278 3398 423 3450 futuri,
461 3405 507 3438 ut
533 3397 637 3436 haec
667 3397 755 3436 Iere
783 3397 894 3436 idem
924 3411 999 3438 va-

156 3454 272 3496 leant
289 3455 404 3506 quod
413 3430 615 3509 ἔρχομαι
633 3446 1001 3506 ἐπιδειξόμενος.

1090 3351 1189 3384 sunt
1205 3357 1268 3395 ea,
1287 3357 1419 3394 quae
1438 3343 1690 3395 deinceps
1712 3353 1936 3390 sequun-

1087 3406 1191 3452 tur,
1233 3408 1281 3439 ut
1323 3399 1476 3450 Cratyl.
1518 3412 1559 3451 p.
1592 3401 1673 3440 399
1695 3399 1743 3439 D.
1782 3398 1864 3437 420
1885 3395 1935 3436 D.

1089 3455 1220 3508 Legg.
1241 3457 1337 3498 VII.
1359 3469 1402 3508 p.
1425 3456 1506 3495 796
1533 3455 1560 3492 E
1584 3455 1635 3495 al.

1483 3522 1591 3572 16*

1974 1633 2005 1675 C
