2158 3718
788 155 1048 199 PHAEno
1081 170 1127 214 p.
1151 159 1220 200 99.
1786 155 1891 209 241

106 297 206 351 καὶ
239 299 456 368 μᾶλλον
494 295 714 349 ἅπαντα
751 294 1055 371 ξυνέχοντα
1104 294 1382 365 ἐξευρεῖν,
1422 295 1515 348 καὶ
1553 292 1627 358 ὥς
1664 293 1894 365 ἀληθῶς

106 380 173 435 τὸ
211 379 432 450 ἀγαθὸν
468 380 563 434 καὶ
600 380 732 434 δέον
770 379 998 444 ξυνδεῖν
1024 380 1118 433 καὶ
1155 377 1409 447 ξυνέχειν
1446 375 1618 432 οὐδὲν
1655 384 1889 433 οἴονται.

113 463 223 534 ἐγώ
256 466 366 568 μὲν
402 458 510 519 οὖν
546 468 643 534 τῆς
678 463 939 534 τοιαύτης
976 466 1173 534 αἰτίας,
1214 463 1324 534 ὅπῃ
1363 463 1496 516 ποτὲ
1535 465 1665 532 ἔχει,
1705 469 1894 534 μαθη-

109 548 207 620 τὴς
244 547 489 603 ὁτουοῦν
524 546 708 618 ηδιστ’
750 548 821 602 ἂν
856 555 1151 619 γενοίμην·
1196 544 1389 617 ἐπειδὴ
1416 547 1479 601 δε
1504 548 1710 617 ταύτης
1737 549 1893 601 ἐστε-

108 633 299 704 ρήθην
349 633 444 686 καὶ
489 630 612 686 οὔτ’
664 631 832 696 αὐτὸς
881 630 1070 703 εὑρεῖν
1115 629 1251 686 οὔτε
1296 630 1432 703 παρ’
1471 630 1649 714 ἄλλου
1686 638 1894 701 μαθεῖν

41 723 51 732 ‘
107 709 226 780 οἷός
261 736 321 770 τε
360 716 654 787 ἐγενόμην,
693 717 793 771 τὸν
819 717 1087 787 δεύτερον
1112 707 1296 770 πλοῦν
1323 717 1416 770 ἐπὶ
1439 714 1544 786 τὴν
1580 706 1677 786 τῆς
1714 718 1891 780 αἰτίας
1920 733 1956 773 D

63 841 69 845 -
106 800 334 870 ζήτησιν
378 794 419 873 ᾖ
463 802 988 872 πεπραγμάτευμαι,
1035 800 1233 870 βούλει
1279 814 1393 870 σοι,
1443 802 1582 870 ἔφη,
1622 800 1891 865 ἐπίδειξιν

221 972 321 1027 τῆς
361 969 655 1027 τοιαύτης]
701 973 769 1014 Sic
790 974 927 1016 Vatic.
947 973 1076 1013 Vind.
1105 974 1256 1016 YPar.
1279 973 1314 1014 G
1343 972 1492 1015 Ambr.
1516 973 1625 1014 Tub.
1649 974 1780 1014 Florr.
1803 974 1890 1014 alii.

106 1029 251 1083 Vulgo
271 1028 357 1083 τῆς
377 1031 534 1080 aberat,
565 1031 679 1081 quod
708 1042 784 1070 nec
805 1031 905 1070 Tur.
929 1036 969 1069 et
988 1030 1129 1070 Herm.
1151 1037 1418 1083 receperunt.
1457 1029 1537 1070 Pro
1560 1023 1784 1083 τοιαύτης
1806 1043 1891 1071 ιιοιι

104 1086 233 1141 pauci
251 1085 409 1126 habent
426 1082 621 1151 ταύτης.

224 1132 347 1183 οὔτ’
370 1133 567 1196 αυτός]
593 1134 713 1183 αυτό
732 1141 854 1185 Bodl.
880 1140 1006 1185 Goisl‚
1029 1141 1127 1182 Vat.
1148 1142 1255 1184 Ven.
1267 1139 1514 1188 EHVind.
1528 1141 1614 1183 ΤΦ
1634 1142 1727 1183 Par.
1752 1140 1893 1183 CGHL

109 1198 259 1239 Ambr.
281 1197 500 1240 Mendose.
524 1198 638 1239 Vett.
663 1198 778 1239 editt.
802 1189 908 1240 ουτ’
931 1211 992 1239 αν
1013 1190 1159 1246 αυτός
1180 1198 1303 1239 codd
1326 1198 1486 1239 invitis.

219 1253 270 1295 D.
311 1243 342 1307 ᾖ
382 1247 930 1309 πεπραγματευμαι]
972 1255 1205 1308 Vulgatum
1244 1246 1307 1308 ἥν
1345 1256 1593 1295 auctoritate
1621 1256 1719 1295 Vat.
1764 1254 1892 1297 Coisl.

107 1311 216 1350 Ven.
240 1310 487 1352 AHVind.
514 1310 552 1350 Φ
573 1312 669 1353 Par.
695 1310 929 1352 CEGHlL
950 1312 1098 1352 Ambr.
1124 1312 1232 1352 Flor.
1255 1324 1280 1351 a
1300 1312 1325 1351 b
1348 1324 1370 1350 c
1388 1312 1403 1351 i
1422 1324 1465 1351 m
1493 1312 1624 1354 Vind.
1649 1313 1675 1353 3
1696 1312 1722 1351 6
1742 1312 1768 1352 8
1797 1312 1840 1351 in
1860 1300 1890 1365 ᾖ

41 1384 44 1386 ’
106 1368 365 1408 mutavimus
373 1367 602 1432 probante
628 1368 883 1411 Hermanno,
915 1367 1189 1409 Bod1.habet
1219 1359 1252 1421 ἥ
1271 1368 1487 1421 adscripta
1516 1367 1557 1407 in
1588 1380 1722 1420 marg.
1745 1374 1891 1412 annot.

108 1416 160 1465 ’ἐν
180 1415 331 1478 ἄλλαν
350 1413 414 1476 ἢν
432 1417 809 1481 πεπράγμευται.
830 1438 871 1464 v.
892 1435 991 1465 ann.

105 1563 253 1614 Neque
273 1576 384 1617 opus
407 1577 502 1605 esse
523 1565 776 1605 arbitramur
795 1565 975 1612 Hein-

98 1619 270 1660 dorfii
299 1622 554 1673 coniectura,
585 1622 654 1674 qui
675 1622 831 1662 cumin
857 1622 950 1663 cod.

100 1676 290 1742 quodam
309 1677 445 1718 Paris.
467 1679 673 1745 scriptum
702 1678 949 1731 reperisset:

105 1726 160 1773 τὸ
185 1727 237 1773 δὲ
260 1725 322 1780 ὥς
343 1726 540 1787 ἀληθῶς
562 1730 674 1776 δέον
695 1733 848 1775 ταῦτα
868 1732 953 1776 καὶ

107 1785 308 1856 ξυνέχον
357 1787 552 1840 ξυνδειν
602 1788 684 1831 καὶ
735 1786 953 1845 ξυνέχειν

102 1839 251 1887 οῦδὲν
292 1843 500 1895 οῖ’,ονται
548 1847 736 1887 Platonis
777 1860 950 1887 manum

105 1900 215 1941 hanc
246 1901 379 1942 fuisse
416 1903 660 1969 suspicatus
690 1911 774 1944 est.
817 1897 870 1944 τὸ
901 1898 956 1944 δε

105 1951 170 2024 ᾡς
194 1949 393 2024 ἀληθῶς
422 1955 535 2000 δέον
563 1959 717 2001 ταῦτα
738 1957 821 2000 καὶ
847 1958 957 2010 ξυν-

61 2056 67 2065 ,
104 2009 231 2068 ἕχον,
263 2008 316 2055 τὸ
345 2007 541 2082 ἀγαθὸν
569 2013 652 2057 καὶ
684 2012 811 2086 δέον,
847 2015 957 2067 ξυν-

106 2068 214 2112 δεῖν
233 2068 317 2111 καὶ
330 2068 557 2136 ξυνέχειν
580 2066 726 2113 ουδεν
744 2071 954 2113 οἴ.ονται

105 2126 211 2166 Nam
231 2120 292 2175 ὥς
313 2120 512 2195 αληθῶς
529 2129 872 2181 coniungendum
891 2136 955 2169 est

105 2195 200 2222 cum
216 2185 356 2223 verbis
373 2178 520 2225 οὖδεν
541 2183 744 2236 οἴονται,
768 2197 819 2223 re
832 2198 853 2223 v
868 2197 954 2224 era

105 2250 197 2291 pro
221 2238 393 2279 nihilo
416 2240 629 2282 habent.
653 2241 737 2281 Sed
755 2241 954 2281 universa

104 2295 209 2334 haec
231 2296 459 2335 sententia:
483 2292 568 2337 καὶ
589 2290 651 2344 ὥς
674 2289 746 2337 nit.
760 2294 953 2338 -οἰόν-

105 2364 184 2392 ται
211 2352 443 2392 arctissime
473 2352 668 2393 cohaeret
696 2366 791 2393 cum
821 2366 951 2407 supe-

43 2440 46 2443 .
105 2408 308 2448 rioribus:
331 2402 420 2462 τὴν
442 2403 495 2449 δε
517 2407 602 2450 τοῦ
625 2402 685 2457 ὥς
706 2403 811 2450 οἷόν
832 2422 881 2450 τε
899 2431 951 2439 —-

105 2462 367 2529 δαιμονίαν
408 2460 545 2518 ἰσχὺν
587 2460 732 2519 ἔ,χειν
795 2466 950 2530 quibus

106 2523 303 2588 quoniam
327 2524 523 2574 opposita
544 2530 643 2562 sunt
672 2522 796 2562 haec·
828 2514 949 2563 αλλὰ

104 2589 340 2630 ηγουνται
359 2599 410 2605 -
431 2570 653 2631 ἐξευρεῖν,
679 2591 786 2630 quae
807 2579 952 2619 arctis-

104 2635 210 2673 sime
230 2634 483 2686 cogitatione
505 2636 794 2675 connectenda
816 2642 948 2689 erant,

104 2696 261 2728 temere
289 2691 342 2730 ab
381 2691 683 2744 interpretibus
725 2697 950 2758 segregata

106 2753 146 2784 et
166 2745 332 2790 divulsa
359 2753 471 2787 sunt.
525 2747 717 2788 Ceterum
740 2761 792 2789 το
818 2745 948 2801 δέον,

106 2801 158 2840 id
206 2803 344 2853 quod
399 2812 632 2856 oportet,
676 2804 949 2858 officium,

105 2859 228 2908 quasi
254 2859 451 2911 ligans,
484 2861 738 2912 quibusdam
767 2873 793 2900 a
823 2863 950 2901 verbo

109 2910 230 2965 δειν,
254 2914 447 2967 ligare,
478 2917 651 2956 ductum
679 2917 813 2956 videri
842 2918 949 2961 Plat

107 2967 263 3021 Cratyl.
286 2982 327 3022 p.
349 2971 432 3011 418
452 2972 485 3010 E
502 2985 570 3035 sq.
596 2973 740 3013 tradit.
763 2967 815 3014 τὸ
839 2969 953 3015 δέον

107 3024 336 3077 φαίνεται
373 3021 544 3079 δεσμὸς
582 3023 719 3068 εἶναι.
761 3030 812 3068 Et
844 3029 951 3069 hanc
998 3032 1000 3034 ’

106 3083 315 3121 rationem
345 3081 497 3122 Stoicis
527 3084 739 3137 placuisse
766 3086 952 3136 itemque

107 3149 131 3176 a
152 3138 316 3177 Plotino
348 3138 536 3182 Ennead.
561 3140 634 3179 VI.
656 3142 681 3179 2
713 3152 808 3180 esse
827 3141 950 3181 adhi-

106 3194 238 3234 bitam
296 3194 666 3246 Wyttenbach.
725 3196 780 3235 ad
835 3196 877 3236 h.
920 3197 949 3237 l.

108 3250 228 3290 docte
251 3251 493 3304 disputavit.
533 3252 653 3292 Patet
680 3260 816 3292 autem
845 3252 950 3293 haec

107 3314 286 3347 venusto
317 3309 413 3347 lusu
441 3309 499 3349 ita
527 3309 630 3348 dici:
664 3309 740 3349 sie
769 3309 949 3350 halten

108 3362 159 3401 in
180 3364 272 3402 der
289 3363 418 3404 That
440 3366 531 3405 das
550 3366 679 3407 Gute
701 3366 824 3414 und,
845 3378 949 3406 was

108 3418 305 3459 binden
335 3421 434 3461 und
464 3421 947 3462 zusammenhalten

106 3486 275 3524 muse,
306 3476 388 3516 fiir
417 3478 611 3519 nichts.

194 3557 326 3589 PLA'r.
359 3559 528 3588 PHAED.

1097 1566 1147 1610 D
1194 1561 1292 1608 τὸν
1353 1559 1632 1620 δεύτερον
1689 1565 1885 1620 πλοῦν]

1042 1616 1280 1688 Δεύτερον
1319 1621 1474 1664 πλοῦν
1512 1621 1651 1662 facere
1693 1622 1890 1663 dicuntur

1039 1681 1113 1730 qui
1152 1680 1335 1732 priorem
1376 1679 1710 1744 navigationem,
1762 1692 1889 1732 quam

1041 1743 1167 1777 vento
1203 1736 1344 1775 minus
1380 1735 1568 1775 secundo
1609 1736 1732 1775 unice
1771 1736 1887 1777 velo-

1039 1805 1133 1832 rum
1165 1792 1323 1832 auxilio
1355 1790 1449 1831 freti
1480 1798 1775 1845 susceperant,
1806 1793 1887 1833 mi-

1039 1862 1120 1889 nus
1142 1860 1391 1902 prosperam
1409 1848 1574 1900 experti
1589 1855 1688 1887 sunt
1707 1849 1890 1899 ideoque

1040 1906 1085 1944 in
1115 1906 1247 1945 altera
1275 1905 1543 1956 navigatione
1571 1916 1783 1944 remorum
1811 1918 1889 1945 au-

1042 1961 1193 2001 xilium
1234 1956 1317 2000 sibi
1354 1960 1606 2012 adiungunt.
1651 1961 1753 2000 lnde
1773 1961 1887 2001 facili

1042 2018 1316 2058 translatione
1344 2016 1580 2057 Phavorino
1619 2021 1750 2069 teste,
1783 2030 1888 2083 quo-

1043 2087 1137 2113 cum
1161 2073 1302 2114 Schol.
1324 2073 1379 2113 ad
1398 2073 1441 2115 h.
1451 2073 1479 2116 l.
1503 2074 1728 2125 consentit,
1751 2075 1887 2114 omni-

1044 2143 1098 2170 no
1147 2130 1421 2183 proverbium
1470 2128 1623 2168 dicitur
1669 2105 1747 2170 ἐπὶ
1794 2129 1887 2171 τῶν

1042 2179 1270 2238 ασφαλῶς
1293 2199 1337 2225 τι
1347 2178 1647 2250 ποιούντων,
1669 2179 1887 2228 καθόσον

1043 2238 1093 2283 οἱ
1121 2235 1465 2308 διαμαρτόντες
1495 2235 1618 2282 κατὰ
1648 2235 1738 2283 τὸν
1763 2242 1888 2308 πρῶ-

1039 2312 1123 2340 τον
1161 2297 1314 2339 πλοῦν
1354 2292 1550 2361 ἀσφαλῆ
1590 2310 1889 2340 κατασκευα-

1042 2354 1201 2406 ζονται
1243 2346 1327 2396 τὸν
1369 2347 1606 2406 δεύτερον.
1651 2354 1718 2395 Sic
1761 2356 1888 2395 etiam

1038 2411 1199 2454 Phileb.
1233 2424 1275 2464 p.
1311 2410 1363 2452 19
1387 2411 1432 2452 G
1475 2423 1515 2463 p.
1549 2411 1603 2451 59
1635 2411 1679 2453 C.
1724 2410 1884 2452 Politic.

1036 2481 1081 2521 p.
1104 2467 1253 2511 3003.
1296 2467 1488 2507 Eustath.
1522 2468 1576 2507 ad
1606 2466 1681 2507 Od.
1713 2480 1753 2531 p.
1778 2469 1886 2509 1453

1039 2525 1105 2564 ed.
1128 2525 1250 2565 Rom.
1271 2537 1389 2576 ΞΡ
1415 2525 1510 2565 106.
1538 2523 1639 2563 Bas.
1662 2517 1886 2588 δεύτερος

1036 2579 1186 2627 πλοῦς
1208 2575 1410 2644 λέγεται,
1442 2570 1521 2620 ότε
1543 2572 1794 2647 αποτυχών
1813 2594 1885 2629 τις

1038 2629 1204 2690 ουρίου
1233 2629 1417 2683 κώπαις
1438 2632 1571 2690 πλέῃ,
1601 2633 1726 2677 κατὰ
1750 2637 1885 2678 Παυ-

1038 2692 1226 2734 σανι’.αν
1267 2693 1475 2745 Exempla
1514 2693 1725 2745 proverbii
1767 2694 1885 2747 larga

1036 2763 1165 2790 manu
1195 2750 1399 2789 dederunt
1435 2747 1674 2789 Gataker.
1714 2750 1767 2789 ad
1796 2751 1885 2790 Αιι-

1037 2807 1168 2846 tonin.
1202 2806 1275 2846 IX.
1308 2808 1333 2845 2
1364 2819 1406 2859 p.
1438 2807 1535 2846 263.
1584 2806 1798 2849 Dorvill.
1831 2807 1886 2846 ad

1041 2862 1194 2904 Charit.
1236 2875 1279 2915 p.
1310 2864 1393 2903 370
1434 2870 1474 2901 et
1513 2861 1783 2902 Ruhnken.
1813 2875 1883 2916 ap.

1038 2917 1411 2986 Wgttenbach.
1432 2917 1549 2960 adh.
1572 2918 1597 2961 1,
1622 2931 1667 2983 Ρ,
1690 2920 1786 2959 263.

1109 2989 1137 3029 ῃ
1159 2987 1306 3028 πεπρ
1319 2988 1444 3041 αγμ
1449 2971 1613 3027 ]Verba
1631 2975 1692 3014 sic
1712 2976 1819 3014 inter
1837 2987 1883 3014 se

1039 3030 1284 3071 cohaerent:
1328 3027 1490 3097 βούλει
1533 3042 1606 3071 σοι
1648 3024 1883 3081 ἐπίδειξιν

1036 3077 1364 3151 ποιήσωμαι,ἦ
1381 3088 1552 3151 (quom
1566 3086 1684 3135 odo)
1701 3099 1882 3138 πεπρα-

1037 3156 1328 3241 {xffssft’f‘sst
1333 3136 1691 3250 τὲνροῗῗέἰῖξῖἓῖζῖ
1702 3141 1882 3252 {0²33ssss

1037 3267 1119 3295 non
1142 3257 1268 3309 pauci
1287 3257 1399 3321 iique
1422 3256 1603 3320 optimae
1627 3262 1749 3295 notae
1771 3255 1879 3296 libii.

1036 3313 1130 3352 Fuit
1160 3320 1299 3352 tamen
1325 3313 1396 3364 qui
1420 3304 1481 3364 ἤν
1504 3311 1749 3351 defenderet
1774 3323 1879 3350 usus

1034 3368 1132 3418 illis,
1165 3381 1273 3418 quae
1305 3367 1573 3408 Schaefer.
1601 3367 1657 3406 ad
1683 3367 1799 3408 Dem.
1828 3366 1876 3405 T.

1036 3425 1088 3467 ΙΙ.
1111 3437 1152 3476 p.
1176 3426 1271 3466 503.
1304 3425 1502 3476 Reisig.
1525 3423 1579 3462 ad
1601 3422 1698 3465 Oed.
1722 3421 1811 3463 Col.
1835 3435 1878 3474 p.

1035 3480 1131 3520 225.
1163 3480 1430 3522 Hermann.
1473 3480 1526 3519 ad
1555 3479 1696 3531 Viger.
1730 3491 1773 3531 p.
1798 3478 1883 3519 760

1475 3546 1540 3599 16
