<?xml version="1.0" encoding="UTF-8"?>
<!DOCTYPE html PUBLIC "-//W3C//DTD XHTML 1.0 Transitional//EN"
    "http://www.w3.org/TR/xhtml1/DTD/xhtml1-transitional.dtd">
<html xmlns="http://www.w3.org/1999/xhtml" xml:lang="en" lang="en">
 <head>
  <title>
</title>
<meta http-equiv="Content-Type" content="text/html;charset=utf-8" />
  <meta name='ocr-system' content='tesseract 3.04.00' />
  <meta name='ocr-capabilities' content='ocr_page ocr_carea ocr_par ocr_line ocrx_word'/>
</head>
<body>
  <div class='ocr_page' id='page_1' title='image "./operaomniarecens01platuoft/operaomniarecens01platuoft_0101.png"; bbox 0 0 2222 3762; ppageno 0'>
   <div class='ocr_carea' id='block_1_1' title="bbox 277 130 1807 188">
    <p class='ocr_par' dir='ltr' id='par_1_1' title="bbox 277 130 1807 188">
     <span class='ocr_line' id='line_1_1' title="bbox 277 130 1807 188; baseline -0.001 -1"><span class='ocrx_word' id='word_1_1' title='bbox 277 132 677 188; x_wconf 84' lang='lat' dir='ltr'>PLATONIS</span> <span class='ocrx_word' id='word_1_2' title='bbox 716 130 1200 187; x_wconf 88' lang='lat' dir='ltr'><strong>APOLOGIAM</strong></span> <span class='ocrx_word' id='word_1_3' title='bbox 1238 130 1642 188; x_wconf 87' lang='lat' dir='ltr'><strong>SOCRATIS.</strong></span> <span class='ocrx_word' id='word_1_4' title='bbox 1740 135 1807 187; x_wconf 83' lang='lat'><strong>23</strong></span> 
     </span>
    </p>
   </div>
   <div class='ocr_carea' id='block_1_2' title="bbox 109 273 1817 3408">
    <p class='ocr_par' dir='ltr' id='par_1_2' title="bbox 109 273 1817 3408">
     <span class='ocr_line' id='line_1_2' title="bbox 110 273 1807 347; baseline -0.001 -16"><span class='ocrx_word' id='word_1_5' title='bbox 110 296 290 347; x_wconf 89' lang='lat' dir='ltr'><strong>neque</strong></span> <span class='ocrx_word' id='word_1_6' title='bbox 337 276 482 329; x_wconf 90' lang='lat' dir='ltr'><strong>enim</strong></span> <span class='ocrx_word' id='word_1_7' title='bbox 536 274 606 328; x_wconf 87' lang='lat' dir='ltr'><strong>ad</strong></span> <span class='ocrx_word' id='word_1_8' title='bbox 641 273 699 328; x_wconf 91' lang='lat' dir='ltr'><strong>id</strong></span> <span class='ocrx_word' id='word_1_9' title='bbox 736 280 1115 346; x_wconf 82' lang='lat' dir='ltr'>argumentum</span> <span class='ocrx_word' id='word_1_10' title='bbox 1151 274 1373 344; x_wconf 88' lang='lat' dir='ltr'><strong>publica</strong></span> <span class='ocrx_word' id='word_1_11' title='bbox 1408 277 1686 329; x_wconf 79' lang='lat' dir='ltr'><strong>accusatio</strong></span> <span class='ocrx_word' id='word_1_12' title='bbox 1721 296 1807 329; x_wconf 89' lang='lat' dir='ltr'><strong>re-</strong></span> 
     </span>
     <span class='ocr_line' id='line_1_3' title="bbox 110 345 1804 417; baseline -0.001 -15"><span class='ocrx_word' id='word_1_13' title='bbox 110 348 415 415; x_wconf 78' lang='lat' dir='ltr'>ferebatur,</span> <span class='ocrx_word' id='word_1_14' title='bbox 477 346 799 417; x_wconf 89' lang='lat' dir='ltr'><strong>praesertim</strong></span> <span class='ocrx_word' id='word_1_15' title='bbox 846 364 1013 414; x_wconf 90' lang='lat' dir='ltr'><strong>quum</strong></span> <span class='ocrx_word' id='word_1_16' title='bbox 1062 345 1226 398; x_wconf 89' lang='lat' dir='ltr'><strong>etiam</strong></span> <span class='ocrx_word' id='word_1_17' title='bbox 1276 345 1440 417; x_wconf 82' lang='lat' dir='ltr'><strong>vulgo</strong></span> <span class='ocrx_word' id='word_1_18' title='bbox 1489 345 1556 400; x_wconf 89' lang='lat' dir='ltr'><strong>de</strong></span> <span class='ocrx_word' id='word_1_19' title='bbox 1607 347 1804 401; x_wconf 88' lang='lat' dir='ltr'><strong>fabulis</strong></span> 
     </span>
     <span class='ocr_line' id='line_1_4' title="bbox 113 416 1806 486; baseline -0.001 -14"><span class='ocrx_word' id='word_1_20' title='bbox 113 419 340 473; x_wconf 88' lang='lat' dir='ltr'><strong>deorum</strong></span> <span class='ocrx_word' id='word_1_21' title='bbox 392 418 540 470; x_wconf 90' lang='lat' dir='ltr'><strong>varie</strong></span> <span class='ocrx_word' id='word_1_22' title='bbox 588 417 880 471; x_wconf 80' lang='lat' dir='ltr'><strong>sentiretur</strong></span> <span class='ocrx_word' id='word_1_23' title='bbox 917 424 1074 486; x_wconf 88' lang='lat' dir='ltr'><strong>atque</strong></span> <span class='ocrx_word' id='word_1_24' title='bbox 1113 416 1538 486; x_wconf 78' lang='lat' dir='ltr'><strong>existimaretur,</strong></span> <span class='ocrx_word' id='word_1_25' title='bbox 1590 426 1655 471; x_wconf 90' lang='lat' dir='ltr'><strong>ut</strong></span> <span class='ocrx_word' id='word_1_26' title='bbox 1701 419 1806 471; x_wconf 89' lang='lat' dir='ltr'><strong>cri-</strong></span> 
     </span>
     <span class='ocr_line' id='line_1_5' title="bbox 109 487 1808 569; baseline 0 -26"><span class='ocrx_word' id='word_1_27' title='bbox 109 488 423 543; x_wconf 85' lang='lat' dir='ltr'><strong>minationis</strong></span> <span class='ocrx_word' id='word_1_28' title='bbox 467 507 693 543; x_wconf 81' lang='lat' dir='ltr'><strong>caussae</strong></span> <span class='ocrx_word' id='word_1_29' title='bbox 739 488 831 540; x_wconf 86' lang='lat' dir='ltr'><strong>vix</strong></span> <span class='ocrx_word' id='word_1_30' title='bbox 866 487 995 541; x_wconf 90' lang='lat' dir='ltr'><strong>inde</strong></span> <span class='ocrx_word' id='word_1_31' title='bbox 1032 489 1206 569; x_wconf 87' lang='lat' dir='ltr'><strong>repeti</strong></span> <span class='ocrx_word' id='word_1_32' title='bbox 1242 489 1544 559; x_wconf 83' lang='lat' dir='ltr'><strong>potuerint3</strong></span> <span class='ocrx_word' id='word_1_33' title='bbox 1595 497 1808 543; x_wconf 84' lang='lat' dir='ltr'><strong>tacetur</strong></span> 
     </span>
     <span class='ocr_line' id='line_1_6' title="bbox 111 557 1807 631; baseline 0 -17"><span class='ocrx_word' id='word_1_34' title='bbox 111 560 240 614; x_wconf 86' lang='lat' dir='ltr'><strong>item</strong></span> <span class='ocrx_word' id='word_1_35' title='bbox 290 560 360 613; x_wconf 90' lang='lat' dir='ltr'><strong>de</strong></span> <span class='ocrx_word' id='word_1_36' title='bbox 398 560 549 613; x_wconf 88' lang='lat' dir='ltr'><strong>cultu</strong></span> <span class='ocrx_word' id='word_1_37' title='bbox 585 559 810 612; x_wconf 89' lang='lat' dir='ltr'><strong>deorum</strong></span> <span class='ocrx_word' id='word_1_38' title='bbox 858 559 1200 631; x_wconf 82' lang='lat' dir='ltr'><strong>popularium</strong></span> <span class='ocrx_word' id='word_1_39' title='bbox 1237 578 1269 611; x_wconf 87' lang='lat' dir='ltr'><strong>a</strong></span> <span class='ocrx_word' id='word_1_40' title='bbox 1305 557 1532 613; x_wconf 80' lang='lat' dir='ltr'><strong>Socrate</strong></span> <span class='ocrx_word' id='word_1_41' title='bbox 1566 581 1677 613; x_wconf 89' lang='lat' dir='ltr'><strong>non</strong></span> <span class='ocrx_word' id='word_1_42' title='bbox 1712 580 1807 614; x_wconf 92' lang='lat' dir='ltr'><strong>ne-</strong></span> 
     </span>
     <span class='ocr_line' id='line_1_7' title="bbox 111 630 1809 705; baseline 0 -20"><span class='ocrx_word' id='word_1_43' title='bbox 111 634 320 705; x_wconf 84' lang='lat' dir='ltr'><strong>glect03</strong></span> <span class='ocrx_word' id='word_1_44' title='bbox 356 650 534 700; x_wconf 91' lang='lat' dir='ltr'><strong>neque</strong></span> <span class='ocrx_word' id='word_1_45' title='bbox 577 631 720 684; x_wconf 85' lang='lat' dir='ltr'><strong>enim</strong></span> <span class='ocrx_word' id='word_1_46' title='bbox 759 630 1059 683; x_wconf 89' lang='lat' dir='ltr'><strong>adversarii</strong></span> <span class='ocrx_word' id='word_1_47' title='bbox 1094 649 1371 684; x_wconf 87' lang='lat' dir='ltr'><strong>sacrorum</strong></span> <span class='ocrx_word' id='word_1_48' title='bbox 1408 630 1809 703; x_wconf 82' lang='lat' dir='ltr'><strong>neglectionem</strong></span> 
     </span>
     <span class='ocr_line' id='line_1_8' title="bbox 110 701 1808 776; baseline -0.001 -19"><span class='ocrx_word' id='word_1_49' title='bbox 110 704 216 776; x_wconf 91' lang='lat' dir='ltr'><strong>ipsi</strong></span> <span class='ocrx_word' id='word_1_50' title='bbox 264 703 474 756; x_wconf 83' lang='lat' dir='ltr'><strong>crimini</strong></span> <span class='ocrx_word' id='word_1_51' title='bbox 521 701 816 769; x_wconf 90' lang='lat' dir='ltr'><strong>dederant,</strong></span> <span class='ocrx_word' id='word_1_52' title='bbox 866 709 1223 773; x_wconf 89' lang='lat' dir='ltr'><strong>apertumque</strong></span> <span class='ocrx_word' id='word_1_53' title='bbox 1274 702 1437 755; x_wconf 89' lang='lat' dir='ltr'><strong>etiam</strong></span> <span class='ocrx_word' id='word_1_54' title='bbox 1485 710 1598 756; x_wconf 88' lang='lat' dir='ltr'><strong>erat</strong></span> <span class='ocrx_word' id='word_1_55' title='bbox 1635 704 1808 757; x_wconf 90' lang='lat' dir='ltr'><strong>omni-</strong></span> 
     </span>
     <span class='ocr_line' id='line_1_9' title="bbox 113 773 1806 844; baseline -0.001 -15"><span class='ocrx_word' id='word_1_56' title='bbox 113 775 247 843; x_wconf 85' lang='lat' dir='ltr'><strong>bus,</strong></span> <span class='ocrx_word' id='word_1_57' title='bbox 298 793 421 828; x_wconf 89' lang='lat' dir='ltr'><strong>eum</strong></span> <span class='ocrx_word' id='word_1_58' title='bbox 467 774 672 842; x_wconf 88' lang='lat' dir='ltr'><strong>virum,</strong></span> <span class='ocrx_word' id='word_1_59' title='bbox 727 774 820 844; x_wconf 93' lang='lat' dir='ltr'><strong>qui</strong></span> <span class='ocrx_word' id='word_1_60' title='bbox 870 781 1010 828; x_wconf 89' lang='lat' dir='ltr'><strong>teste</strong></span> <span class='ocrx_word' id='word_1_61' title='bbox 1058 773 1526 844; x_wconf 89' lang='lat' dir='ltr'><strong>Xenophonte</strong></span> <span class='ocrx_word' id='word_1_62' title='bbox 1574 774 1806 827; x_wconf 88' lang='lat' dir='ltr'><strong>Memor.</strong></span> 
     </span>
     <span class='ocr_line' id='line_1_10' title="bbox 111 844 1807 916; baseline -0.001 -17"><span class='ocrx_word' id='word_1_63' title='bbox 111 846 164 899; x_wconf 92' lang='lat' dir='ltr'><strong>I.</strong></span> <span class='ocrx_word' id='word_1_64' title='bbox 217 849 262 899; x_wconf 88' lang='lat'><strong>1.</strong></span> <span class='ocrx_word' id='word_1_65' title='bbox 305 847 355 899; x_wconf 78' lang='lat'><strong>2.</strong></span> <span class='ocrx_word' id='word_1_66' title='bbox 406 863 560 898; x_wconf 87' lang='lat' dir='ltr'><strong>suam</strong></span> <span class='ocrx_word' id='word_1_67' title='bbox 607 844 851 910; x_wconf 58' lang='lat' dir='ltr'><strong>deorum⁴</strong></span> <span class='ocrx_word' id='word_1_68' title='bbox 879 844 1287 898; x_wconf 89' lang='lat' dir='ltr'><strong>venerationem</strong></span> <span class='ocrx_word' id='word_1_69' title='bbox 1338 864 1510 915; x_wconf 87' lang='lat' dir='ltr'><strong>paene</strong></span> <span class='ocrx_word' id='word_1_70' title='bbox 1562 845 1807 916; x_wconf 88' lang='lat' dir='ltr'><strong>quotidie</strong></span> 
     </span>
     <span class='ocr_line' id='line_1_11' title="bbox 112 916 1809 989; baseline 0 -19"><span class='ocrx_word' id='word_1_71' title='bbox 112 917 294 989; x_wconf 89' lang='lat' dir='ltr'><strong>palam</strong></span> <span class='ocrx_word' id='word_1_72' title='bbox 338 917 591 985; x_wconf 75' lang='lat' dir='ltr'><strong>fecisset,</strong></span> <span class='ocrx_word' id='word_1_73' title='bbox 641 917 847 986; x_wconf 90' lang='lat' dir='ltr'><strong>quique</strong></span> <span class='ocrx_word' id='word_1_74' title='bbox 894 916 952 968; x_wconf 92' lang='lat' dir='ltr'><strong>in</strong></span> <span class='ocrx_word' id='word_1_75' title='bbox 1000 916 1121 987; x_wconf 89' lang='lat' dir='ltr'><strong>ipsa</strong></span> <span class='ocrx_word' id='word_1_76' title='bbox 1167 916 1487 969; x_wconf 90' lang='lat' dir='ltr'><strong>defensione</strong></span> <span class='ocrx_word' id='word_1_77' title='bbox 1534 935 1635 970; x_wconf 90' lang='lat' dir='ltr'><strong>sua</strong></span> <span class='ocrx_word' id='word_1_78' title='bbox 1682 936 1809 970; x_wconf 91' lang='lat' dir='ltr'><strong>ean-</strong></span> 
     </span>
     <span class='ocr_line' id='line_1_12' title="bbox 114 987 1807 1059; baseline -0.001 -16"><span class='ocrx_word' id='word_1_79' title='bbox 114 989 238 1043; x_wconf 86' lang='lat' dir='ltr'><strong>dem</strong></span> <span class='ocrx_word' id='word_1_80' title='bbox 272 987 572 1042; x_wconf 85' lang='lat' dir='ltr'><strong>identidem</strong></span> <span class='ocrx_word' id='word_1_81' title='bbox 608 996 753 1042; x_wconf 84' lang='lat' dir='ltr'><strong>esset</strong></span> <span class='ocrx_word' id='word_1_82' title='bbox 787 993 1021 1040; x_wconf 86' lang='lat' dir='ltr'><strong>testatus</strong></span> <span class='ocrx_word' id='word_1_83' title='bbox 1064 987 1150 1055; x_wconf 87' lang='lat' dir='ltr'><strong>(ut</strong></span> <span class='ocrx_word' id='word_1_84' title='bbox 1185 1007 1238 1058; x_wconf 89' lang='lat' dir='ltr'><strong>p.</strong></span> <span class='ocrx_word' id='word_1_85' title='bbox 1279 988 1364 1040; x_wconf 79' lang='lat'><strong>20.</strong></span> <span class='ocrx_word' id='word_1_86' title='bbox 1395 987 1464 1041; x_wconf 86' lang='lat' dir='ltr'><strong>E.</strong></span> <span class='ocrx_word' id='word_1_87' title='bbox 1491 1006 1611 1058; x_wconf 87' lang='lat' dir='ltr'><strong>sqq.</strong></span> <span class='ocrx_word' id='word_1_88' title='bbox 1636 1009 1689 1059; x_wconf 92' lang='lat' dir='ltr'><strong>p.</strong></span> <span class='ocrx_word' id='word_1_89' title='bbox 1722 990 1807 1041; x_wconf 74' lang='lat'><strong>29.</strong></span> 
     </span>
     <span class='ocr_line' id='line_1_13' title="bbox 113 1056 1809 1130; baseline -0.001 -16"><span class='ocrx_word' id='word_1_90' title='bbox 113 1064 168 1114; x_wconf 92' lang='lat' dir='ltr'>A</span> <span class='ocrx_word' id='word_1_91' title='bbox 202 1089 264 1098; x_wconf 91' lang='lat'><em>-</em></span> <span class='ocrx_word' id='word_1_92' title='bbox 306 1061 391 1112; x_wconf 80' lang='lat'><strong>30.</strong></span> <span class='ocrx_word' id='word_1_93' title='bbox 428 1059 565 1128; x_wconf 57' lang='lat' dir='ltr'><strong>A),</strong></span> <span class='ocrx_word' id='word_1_94' title='bbox 617 1058 726 1111; x_wconf 90' lang='lat' dir='ltr'><strong>isto</strong></span> <span class='ocrx_word' id='word_1_95' title='bbox 766 1056 987 1127; x_wconf 86' lang='lat' dir='ltr'><strong>quidem</strong></span> <span class='ocrx_word' id='word_1_96' title='bbox 1035 1059 1253 1110; x_wconf 91' lang='lat' dir='ltr'><strong>nomine</strong></span> <span class='ocrx_word' id='word_1_97' title='bbox 1302 1058 1451 1110; x_wconf 90' lang='lat' dir='ltr'><strong>nullo</strong></span> <span class='ocrx_word' id='word_1_98' title='bbox 1501 1067 1661 1130; x_wconf 88' lang='lat' dir='ltr'><strong>pacto</strong></span> <span class='ocrx_word' id='word_1_99' title='bbox 1708 1079 1809 1129; x_wconf 89' lang='lat' dir='ltr'><strong>pu-</strong></span> 
     </span>
     <span class='ocr_line' id='line_1_14' title="bbox 113 1124 1810 1201; baseline -0.001 -17"><span class='ocrx_word' id='word_1_100' title='bbox 113 1131 255 1185; x_wconf 82' lang='lat' dir='ltr'><strong>blice</strong></span> <span class='ocrx_word' id='word_1_101' title='bbox 292 1129 537 1183; x_wconf 86' lang='lat' dir='ltr'><strong>accusari</strong></span> <span class='ocrx_word' id='word_1_102' title='bbox 564 1147 743 1200; x_wconf 86' lang='lat' dir='ltr'><strong>posse.</strong></span> <span class='ocrx_word' id='word_1_103' title='bbox 818 1127 966 1181; x_wconf 90' lang='lat' dir='ltr'><strong>Illud</strong></span> <span class='ocrx_word' id='word_1_104' title='bbox 1020 1124 1191 1181; x_wconf 84' lang='lat' dir='ltr'><strong>unum</strong></span> <span class='ocrx_word' id='word_1_105' title='bbox 1223 1129 1404 1201; x_wconf 83' lang='lat' dir='ltr'><strong>igitur·</strong></span> <span class='ocrx_word' id='word_1_106' title='bbox 1442 1128 1500 1181; x_wconf 90' lang='lat' dir='ltr'><strong>in</strong></span> <span class='ocrx_word' id='word_1_107' title='bbox 1537 1129 1810 1200; x_wconf 90' lang='lat' dir='ltr'><strong>discepta-</strong></span> 
     </span>
     <span class='ocr_line' id='line_1_15' title="bbox 112 1199 1811 1270; baseline -0.001 -15"><span class='ocrx_word' id='word_1_108' title='bbox 112 1203 317 1256; x_wconf 89' lang='lat' dir='ltr'><strong>tionem</strong></span> <span class='ocrx_word' id='word_1_109' title='bbox 353 1208 611 1269; x_wconf 87' lang='lat' dir='ltr'><strong>vocatur,</strong></span> <span class='ocrx_word' id='word_1_110' title='bbox 650 1199 797 1253; x_wconf 92' lang='lat' dir='ltr'><strong>unde</strong></span> <span class='ocrx_word' id='word_1_111' title='bbox 835 1206 1182 1253; x_wconf 83' lang='lat' dir='ltr'><strong>accusatores</strong></span> <span class='ocrx_word' id='word_1_112' title='bbox 1229 1201 1532 1270; x_wconf 87' lang='lat' dir='ltr'><strong>speciosam</strong></span> <span class='ocrx_word' id='word_1_113' title='bbox 1586 1220 1811 1254; x_wconf 89' lang='lat' dir='ltr'><strong>accusa-</strong></span> 
     </span>
     <span class='ocr_line' id='line_1_16' title="bbox 113 1271 1810 1342; baseline 0 -17"><span class='ocrx_word' id='word_1_114' title='bbox 113 1273 279 1327; x_wconf 87' lang='lat' dir='ltr'><strong>tionis</strong></span> <span class='ocrx_word' id='word_1_115' title='bbox 330 1291 462 1326; x_wconf 89' lang='lat' dir='ltr'><strong>suae</strong></span> <span class='ocrx_word' id='word_1_116' title='bbox 510 1291 759 1326; x_wconf 83' lang='lat' dir='ltr'><strong>caussam</strong></span> <span class='ocrx_word' id='word_1_117' title='bbox 808 1279 864 1324; x_wconf 91' lang='lat' dir='ltr'><strong>et</strong></span> <span class='ocrx_word' id='word_1_118' title='bbox 910 1271 1176 1324; x_wconf 86' lang='lat' dir='ltr'><strong>rationem</strong></span> <span class='ocrx_word' id='word_1_119' title='bbox 1224 1272 1574 1340; x_wconf 88' lang='lat' dir='ltr'><strong>sumsissent,</strong></span> <span class='ocrx_word' id='word_1_120' title='bbox 1638 1273 1810 1342; x_wconf 89' lang='lat' dir='ltr'><strong>siqui-</strong></span> 
     </span>
     <span class='ocr_line' id='line_1_17' title="bbox 115 1342 1810 1415; baseline -0.002 -17"><span class='ocrx_word' id='word_1_121' title='bbox 115 1344 239 1398; x_wconf 87' lang='lat' dir='ltr'><strong>dem</strong></span> <span class='ocrx_word' id='word_1_122' title='bbox 274 1343 441 1414; x_wconf 84' lang='lat' dir='ltr'><strong>vulgo</strong></span> <span class='ocrx_word' id='word_1_123' title='bbox 467 1342 694 1396; x_wconf 90' lang='lat' dir='ltr'><strong>deorum</strong></span> <span class='ocrx_word' id='word_1_124' title='bbox 715 1361 918 1396; x_wconf 91' lang='lat' dir='ltr'><strong>numen</strong></span> <span class='ocrx_word' id='word_1_125' title='bbox 942 1342 1010 1395; x_wconf 91' lang='lat' dir='ltr'><strong>de</strong></span> <span class='ocrx_word' id='word_1_126' title='bbox 1045 1342 1225 1396; x_wconf 89' lang='lat' dir='ltr'><strong>medio</strong></span> <span class='ocrx_word' id='word_1_127' title='bbox 1263 1343 1453 1396; x_wconf 88' lang='lat' dir='ltr'><strong>tollere</strong></span> <span class='ocrx_word' id='word_1_128' title='bbox 1493 1351 1548 1396; x_wconf 89' lang='lat' dir='ltr'><strong>et</strong></span> <span class='ocrx_word' id='word_1_129' title='bbox 1582 1344 1810 1415; x_wconf 88' lang='lat' dir='ltr'><strong>popula-</strong></span> 
     </span>
     <span class='ocr_line' id='line_1_18' title="bbox 112 1413 1811 1487; baseline -0.001 -19"><span class='ocrx_word' id='word_1_130' title='bbox 112 1416 253 1469; x_wconf 85' lang='lat' dir='ltr'><strong>rium</strong></span> <span class='ocrx_word' id='word_1_131' title='bbox 290 1413 515 1468; x_wconf 90' lang='lat' dir='ltr'><strong>deorum</strong></span> <span class='ocrx_word' id='word_1_132' title='bbox 551 1422 887 1468; x_wconf 88' lang='lat' dir='ltr'><strong>contemtum</strong></span> <span class='ocrx_word' id='word_1_133' title='bbox 923 1414 1110 1467; x_wconf 81' lang='lat' dir='ltr'><strong>fovere</strong></span> <span class='ocrx_word' id='word_1_134' title='bbox 1147 1415 1508 1485; x_wconf 79' lang='lat' dir='ltr'><strong>putabantur,</strong></span> <span class='ocrx_word' id='word_1_135' title='bbox 1561 1416 1654 1485; x_wconf 91' lang='lat' dir='ltr'><strong>qui</strong></span> <span class='ocrx_word' id='word_1_136' title='bbox 1691 1415 1811 1487; x_wconf 85' lang='lat' dir='ltr'><strong>phi-</strong></span> 
     </span>
     <span class='ocr_line' id='line_1_19' title="bbox 114 1484 1811 1558; baseline -0.001 -18"><span class='ocrx_word' id='word_1_137' title='bbox 114 1484 456 1558; x_wconf 86' lang='lat' dir='ltr'><strong>losophando</strong></span> <span class='ocrx_word' id='word_1_138' title='bbox 497 1487 751 1556; x_wconf 90' lang='lat' dir='ltr'><strong>occupati</strong></span> <span class='ocrx_word' id='word_1_139' title='bbox 790 1505 971 1538; x_wconf 88' lang='lat' dir='ltr'><strong>rerum</strong></span> <span class='ocrx_word' id='word_1_140' title='bbox 1007 1485 1335 1538; x_wconf 88' lang='lat' dir='ltr'><strong>naturalium</strong></span> <span class='ocrx_word' id='word_1_141' title='bbox 1370 1486 1611 1539; x_wconf 89' lang='lat' dir='ltr'><strong>rationes</strong></span> <span class='ocrx_word' id='word_1_142' title='bbox 1648 1487 1811 1539; x_wconf 90' lang='lat' dir='ltr'><strong>rima-</strong></span> 
     </span>
     <span class='ocr_line' id='line_1_20' title="bbox 114 1556 1812 1629; baseline -0.001 -17"><span class='ocrx_word' id='word_1_143' title='bbox 114 1565 306 1612; x_wconf 86' lang='lat' dir='ltr'><strong>rentur</strong></span> <span class='ocrx_word' id='word_1_144' title='bbox 357 1564 522 1627; x_wconf 88' lang='lat' dir='ltr'><strong>atque</strong></span> <span class='ocrx_word' id='word_1_145' title='bbox 573 1558 888 1629; x_wconf 86' lang='lat' dir='ltr'><strong>sophisticis</strong></span> <span class='ocrx_word' id='word_1_146' title='bbox 940 1556 1140 1611; x_wconf 88' lang='lat' dir='ltr'><strong>studiis</strong></span> <span class='ocrx_word' id='word_1_147' title='bbox 1193 1556 1367 1610; x_wconf 89' lang='lat' dir='ltr'><strong>dediti</strong></span> <span class='ocrx_word' id='word_1_148' title='bbox 1414 1566 1613 1611; x_wconf 87' lang='lat' dir='ltr'><strong>essent.</strong></span> <span class='ocrx_word' id='word_1_149' title='bbox 1698 1558 1812 1611; x_wconf 88' lang='lat' dir='ltr'><strong>Ita-</strong></span> 
     </span>
     <span class='ocr_line' id='line_1_21' title="bbox 117 1627 1814 1700; baseline 0 -18"><span class='ocrx_word' id='word_1_150' title='bbox 117 1648 224 1699; x_wconf 92' lang='lat' dir='ltr'><strong>que</strong></span> <span class='ocrx_word' id='word_1_151' title='bbox 282 1628 516 1700; x_wconf 88' lang='lat' dir='ltr'><strong>primum</strong></span> <span class='ocrx_word' id='word_1_152' title='bbox 593 1628 814 1698; x_wconf 89' lang='lat' dir='ltr'><strong>quidem</strong></span> <span class='ocrx_word' id='word_1_153' title='bbox 868 1627 1063 1682; x_wconf 86' lang='lat' dir='ltr'><strong>denuo</strong></span> <span class='ocrx_word' id='word_1_154' title='bbox 1125 1636 1469 1682; x_wconf 83' lang='lat' dir='ltr'><strong>asseveratur</strong></span> <span class='ocrx_word' id='word_1_155' title='bbox 1530 1628 1814 1684; x_wconf 87' lang='lat' dir='ltr'><strong>Socratem</strong></span> 
     </span>
     <span class='ocr_line' id='line_1_22' title="bbox 114 1698 1813 1772; baseline -0.001 -18"><span class='ocrx_word' id='word_1_156' title='bbox 114 1704 484 1769; x_wconf 82' lang='lat' dir='ltr'><strong>Anaxagorae</strong></span> <span class='ocrx_word' id='word_1_157' title='bbox 546 1701 777 1772; x_wconf 89' lang='lat' dir='ltr'><strong>placita,</strong></span> <span class='ocrx_word' id='word_1_158' title='bbox 842 1700 1040 1769; x_wconf 90' lang='lat' dir='ltr'><strong>quibus</strong></span> <span class='ocrx_word' id='word_1_159' title='bbox 1091 1698 1183 1753; x_wconf 91' lang='lat' dir='ltr'><strong>ille</strong></span> <span class='ocrx_word' id='word_1_160' title='bbox 1233 1699 1365 1754; x_wconf 85' lang='lat' dir='ltr'><strong>deos</strong></span> <span class='ocrx_word' id='word_1_161' title='bbox 1413 1700 1708 1772; x_wconf 87' lang='lat' dir='ltr'><strong>populares</strong></span> <span class='ocrx_word' id='word_1_162' title='bbox 1757 1701 1813 1753; x_wconf 89' lang='lat' dir='ltr'><strong>in</strong></span> 
     </span>
     <span class='ocr_line' id='line_1_23' title="bbox 114 1770 1812 1842; baseline -0.001 -18"><span class='ocrx_word' id='word_1_163' title='bbox 114 1773 260 1825; x_wconf 87' lang='lat' dir='ltr'><strong>vires</strong></span> <span class='ocrx_word' id='word_1_164' title='bbox 297 1779 523 1825; x_wconf 82' lang='lat' dir='ltr'><strong>naturae</strong></span> <span class='ocrx_word' id='word_1_165' title='bbox 562 1779 617 1825; x_wconf 88' lang='lat' dir='ltr'><strong>et</strong></span> <span class='ocrx_word' id='word_1_166' title='bbox 654 1791 885 1842; x_wconf 87' lang='lat' dir='ltr'><strong>corpora</strong></span> <span class='ocrx_word' id='word_1_167' title='bbox 920 1770 1195 1824; x_wconf 88' lang='lat' dir='ltr'><strong>mundana</strong></span> <span class='ocrx_word' id='word_1_168' title='bbox 1249 1772 1694 1825; x_wconf 87' lang='lat' dir='ltr'><strong>commutavisset</strong></span> <span class='ocrx_word' id='word_1_169' title='bbox 1731 1774 1812 1824; x_wconf 89' lang='lat' dir='ltr'><strong>di-</strong></span> 
     </span>
     <span class='ocr_line' id='line_1_24' title="bbox 115 1843 1813 1915; baseline 0 -19"><span class='ocrx_word' id='word_1_170' title='bbox 115 1843 345 1896; x_wconf 83' lang='lat' dir='ltr'><strong>vinitate</strong></span> <span class='ocrx_word' id='word_1_171' title='bbox 383 1862 483 1896; x_wconf 89' lang='lat' dir='ltr'><strong>sua</strong></span> <span class='ocrx_word' id='word_1_172' title='bbox 519 1843 682 1915; x_wconf 87' lang='lat' dir='ltr'><strong>plane</strong></span> <span class='ocrx_word' id='word_1_173' title='bbox 731 1843 1020 1914; x_wconf 81' lang='lat' dir='ltr'><strong>spoliatOS,</strong></span> <span class='ocrx_word' id='word_1_174' title='bbox 1076 1843 1392 1912; x_wconf 89' lang='lat' dir='ltr'><strong>neutiquam</strong></span> <span class='ocrx_word' id='word_1_175' title='bbox 1437 1862 1559 1896; x_wconf 89' lang='lat' dir='ltr'><strong>esse</strong></span> <span class='ocrx_word' id='word_1_176' title='bbox 1610 1844 1813 1914; x_wconf 91' lang='lat' dir='ltr'><strong>ample-</strong></span> 
     </span>
     <span class='ocr_line' id='line_1_25' title="bbox 115 1913 1810 1984; baseline -0.001 -16"><span class='ocrx_word' id='word_1_177' title='bbox 115 1934 263 1969; x_wconf 88' lang='lat' dir='ltr'><strong>xum.</strong></span> <span class='ocrx_word' id='word_1_178' title='bbox 339 1914 507 1982; x_wconf 77' lang='lat' dir='ltr'><strong>Quod</strong></span> <span class='ocrx_word' id='word_1_179' title='bbox 543 1914 766 1984; x_wconf 85' lang='lat' dir='ltr'><strong>quidem</strong></span> <span class='ocrx_word' id='word_1_180' title='bbox 802 1914 1084 1968; x_wconf 80' lang='lat' dir='ltr'><strong>verissime</strong></span> <span class='ocrx_word' id='word_1_181' title='bbox 1131 1913 1198 1966; x_wconf 91' lang='lat' dir='ltr'><strong>de</strong></span> <span class='ocrx_word' id='word_1_182' title='bbox 1250 1914 1479 1968; x_wconf 87' lang='lat' dir='ltr'><strong>Socrate</strong></span> <span class='ocrx_word' id='word_1_183' title='bbox 1531 1915 1810 1981; x_wconf 83' lang='lat' dir='ltr'><strong>affirmari,</strong></span> 
     </span>
     <span class='ocr_line' id='line_1_26' title="bbox 116 1984 1813 2055; baseline -0.001 -16"><span class='ocrx_word' id='word_1_184' title='bbox 116 1988 222 2039; x_wconf 90' lang='lat' dir='ltr'><strong>iam</strong></span> <span class='ocrx_word' id='word_1_185' title='bbox 260 1988 316 2040; x_wconf 92' lang='lat' dir='ltr'><strong>in</strong></span> <span class='ocrx_word' id='word_1_186' title='bbox 355 1986 731 2055; x_wconf 90' lang='lat' dir='ltr'><strong>superioribus</strong></span> <span class='ocrx_word' id='word_1_187' title='bbox 767 1986 907 2039; x_wconf 90' lang='lat' dir='ltr'><strong>satis</strong></span> <span class='ocrx_word' id='word_1_188' title='bbox 926 1984 1234 2038; x_wconf 88' lang='lat' dir='ltr'><strong>ostendisse</strong></span> <span class='ocrx_word' id='word_1_189' title='bbox 1256 1985 1519 2039; x_wconf 87' lang='lat' dir='ltr'><strong>videmur.</strong></span> <span class='ocrx_word' id='word_1_190' title='bbox 1596 1985 1813 2039; x_wconf 92' lang='lat' dir='ltr'><strong>Deinde</strong></span> 
     </span>
     <span class='ocr_line' id='line_1_27' title="bbox 118 2056 1815 2127; baseline -0.001 -16"><span class='ocrx_word' id='word_1_191' title='bbox 118 2077 247 2111; x_wconf 88' lang='lat' dir='ltr'><strong>vero</strong></span> <span class='ocrx_word' id='word_1_192' title='bbox 289 2057 359 2111; x_wconf 87' lang='lat' dir='ltr'><strong>ad</strong></span> <span class='ocrx_word' id='word_1_193' title='bbox 394 2057 453 2109; x_wconf 90' lang='lat' dir='ltr'><strong>id</strong></span> <span class='ocrx_word' id='word_1_194' title='bbox 489 2057 795 2125; x_wconf 77' lang='lat' dir='ltr'><strong>acceditur,</strong></span> <span class='ocrx_word' id='word_1_195' title='bbox 847 2056 996 2127; x_wconf 88' lang='lat' dir='ltr'><strong>quod</strong></span> <span class='ocrx_word' id='word_1_196' title='bbox 1046 2057 1149 2110; x_wconf 88' lang='lat' dir='ltr'><strong>etsi</strong></span> <span class='ocrx_word' id='word_1_197' title='bbox 1197 2056 1413 2111; x_wconf 88' lang='lat' dir='ltr'><strong>Socrati</strong></span> <span class='ocrx_word' id='word_1_198' title='bbox 1458 2058 1649 2127; x_wconf 84' lang='lat' dir='ltr'><strong>utique</strong></span> <span class='ocrx_word' id='word_1_199' title='bbox 1698 2066 1815 2110; x_wconf 86' lang='lat' dir='ltr'><strong>erat</strong></span> 
     </span>
     <span class='ocr_line' id='line_1_28' title="bbox 118 2128 1814 2200; baseline -0.002 -18"><span class='ocrx_word' id='word_1_200' title='bbox 118 2130 399 2200; x_wconf 87' lang='lat' dir='ltr'><strong>proprium</strong></span> <span class='ocrx_word' id='word_1_201' title='bbox 448 2136 504 2181; x_wconf 93' lang='lat' dir='ltr'><strong>et</strong></span> <span class='ocrx_word' id='word_1_202' title='bbox 552 2128 856 2199; x_wconf 75' lang='lat' dir='ltr'><strong>peculiare,</strong></span> <span class='ocrx_word' id='word_1_203' title='bbox 908 2135 1087 2180; x_wconf 88' lang='lat' dir='ltr'><strong>tamen</strong></span> <span class='ocrx_word' id='word_1_204' title='bbox 1139 2128 1269 2180; x_wconf 88' lang='lat' dir='ltr'><strong>item</strong></span> <span class='ocrx_word' id='word_1_205' title='bbox 1307 2147 1429 2180; x_wconf 90' lang='lat' dir='ltr'><strong>cum</strong></span> <span class='ocrx_word' id='word_1_206' title='bbox 1466 2128 1814 2198; x_wconf 87' lang='lat' dir='ltr'><strong>philosophia</strong></span> 
     </span>
     <span class='ocr_line' id='line_1_29' title="bbox 120 2197 1811 2267; baseline 0 -15"><span class='ocrx_word' id='word_1_207' title='bbox 120 2202 406 2254; x_wconf 87' lang='lat' dir='ltr'><strong>arctiorem</strong></span> <span class='ocrx_word' id='word_1_208' title='bbox 444 2199 733 2267; x_wconf 79' lang='lat' dir='ltr'><strong>quamdam</strong></span> <span class='ocrx_word' id='word_1_209' title='bbox 769 2197 968 2251; x_wconf 90' lang='lat' dir='ltr'><strong>habere</strong></span> <span class='ocrx_word' id='word_1_210' title='bbox 1005 2199 1182 2251; x_wconf 83' lang='lat' dir='ltr'><strong>visum</strong></span> <span class='ocrx_word' id='word_1_211' title='bbox 1220 2206 1302 2251; x_wconf 88' lang='lat' dir='ltr'><strong>est</strong></span> <span class='ocrx_word' id='word_1_212' title='bbox 1330 2199 1811 2267; x_wconf 81' lang='lat' dir='ltr'><strong>necessitudinem,</strong></span> 
     </span>
     <span class='ocr_line' id='line_1_30' title="bbox 121 2268 1812 2340; baseline -0.001 -16"><span class='ocrx_word' id='word_1_213' title='bbox 121 2270 268 2340; x_wconf 88' lang='lat' dir='ltr'><strong>quod</strong></span> <span class='ocrx_word' id='word_1_214' title='bbox 295 2270 544 2324; x_wconf 86' lang='lat' dir='ltr'><strong>nimirum</strong></span> <span class='ocrx_word' id='word_1_215' title='bbox 571 2270 675 2323; x_wconf 86' lang='lat' dir='ltr'><strong>sibi</strong></span> <span class='ocrx_word' id='word_1_216' title='bbox 707 2268 1005 2321; x_wconf 86' lang='lat' dir='ltr'><strong>identidem</strong></span> <span class='ocrx_word' id='word_1_217' title='bbox 1031 2269 1399 2322; x_wconf 87' lang='lat' dir='ltr'><strong>affirmaverat</strong></span> <span class='ocrx_word' id='word_1_218' title='bbox 1435 2269 1625 2323; x_wconf 85' lang='lat' dir='ltr'><strong>adesse</strong></span> <span class='ocrx_word' id='word_1_219' title='bbox 1666 2269 1812 2323; x_wconf 88' lang='lat' dir='ltr'><strong>dae-</strong></span> 
     </span>
     <span class='ocr_line' id='line_1_31' title="bbox 119 2339 1813 2409; baseline -0.001 -14"><span class='ocrx_word' id='word_1_220' title='bbox 119 2343 444 2395; x_wconf 87' lang='lat' dir='ltr'><strong>monium.</strong></span> <span class='ocrx_word' id='word_1_221' title='bbox 522 2339 687 2408; x_wconf 79' lang='lat' dir='ltr'><strong>Quod</strong></span> <span class='ocrx_word' id='word_1_222' title='bbox 738 2339 957 2408; x_wconf 88' lang='lat' dir='ltr'><strong>quidem</strong></span> <span class='ocrx_word' id='word_1_223' title='bbox 1004 2360 1201 2393; x_wconf 91' lang='lat' dir='ltr'><strong>nomen</strong></span> <span class='ocrx_word' id='word_1_224' title='bbox 1250 2359 1417 2409; x_wconf 91' lang='lat' dir='ltr'><strong>quum</strong></span> <span class='ocrx_word' id='word_1_225' title='bbox 1462 2349 1609 2397; x_wconf 88' lang='lat' dir='ltr'><strong>esset</strong></span> <span class='ocrx_word' id='word_1_226' title='bbox 1646 2342 1813 2395; x_wconf 88' lang='lat' dir='ltr'><strong>ambi-</strong></span> 
     </span>
     <span class='ocr_line' id='line_1_32' title="bbox 120 2411 1810 2484; baseline 0 -18"><span class='ocrx_word' id='word_1_227' title='bbox 120 2433 316 2484; x_wconf 81' lang='lat' dir='ltr'><strong>guum,</strong></span> <span class='ocrx_word' id='word_1_228' title='bbox 357 2412 627 2482; x_wconf 85' lang='lat' dir='ltr'><strong>siquidem</strong></span> <span class='ocrx_word' id='word_1_229' title='bbox 664 2431 790 2464; x_wconf 87' lang='lat' dir='ltr'><strong>vere</strong></span> <span class='ocrx_word' id='word_1_230' title='bbox 827 2411 1102 2464; x_wconf 85' lang='lat' dir='ltr'><strong>iudicante</strong></span> <span class='ocrx_word' id='word_1_231' title='bbox 1151 2411 1548 2465; x_wconf 76' lang='lat' dir='ltr'><strong>Aristotele</strong></span> <span class='ocrx_word' id='word_1_232' title='bbox 1585 2412 1810 2466; x_wconf 87' lang='lat' dir='ltr'><strong>Rhetor.</strong></span> 
     </span>
     <span class='ocr_line' id='line_1_33' title="bbox 120 2481 1810 2554; baseline 0 -16"><span class='ocrx_word' id='word_1_233' title='bbox 120 2485 198 2538; x_wconf 87' lang='grc' dir='ltr'><strong>Π.</strong></span> <span class='ocrx_word' id='word_1_234' title='bbox 237 2486 322 2538; x_wconf 74' lang='grc'><strong>23.</strong></span> <span class='ocrx_word' id='word_1_235' title='bbox 360 2484 409 2553; x_wconf 61' lang='grc' dir='ltr'><strong>ξ.</strong></span> <span class='ocrx_word' id='word_1_236' title='bbox 451 2485 502 2537; x_wconf 83' lang='grc'><strong>8.</strong></span> <span class='ocrx_word' id='word_1_237' title='bbox 551 2483 615 2536; x_wconf 69' lang='grc' dir='ltr'><strong>τι)</strong></span> <span class='ocrx_word' id='word_1_238' title='bbox 669 2481 965 2551; x_wconf 78' lang='grc' dir='ltr'><em>δαιμόνιον</em></span> <span class='ocrx_word' id='word_1_239' title='bbox 1014 2483 1178 2536; x_wconf 68' lang='grc' dir='ltr'><em>οὐδέν</em></span> <span class='ocrx_word' id='word_1_240' title='bbox 1215 2490 1364 2537; x_wconf 75' lang='grc' dir='ltr'><strong><em>ἐστιν</em></strong></span> <span class='ocrx_word' id='word_1_241' title='bbox 1401 2483 1544 2536; x_wconf 72' lang='grc' dir='ltr'><strong>ἀλλ’</strong></span> <span class='ocrx_word' id='word_1_242' title='bbox 1587 2483 1622 2549; x_wconf 76' lang='grc' dir='ltr'><em>ἢ</em></span> <span class='ocrx_word' id='word_1_243' title='bbox 1662 2485 1721 2554; x_wconf 84' lang='lat' dir='ltr'><strong>(i.</strong></span> <span class='ocrx_word' id='word_1_244' title='bbox 1762 2505 1810 2538; x_wconf 82' lang='lat' dir='ltr'><strong>e.</strong></span> 
     </span>
     <span class='ocr_line' id='line_1_34' title="bbox 122 2549 1813 2625; baseline 0 -16"><span class='ocrx_word' id='word_1_245' title='bbox 122 2556 284 2625; x_wconf 85' lang='lat' dir='ltr'><strong>nisi)</strong></span> <span class='ocrx_word' id='word_1_246' title='bbox 346 2555 518 2618; x_wconf 62' lang='grc' dir='ltr'><strong>θεὸς</strong></span> <span class='ocrx_word' id='word_1_247' title='bbox 575 2549 611 2620; x_wconf 80' lang='grc' dir='ltr'><em>ἢ</em></span> <span class='ocrx_word' id='word_1_248' title='bbox 676 2557 851 2606; x_wconf 63' lang='grc' dir='ltr'><em>«θεοῦ</em></span> <span class='ocrx_word' id='word_1_249' title='bbox 911 2560 1144 2624; x_wconf 59' lang='lat' dir='ltr'><strong>&amp;oyem</strong></span> <span class='ocrx_word' id='word_1_250' title='bbox 1209 2562 1556 2608; x_wconf 86' lang='lat' dir='ltr'><strong>accusatores</strong></span> <span class='ocrx_word' id='word_1_251' title='bbox 1621 2555 1813 2609; x_wconf 72' lang='lat' dir='ltr'><strong>fraude</strong></span> 
     </span>
     <span class='ocr_line' id='line_1_35' title="bbox 120 2625 1815 2698; baseline -0.001 -17"><span class='ocrx_word' id='word_1_252' title='bbox 120 2626 471 2681; x_wconf 86' lang='lat' dir='ltr'><strong>callidissima</strong></span> <span class='ocrx_word' id='word_1_253' title='bbox 530 2625 778 2681; x_wconf 86' lang='lat' dir='ltr'><strong>Socratis</strong></span> <span class='ocrx_word' id='word_1_254' title='bbox 831 2626 1128 2694; x_wconf 78' lang='grc' dir='ltr'><em>δαιμόνιον</em></span> <span class='ocrx_word' id='word_1_255' title='bbox 1176 2626 1514 2679; x_wconf 83' lang='lat' dir='ltr'><strong>substantive</strong></span> <span class='ocrx_word' id='word_1_256' title='bbox 1566 2646 1665 2698; x_wconf 89' lang='lat' dir='ltr'><strong>pro</strong></span> <span class='ocrx_word' id='word_1_257' title='bbox 1715 2647 1815 2679; x_wconf 88' lang='lat' dir='ltr'><strong>nu-</strong></span> 
     </span>
     <span class='ocr_line' id='line_1_36' title="bbox 121 2696 1814 2769; baseline -0.001 -17"><span class='ocrx_word' id='word_1_258' title='bbox 121 2699 265 2752; x_wconf 89' lang='lat' dir='ltr'><strong>mine</strong></span> <span class='ocrx_word' id='word_1_259' title='bbox 313 2697 498 2751; x_wconf 88' lang='lat' dir='ltr'><strong>divino</strong></span> <span class='ocrx_word' id='word_1_260' title='bbox 549 2703 873 2767; x_wconf 81' lang='lat' dir='ltr'><strong>acceperant</strong></span> <span class='ocrx_word' id='word_1_261' title='bbox 921 2696 1167 2766; x_wconf 89' lang='lat' dir='ltr'><strong>adeoque</strong></span> <span class='ocrx_word' id='word_1_262' title='bbox 1215 2696 1324 2767; x_wconf 87' lang='lat' dir='ltr'><strong>ipsi</strong></span> <span class='ocrx_word' id='word_1_263' title='bbox 1368 2717 1593 2751; x_wconf 91' lang='lat' dir='ltr'><strong>numero</strong></span> <span class='ocrx_word' id='word_1_264' title='bbox 1629 2698 1814 2769; x_wconf 90' lang='lat' dir='ltr'><strong>plura-</strong></span> 
     </span>
     <span class='ocr_line' id='line_1_37' title="bbox 122 2767 1817 2839; baseline -0.001 -17"><span class='ocrx_word' id='word_1_265' title='bbox 122 2771 236 2823; x_wconf 86' lang='lat' dir='ltr'><strong>tivo</strong></span> <span class='ocrx_word' id='word_1_266' title='bbox 275 2770 436 2822; x_wconf 73' lang='grc' dir='ltr'><strong><em>καινά</em></strong></span> <span class='ocrx_word' id='word_1_267' title='bbox 475 2767 739 2838; x_wconf 78' lang='grc' dir='ltr'><em>δαιμόνια</em></span> <span class='ocrx_word' id='word_1_268' title='bbox 779 2768 1131 2835; x_wconf 81' lang='lat' dir='ltr'><strong>affluxerant,</strong></span> <span class='ocrx_word' id='word_1_269' title='bbox 1179 2787 1288 2838; x_wconf 85' lang='lat' dir='ltr'><strong>quo</strong></span> <span class='ocrx_word' id='word_1_270' title='bbox 1328 2770 1503 2839; x_wconf 84' lang='lat' dir='ltr'><strong>magis</strong></span> <span class='ocrx_word' id='word_1_271' title='bbox 1541 2768 1817 2822; x_wconf 87' lang='lat' dir='ltr'><strong>videretur</strong></span> 
     </span>
     <span class='ocr_line' id='line_1_38' title="bbox 123 2839 1815 2912; baseline -0.001 -18"><span class='ocrx_word' id='word_1_272' title='bbox 123 2840 363 2912; x_wconf 89' lang='lat' dir='ltr'><strong>expulsis</strong></span> <span class='ocrx_word' id='word_1_273' title='bbox 409 2839 513 2893; x_wconf 88' lang='lat' dir='ltr'><strong>diis</strong></span> <span class='ocrx_word' id='word_1_274' title='bbox 563 2839 919 2909; x_wconf 87' lang='lat' dir='ltr'><strong>popularibus</strong></span> <span class='ocrx_word' id='word_1_275' title='bbox 976 2839 1196 2909; x_wconf 88' lang='lat' dir='ltr'><strong>publice</strong></span> <span class='ocrx_word' id='word_1_276' title='bbox 1245 2839 1470 2893; x_wconf 85' lang='lat' dir='ltr'><strong>sancitis</strong></span> <span class='ocrx_word' id='word_1_277' title='bbox 1530 2860 1701 2894; x_wconf 88' lang='lat' dir='ltr'><strong>novos</strong></span> <span class='ocrx_word' id='word_1_278' title='bbox 1758 2841 1815 2893; x_wconf 89' lang='lat' dir='ltr'><strong>in</strong></span> 
     </span>
     <span class='ocr_line' id='line_1_39' title="bbox 124 2910 1817 2982; baseline -0.001 -17"><span class='ocrx_word' id='word_1_279' title='bbox 124 2913 403 2966; x_wconf 87' lang='lat' dir='ltr'><strong>civitatem</strong></span> <span class='ocrx_word' id='word_1_280' title='bbox 453 2911 584 2964; x_wconf 89' lang='lat' dir='ltr'><strong>deos</strong></span> <span class='ocrx_word' id='word_1_281' title='bbox 630 2910 1016 2964; x_wconf 84' lang='lat' dir='ltr'><strong>introduxisse.</strong></span> <span class='ocrx_word' id='word_1_282' title='bbox 1101 2910 1384 2964; x_wconf 90' lang='lat' dir='ltr'><strong>Adversus</strong></span> <span class='ocrx_word' id='word_1_283' title='bbox 1444 2910 1583 2964; x_wconf 89' lang='lat' dir='ltr'><strong>hanc</strong></span> <span class='ocrx_word' id='word_1_284' title='bbox 1648 2911 1817 2982; x_wconf 81' lang='lat' dir='ltr'><strong>igitur</strong></span> 
     </span>
     <span class='ocr_line' id='line_1_40' title="bbox 124 2979 1817 3052; baseline -0.002 -14"><span class='ocrx_word' id='word_1_285' title='bbox 124 2982 553 3038; x_wconf 87' lang='lat' dir='ltr'><strong>criminationem</strong></span> <span class='ocrx_word' id='word_1_286' title='bbox 591 2979 846 3035; x_wconf 83' lang='lat' dir='ltr'><strong>Socrates</strong></span> <span class='ocrx_word' id='word_1_287' title='bbox 883 2981 1142 3052; x_wconf 89' lang='lat' dir='ltr'><strong>deinceps</strong></span> <span class='ocrx_word' id='word_1_288' title='bbox 1179 3001 1295 3036; x_wconf 88' lang='lat' dir='ltr'><strong>sese</strong></span> <span class='ocrx_word' id='word_1_289' title='bbox 1332 2983 1408 3034; x_wconf 90' lang='lat' dir='ltr'><strong>ita</strong></span> <span class='ocrx_word' id='word_1_290' title='bbox 1446 2981 1709 3050; x_wconf 77' lang='lat' dir='ltr'><strong>defendit,</strong></span> <span class='ocrx_word' id='word_1_291' title='bbox 1755 2991 1817 3035; x_wconf 91' lang='lat' dir='ltr'><strong>ut</strong></span> 
     </span>
     <span class='ocr_line' id='line_1_41' title="bbox 126 3052 1816 3123; baseline -0.001 -16"><span class='ocrx_word' id='word_1_292' title='bbox 126 3056 422 3123; x_wconf 74' lang='grc' dir='ltr'><em>δαιμόνιον</em></span> <span class='ocrx_word' id='word_1_293' title='bbox 470 3052 621 3106; x_wconf 90' lang='lat' dir='ltr'><strong>istud</strong></span> <span class='ocrx_word' id='word_1_294' title='bbox 665 3073 923 3122; x_wconf 87' lang='lat' dir='ltr'><strong>quorsum</strong></span> <span class='ocrx_word' id='word_1_295' title='bbox 975 3053 1247 3123; x_wconf 87' lang='lat' dir='ltr'><strong>pertineat</strong></span> <span class='ocrx_word' id='word_1_296' title='bbox 1281 3061 1337 3106; x_wconf 88' lang='lat' dir='ltr'><strong>et</strong></span> <span class='ocrx_word' id='word_1_297' title='bbox 1375 3072 1536 3122; x_wconf 87' lang='lat' dir='ltr'><strong>quam</strong></span> <span class='ocrx_word' id='word_1_298' title='bbox 1576 3054 1683 3106; x_wconf 89' lang='lat' dir='ltr'><strong>vim</strong></span> <span class='ocrx_word' id='word_1_299' title='bbox 1721 3053 1816 3106; x_wconf 89' lang='lat' dir='ltr'><strong>ha-</strong></span> 
     </span>
     <span class='ocr_line' id='line_1_42' title="bbox 125 3123 1816 3194; baseline -0.001 -16"><span class='ocrx_word' id='word_1_300' title='bbox 125 3125 255 3179; x_wconf 92' lang='lat' dir='ltr'><strong>beat</strong></span> <span class='ocrx_word' id='word_1_301' title='bbox 302 3123 372 3177; x_wconf 88' lang='lat' dir='ltr'><strong>ad</strong></span> <span class='ocrx_word' id='word_1_302' title='bbox 419 3123 896 3178; x_wconf 87' lang='lat' dir='ltr'><strong>demonstrandam</strong></span> <span class='ocrx_word' id='word_1_303' title='bbox 934 3144 1085 3177; x_wconf 89' lang='lat' dir='ltr'><strong>suam</strong></span> <span class='ocrx_word' id='word_1_304' title='bbox 1121 3124 1294 3194; x_wconf 88' lang='lat' dir='ltr'><strong>ipsius</strong></span> <span class='ocrx_word' id='word_1_305' title='bbox 1331 3124 1554 3178; x_wconf 85' lang='lat' dir='ltr'><strong>deorum</strong></span> <span class='ocrx_word' id='word_1_306' title='bbox 1591 3144 1816 3177; x_wconf 87' lang='lat' dir='ltr'><strong>venera-</strong></span> 
     </span>
     <span class='ocr_line' id='line_1_43' title="bbox 127 3194 1817 3267; baseline -0.001 -19"><span class='ocrx_word' id='word_1_307' title='bbox 127 3196 328 3250; x_wconf 86' lang='lat' dir='ltr'><strong>tionem</strong></span> <span class='ocrx_word' id='word_1_308' title='bbox 364 3202 528 3267; x_wconf 89' lang='lat' dir='ltr'><strong>atque</strong></span> <span class='ocrx_word' id='word_1_309' title='bbox 562 3194 852 3266; x_wconf 85' lang='lat' dir='ltr'><strong>pietatem,</strong></span> <span class='ocrx_word' id='word_1_310' title='bbox 891 3196 1163 3251; x_wconf 86' lang='lat' dir='ltr'><strong>luculente</strong></span> <span class='ocrx_word' id='word_1_311' title='bbox 1205 3196 1480 3250; x_wconf 84' lang='lat' dir='ltr'><strong>doceatur.</strong></span> <span class='ocrx_word' id='word_1_312' title='bbox 1556 3194 1817 3249; x_wconf 89' lang='lat' dir='ltr'><strong>Ostendi-</strong></span> 
     </span>
     <span class='ocr_line' id='line_1_44' title="bbox 127 3265 1815 3338; baseline -0.001 -18"><span class='ocrx_word' id='word_1_313' title='bbox 127 3273 218 3320; x_wconf 86' lang='lat' dir='ltr'><strong>tur</strong></span> <span class='ocrx_word' id='word_1_314' title='bbox 267 3267 410 3319; x_wconf 88' lang='lat' dir='ltr'><strong>enim</strong></span> <span class='ocrx_word' id='word_1_315' title='bbox 469 3267 702 3338; x_wconf 88' lang='lat' dir='ltr'><strong>primum</strong></span> <span class='ocrx_word' id='word_1_316' title='bbox 749 3267 968 3336; x_wconf 90' lang='lat' dir='ltr'><strong>quidem</strong></span> <span class='ocrx_word' id='word_1_317' title='bbox 1020 3266 1199 3337; x_wconf 90' lang='lat' dir='ltr'><strong>ipsum</strong></span> <span class='ocrx_word' id='word_1_318' title='bbox 1244 3270 1309 3321; x_wconf 84' lang='grc' dir='ltr'><strong>τὸ</strong></span> <span class='ocrx_word' id='word_1_319' title='bbox 1361 3265 1656 3332; x_wconf 78' lang='grc' dir='ltr'><em>δαιμόνιον</em></span> <span class='ocrx_word' id='word_1_320' title='bbox 1706 3286 1815 3319; x_wconf 88' lang='lat' dir='ltr'><strong>non</strong></span> 
     </span>
     <span class='ocr_line' id='line_1_45' title="bbox 127 3337 1815 3408; baseline -0.003 -17"><span class='ocrx_word' id='word_1_321' title='bbox 127 3338 457 3392; x_wconf 86' lang='lat' dir='ltr'><strong>intellexisse</strong></span> <span class='ocrx_word' id='word_1_322' title='bbox 507 3338 730 3406; x_wconf 91' lang='lat' dir='ltr'><strong>deum,</strong></span> <span class='ocrx_word' id='word_1_323' title='bbox 781 3338 878 3392; x_wconf 88' lang='lat' dir='ltr'><strong>sed</strong></span> <span class='ocrx_word' id='word_1_324' title='bbox 917 3337 1223 3392; x_wconf 89' lang='lat' dir='ltr'><strong>divinum</strong></span> <span class='ocrx_word' id='word_1_325' title='bbox 1274 3337 1616 3408; x_wconf 89' lang='lat' dir='ltr'><strong>quiddam.</strong></span> <span class='ocrx_word' id='word_1_326' title='bbox 1690 3338 1815 3391; x_wconf 84' lang='lat' dir='ltr'><strong>Huc</strong></span> 
     </span>
    </p>
   </div>
  </div>
 </body>
</html>
