2158 3718
367 172 473 221 16⁰
985 168 1404 222 PLATole

362 315 490 386 θῶς
545 315 635 371 ἐπὶ
696 309 766 367 τὰ
824 309 1054 384 ἐρωτικὰ
1114 317 1252 367 ἰέναι
1308 308 1342 378 ἢ
1398 310 1493 368 ὑπ’
1563 310 1738 370 ἄλλον
1781 310 2046 386 ἄγεσθαι,

269 401 311 451 G
358 395 673 471 ἀρχόμενον
715 391 830 451 ἀπὸ
890 397 1060 451 τῶνδε
1115 398 1226 450 τῶν
1269 399 1452 469 καλῶν
1495 403 1632 454 taen
1623 420 1702 454 ov
1744 403 1900 455 ἕνεκα
1946 402 2046 455 τοῦ

358 484 533 539 καλοῦ
577 480 664 536 ἀεὶ
706 483 1020 545 ἐπανιέναι,
1064 476 1240 553 ὥςπερ
1284 465 1701 555 ἐπαναβασμοῒς
1738 503 2045 555 χρωμενον,

358 564 473 623 ἀπὸ
523 562 647 630 ἑνὸς
692 565 778 618 ἐπὶ
821 560 922 618 δύο
968 567 1062 619 καὶ
1096 560 1210 619 ἀπὸ
1259 566 1535 621 δυεῖνὲπὶ
1578 567 1768 623 πάντα
1800 565 1870 624 τὰ
1897 563 2041 624 καλοὶ

356 650 618 723 σώματα,
669 649 761 709 καὶ
800 643 913 702 ἀπὸ
957 650 1069 703 τῶν
1111 650 1293 705 καλῶν
1338 647 1607 719 σωμάτων
1649 655 1738 707 ἐπὶ
1785 648 1855 707 τὰ
1899 648 2044 707 καλοὶ

354 730 780 803 ἐπιτηδεύματα,
823 734 917 786 καὶ
959 727 1224 793 ἀπὸχτῶν
1262 736 1446 789 καλῶν
1480 734 1926 808 ἐπιτηδευμάτων
1955 738 2043 790 ἐπὶ

354 815 422 873 τὰ
468 814 612 873 καλὰ
659 814 982 888 μαθήματα
999 856 1020 882 ,.
1073 814 1179 880 :s'gc’
1245 811 1318 873 ἂν
1372 813 1487 874 ἀπὸ
1525 820 1636 874 τῶν
1677 818 2042 890 μαθημάτων

351 899 441 957 ἐπ’
494 907 668 957 ἐκεῖνο
716 895 778 955 τὸ
825 899 1075 971 μάθημα
1118 898 1427 978 τελευτήσῃ,
1473 898 1502 957 ὅ
1549 908 1714 958 ἐστιν
1736 902 1837 959 οὐκ
1865 899 2040 959 ἄλλον

350 983 385 1055 ἢ
432 984 612 1041 αὐτοῦ
655 988 864 1040 ἐκείνου
908 987 1010 1040 τοῦ
1052 987 1228 1041 καλοῦ
1269 983 1547 1058 μάθημα,
1608 990 1701 1043 καὶ
1742 1009 1856 1058 γνῳ,
1897 984 2038 1043 αὐτὸ

258 1080 299 1130 D
354 1072 618 1126 τελευτῶν
658 1067 688 1126 ὃ
730 1071 843 1124 ἔστι
881 1066 1070 1125 καλόν.
1153 1067 1443 1125 Ἐνταῦθα
1487 1072 1588 1126 τοῦ
1629 1074 1788 1142 βίου,
1828 1062 1869 1126 ὦ
1913 1073 2039 1146 φίλε

347 1152 668 1224 Σώκρατες,
710 1156 817 1228 ἔφη
861 1151 895 1220 ἡ
941 1150 1258 1222 Μαντινικη
1303 1154 1442 1222 ξένη,
1488 1154 1637 1226 εἴπερ
1667 1177 1776 1211 που
1805 1152 2036 1219 ἄλλοθι,

347 1236 553 1311 βιωτὸν
597 1235 922 1308 ἀνθρώπῳ,
979 1242 1244 1308 θεωμένῳ
1300 1236 1440 1294 αὐτὸ
1498 1236 1562 1294 τὸ
1606 1239 1796 1296 καλόν.
1858 1236 1889 1295 ὃ
1935 1236 2037 1294 ὲοίν

347 1345 482 1380 ποτε
525 1321 658 1400 ἰ’δῃς,
703 1321 770 1380 οὐ
817 1317 961 1377 κατὰ
1002 1326 1229 1397 χρυσίον
1271 1344 1330 1378 τε
1373 1325 1466 1378 καὶ
1507 1327 1729 1391 ἐσθῆτα
1772 1325 1865 1379 καὶ
1902 1319 2034 1387 τοὺς

467 1486 518 1528 C.
578 1484 660 1526 ἀεὶ
693 1487 1144 1544 ἐπανιέναιΓΡθτ.
1163 1488 1262 1530 DK.
1282 1487 1433 1540 Vat.p.
1463 1486 1699 1529 ἐπανιτέον,
1761 1486 1866 1528 Dein
1897 1486 2035 1538 Cois}-

349 1543 451 1587 Par.
474 1543 525 1586 Ε.
555 1544 650 1588 vat.
671 1559 705 1587 s,
726 1558 765 1586 n.
797 1547 905 1599 Ang.
918 1558 957 1588 u.
981 1545 1098 1586 Flor
1111 1558 1148 1586 a
1164 1545 1205 1586 b.
1222 1545 1282 1588 c.i
1327 1546 1676 1598 ἐπαναβασμοῒς,
1706 1543 1820 1597 qnod
1852 1545 2037 1586 concinit

350 1615 448 1644 cum
480 1607 714 1656 praecepto
746 1601 973 1655 Phryniclii
1005 1615 1045 1656 p.
1080 1601 1174 1644 324
1238 1603 1378 1653 Vultro
1411 1615 1451 1643 e
1438 1606 1506 1641 “at
1536 1603 1885 1655 ἐπαιιαβαθμοῖς.

461 1658 567 1700 ἀπὸ
604 1659 666 1699 δυ
678 1658 778 1714 εῖν]
813 1661 932 1701 διοῖν
963 1660 1115 1701 Ven.''
1079 1675 1125 1701 ....
1150 1659 1250 1701 Par.
1262 1636 1412 1701 DFK.
1437 1659 1581 1702 Ambr.
1607 1658 1963 1712 Vat.d.n.p.r.s.

462 1715 564 1762 Z‘cr’
605 1731 669 1757 αν
707 1715 808 1757 ἀπὸ
851 1721 951 1757 τῶν
989 1715 1372 1772 μαθημάτων]
1409 1717 1494 1758 Pro
1523 1714 1609 1763 ἔπ’
1643 1733 1698 1757 αν
1731 1715 2032 1758 Bod1.Coisl.

347 1775 444 1817 Vnt.
469 1771 522 1817 A.
555 1774 660 1815 Ven.
685 1775 730 1814 Ξ.
762 1773 1066 1816 Pan-..DEFK
1097 1778 1204 1828 Ang.
1225 1787 1265 1817 u.
1301 1775 1398 1817 Vat.
1421 1773 1634 1828 d....·nps
1652 1774 1771 1816 Flor.
1789 1773 2030 1817 a.b.²c..i.n

344 1831 502 1874 habent
532 1832 618 1873 καί.
655 1833 804 1873 Ambr.
843 1832 933 1876 Vat.
959 1845 993 1874 r.
1021 1831 1137 1875 Flor
1157 1845 1196 1874 n.
1233 1829 1490 1885 τελευτήσει.
1548 1833 1690 1876 Quum
1721 1830 1808 1878 ἔπ’
1842 1829 1901 1871 ἂν
1926 1842 2032 1873 nus-

342 1902 474 1943 quam
513 1890 613 1931 alibi
664 1889 781 1943 apud
822 1890 1051 1932 Platonem
1103 1890 1295 1943 legatur,
1347 1889 1570 1931 codicibus
1611 1888 1793 1931 ducibus
1835 1888 2030 1930 scriben-

343 1948 447 1989 dum
490 1947 744 2001 suspiceris.
789 1947 864 1988 καὶ
897 1943 983 1988 α’πό
1024 1950 1108 1987 τῶν
1147 1945 1427 2001 μαθημάτων
1457 1970 1516 1978 -
1543 1945 1816 1999 τελευτήσει,
1857 1949 1907 1986 ut
1937 1947 2031 1987 vul-

341 2010 491 2059 gutum
532 2010 671 2047 ortum
716 2019 769 2047 ex
811 2004 1079 2059 grammatici
1128 2005 1305 2046 alicuius
1349 2004 1727 2076 interpretatione
1746 2003 2031 2046 existimetur

344 2062 433 2104 Sed
466 2062 562 2104 hnic
593 2063 867 2105 coniecturae
899 2062 1067 2103 obstat.
1107 2062 1222 2130 quod
1255 2061 1411 2104 deinde
1441 2062 1618 2114 infertur
1658 2059 1729 2101 καὶ
1763 2065 1866 2116 γιῶ,
1905 2058 2024 2113 quod

342 2120 438 2173 quis
479 2120 563 2161 erit
600 2125 688 2162 tam
726 2120 1004 2171 temerarius,
1061 2124 1108 2161 ut
1153 2120 1194 2160 in
1233 2118 1443 2174 γιώσεται
1481 2118 1732 2161 mutandum
1781 2116 2029 2160 existimet?

343 2176 527 2220 Facilius
567 2178 698 2231 igitur
739 2178 980 2219 correxeris
1023 2173 1100 2221 ἕως
1139 2175 1216 2230 ἅν,
1259 2182 1308 2218 ut
1346 2177 1504 2219 dudum
1542 2176 1849 2228 iudicavimus,
1899 2173 2028 2228 idque

341 2247 480 2289 nuper
509 2234 661 2276 Herm.
695 2236 733 2276 in
765 2235 987 2277 Teubner
1020 2233 1096 2275 sed
1130 2236 1242 2276 male
1274 2235 1438 2276 omisso
1467 2233 1536 2287 ἄν,
1567 2234 1765 2288 vulgavit.
1827 2231 1916 2274 Sed
1940 2244 2026 2273 non

343 2304 452 2347 opus
472 2298 539 2334 est
557 2289 812 2346 mutatione,
834 2292 1046 2347 siquidem
1077 2289 1161 2338 ἔςτ
1195 2291 1248 2332 ἄν
1268 2292 1375 2334 dixit
1393 2292 1521 2334 etiam
1542 2290 1736 2346 Xenopli.
1761 2293 1841 2333 Αιι.
1861 2290 1896 2333 l.
1915 2288 1958 2343 3,
1984 2288 2025 2334 9-

398 2433 448 2475 C.
510 2431 615 2475 ἀπὸ
650 2435 837 2490 τῶνδε]
872 2433 909 2476 h.
939 2448 975 2477 e.
1007 2447 1031 2475 a
1063 2446 1141 2476 re-

342 2491 441 2533 bus
472 2492 859 2546 pulcris,quae
891 2492 991 2533 sub
1022 2503 1140 2532 sen—

342 2561 436 2590 sus
492 2548 665 2590 cadun
679 2556 710 2591 t.
780 2550 844 2591 Ad
882 2548 1136 2591 sententiam

342 2606 452 2647 conf.
476 2606 658 2648 Pliaedr.
681 2621 720 2662 p.
741 2608 826 2652 250
844 2621 935 2661 sqq.
969 2606 1136 2648 Deinde

340 2663 383 2703 τὶ
414 2663 470 2704 ad
501 2662 654 2716 σχεδὸν
686 2666 893 2718 pertinet,
934 2664 1048 2717 qnod
1081 2676 1135 2705 ne

342 2720 512 2762 mireris
560 2722 770 2774 particula
811 2720 864 2760 ἂν
911 2721 1133 2762 interiecta

339 2777 394 2818 ab
426 2789 478 2818 eo
510 2779 751 2823 seiunctum
781 2791 899 2828 esse,
939 2789 991 2817 ne
1035 2777 1134 2817 talia

339 2833 513 2887 quidem
553 2834 776 2874 offensioni
823 2847 920 2875 esse
958 2832 1132 2884 debent,

340 2892 467 2944 quale
509 2894 577 2932 est
619 2891 723 2932 illud
773 2889 919 2943 Lysid.
960 2903 1002 2943 p.
1035 2887 1134 2932 204.

340 2947 402 2990 Ε·
433 2946 483 2989 ου
513 2946 596 3003 γὰρ
626 2946 763 2999 πάνυ,
798 2949 891 3000 ἔφη,
921 2963 962 2986 τι
993 2945 1133 2988 αυτοῦ

339 3020 416 3048 τοι
423 3021 536 3059 νομα
575 3005 784 3060 λέγουσιν,
825 3004 897 3045 ubi
936 3002 1048 3044 πάνυ
1089 3021 1133 3044 τι

340 3067 583 3105 connectas.
630 3076 666 3104 v.
717 3062 772 3104 ad
817 3063 1046 3115 Protagor.
1088 3075 1129 3117 p.

337 3119 437 3165 327.
471 3120 525 3164 Β.

395 3177 478 3218 καὶ
507 3179 610 3247 γνῷ
633 3173 766 3218 αὐτὸ
811 3174 1071 3216 τελευτῶν
1105 3172 1132 3216 δ’

337 3235 451 3276 ἔστι
479 3232 668 3289 καλόν]
713 3232 752 3275 h.
784 3245 824 3274 e.
869 3238 1035 3285 atque
1071 3233 1130 3275 ad

340 3298 700 3336 extremum
761 3296 1132 3343 cognoscat

335 3349 500 3404 ipsam
557 3346 949 3404 pulcritudinis
1002 3348 1130 3390 ἰδέαι.

335 3405 561 3474 Theaetet.
589 3422 628 3462 p.
653 3405 746 3452 146.
767 3405 824 3448 Ε.
855 3409 1007 3459 ruffum
1037 3407 1127 3448 ἔπι-

1224 2429 1390 2486 στῆμην
1427 2431 1535 2473 αι’ντὸ
1568 2430 1597 2472 δ’
1624 2449 1669 2473 τι
1700 2429 1802 2474 ποτ’
1835 2433 1937 2474 ἔστι.
1983 2444 2021 2473 v.

1222 2492 1292 2531 As
1307 2494 1338 2533 t.
1361 2489 1413 2532 ad
1435 2489 1827 2545 Rempubl.p.399.
1847 2495 1891 2532 et
1914 2503 2026 2544 quae

1222 2548 1365 2590 notavi
1399 2548 1451 2590 ad
1484 2547 1650 2590 Phileb.
1679 2561 1722 2602 p.
1737 2547 1840 2592 207.
1879 2549 2020 2589 collat.

1221 2605 1571 2659 Phaedon.p.75.
1592 2605 1687 2646 RD
1751 2605 1813 2646 De
1843 2604 2020 2658 partici—

1219 2663 1288 2716 pio
1311 2663 1516 2704 τελευτῶν
1538 2676 1579 2703 ν.
1602 2659 1954 2715 Phaedon.p.72.
1967 2661 2017 2701 C.

1275 2747 1327 2787 D.
1355 2742 1639 2786 Ἐνταῦθα
1669 2749 1768 2786 τοῦ
1796 2746 1919 2800 βίοι·
1943 2744 2018 2799 —]

1220 2803 1486 2845 illustrantur
1516 2802 1620 2845 llaec
1650 2803 1783 2844 verba
1814 2802 2017 2857 proximis

1216 2860 1297 2901 illis
1348 2863 1550 2914 θεωμένῳ
1601 2859 1710 2900 αὐτὸ
1767 2858 1818 2900 τὸ
1870 2858 2016 2913 καλόν,

1215 2930 1370 2970 quum
1414 2918 1583 2970 ipsam
1622 2917 1874 2959 intuetur
1903 2919 2020 2972 pul-

1216 2974 1522 3017 critudinis
1553 2975 1813 3030 speciem.

1273 3059 1331 3101 οὐ
1374 3057 1503 3100 κατὰ
1540 3061 1773 3115 χρυσίον
1801 3075 1838 3101 κ.
1872 3076 1910 3104 τ.
1942 3061 2013 3111 L]

1218 3132 1320 3161 non
1365 3117 1427 3159 nd
1465 3131 1679 3170 aurum,
1727 3117 2017 3160 vestimen·-

1218 3182 1326 3218 tum
1369 3177 1434 3216 al.
1485 3174 1899 3229 comparandum
1953 3174 2013 3217 il-

1218 3234 1309 3276 lud
1341 3232 1626 3277 iudicabis.
1685 3232 1793 3274 Nam
1830 3229 1938 3272 κατὰ
1969 3232 2011 3274 in

1215 3291 1372 3333 talibus
1416 3291 1729 3332 similitudinem
1762 3289 1932 3331 iudicat.
1967 3301 2007 3331 v.

1215 3351 1398 3403 Apolog.
1440 3348 1612 3391 Socrat.
1663 3347 1703 3388 in
1748 3344 2010 3420 ὁμολογοίην

1214 3406 1267 3448 ἄν
1302 3409 1427 3461 ἔγωγε
1459 3404 1511 3447 οὔ
1545 3402 1651 3447 κατὰ
1683 3402 1869 3452 τούτους
1897 3401 2009 3446 εἶπαι
