2158 3718
8 15 11 18 ψ
78 0 115 30 ‚3³
130 0 173 35 Ψ·
215 0 358 27 αιῑ’τ-ῑ;·.·ν·’.”·-”’
392 0 406 15 ·›

0 0 136 63 iffi.-
153 0 259 56 :is-2„
288 34 290 38 v
334 31 339 34 -

8 51 37 75 mi.
59 58 61 60 ·
120 55 122 62 ν
197 62 206 72 x
222 54 231 66 e

15 106 36 129 x‘
90 127 92 130 .

759 183 1016 228 ΡΗΑΕοο
1049 198 1094 241 p.
1127 185 1224 229 118.
1778 184 1882 237 307

111 325 325 389 ἐκεῖνος
362 326 442 394 δέ,
483 317 611 394 Οἷα,
651 324 777 393 ἔφη,
817 333 1043 393 ποιεῖτε,
1083 317 1129 377 ὦ
1165 323 1492 393 θαυμάσιοι.
1549 321 1656 392 ἐγώ
1696 323 1885 393 μέντοι

109 409 212 480 οὐχ
255 409 455 481 ἥκιστα
500 409 706 463 τούτου
754 408 919 462 ἕνεκα
965 406 1063 471 τὰς
1106 417 1379 477 γυναῖκας
1427 406 1724 477 ἀπέπεμψα
1737 448 1752 475 ,
1790 407 1885 460 ἵνα

107 493 180 566 μὴ
219 499 449 549 τοιαῦτα
485 497 884 563 πλημμελοῖεν·
927 494 1020 546 καὶ
1056 491 1164 563 γὰρ
1203 492 1434 562 ἀκήκοα,
1475 490 1563 545 ὅτι
1605 493 1668 545 ἐν
1707 490 1881 561 εὐφη-

108 582 206 651 μία
243 578 345 650 χρὴ
383 581 668 632 τελευτᾶν.
723 575 849 631 ἀλλ’
875 577 1116 648 ἡσυχίαν
1140 585 1200 631 τε
1238 577 1399 646 ἄγετε
1424 578 1517 630 καὶ
1543 585 1877 646 καρτερεῖτε.
1913 597 1946 636 Ε

106 665 217 718 Καὶ
253 663 409 745 ἡμεῖς
445 661 786 727 ἀκούσαντες
822 662 1186 734 ᾐσχύνθημέν
1210 683 1270 716 τε
1307 664 1400 715 καὶ
1440 663 1746 731 ἐπέσχομεν
1782 665 1886 714 τοῦ

108 748 396 817 δακρύειν,
436 746 464 801 6
507 748 568 801 δὲ
606 748 943 817 περιελθών,
986 748 1178 817 ἐπειδη
1216 748 1273 800 οὗ
1305 748 1657 817 βαρύνεσθαι
1684 749 1791 816 ἔφη
1819 766 1886 799 τα

107 834 294 903 σκέλη,
335 835 642 902 κατεκλίθη
681 832 905 895 ὕπτιος·
960 831 1107 885 οὕτω
1145 852 1252 901 γαρ
1292 834 1550 886 ἐκέλευεν
1589 831 1617 884 6
1656 829 1917 900 ανθρω-“

105 935 225 980 πος.
278 919 371 970 καὶ
409 916 519 987 ἅμα
561 917 945 987 ἐφαπτόμενος
982 917 1158 970 αὐτοῦ
1197 911 1361 979 οὗτος
1396 916 1425 969 6
1464 914 1599 979 δούς
1635 914 1697 969 τὸ
1737 916 1884 985 φάρ-

106 1022 314 1072 μακον,
355 1001 631 1054 διαλιπών
668 1003 906 1071 χρόνον,
958 1000 1254 1054 ἐπεσκόπει
1302 1001 1433 1063 τούς
1478 1002 1653 1063 πόδας
1689 1001 1782 1053 καὶ
1817 997 1886 1054 τὰ

107 1087 308 1156 σκέλη,
359 1085 592 1139 κᾶπειτα
640 1087 862 1156 σφόδρα
909 1087 1102 1148 πιέσας
1149 1084 1325 1138 αὐτοῦ
1372 1085 1470 1138 τὸν
1516 1086 1661 1138 πόδα
1698 1084 1884 1155 ἤρετο,

109 1171 160 1224 εἰ
195 1170 551 1224 αἰσθάνοιτο·
593 1164 623 1223 6
662 1168 714 1222 δ’
754 1170 858 1223 οὐκ
896 1173 1020 1239 ἔφη.
1075 1172 1168 1223 καὶ
1205 1167 1339 1239 μετα
1379 1174 1544 1222 τοῦτο
1584 1162 1754 1233 αὖθις
1788 1168 1885 1232 τὰς
1904 1187 1982 1228 118

106 1255 344 1326 κνήμας·
396 1258 489 1309 καὶ
539 1253 787 1309 ἐπανιών
834 1254 1012 1317 οὕτως
1056 1253 1189 1325 ἡμῖν
1229 1255 1612 1323 ἐπεδείκνυτο,
1652 1253 1736 1307 ὅτι
1773 1253 1885 1319 ψύ-

217 1429 265 1472 Ε.
321 1423 607 1480 ἐκέλευεν]
671 1427 965 1482 Imperfectum
1017 1429 1219 1469 debemus
1260 1428 1380 1469 Bodl.
1424 1426 1550 1468 Coisl.
1589 1428 1696 1468 Ven.
1739 1425 1889 1474 ΛΠΞ

106 1486 247 1528 vind.
269 1486 356 1527 ΤΦ
398 1484 715 1526 Pa1.CGH11
760 1485 866 1529 Flor
890 1485 1011 1525 dim
1055 1486 1150 1526 Zitt.
1208 1488 1317 1525 Ante
1359 1485 1596 1524 Bekkerum
1639 1477 1884 1525 ἐκέλευσεν

106 1542 333 1597 legebatur.

1036 1684 1142 1724 1513
1182 1679 1262 1724 οἶα
1291 1685 1460 1734 ποιεῖς,
1502 1697 1537 1723 ω
1577 1674 1753 1746 ἑταῖρε,
1795 1673 1882 1722 (κατ’

1035 1734 1227 1787 ἐλπίδος
1266 1753 1322 1793 με
1363 1733 1663 1794 καταβαλών.
1718 1738 1881 1779 Charm.

1035 1811 1077 1850 p.
1101 1797 1250 1840 1660.
1280 1796 1416 1836 Alcib.
1441 1797 1472 1836 Ι.
1494 1809 1539 1849 p.
1564 1796 1712 1836 113E.

107 1693 190 1725 ten
205 1684 346 1728 bach
366 1683 608 1726 κατακλᾶν
629 1685 688 1723 ita
705 1683 948 1748 simpliciter

108 1743 315 1795 usurpari.
357 1741 535 1782 Prorsus
564 1742 626 1780 sic
656 1741 848 1807 positum
885 1751 948 1780 est

107 1791 306 1840 ἐπικλᾶν
318 1798 425 1838 Plut.
439 1798 587 1837 Pe1·.icl
603 1799 654 1838 37
676 1790 706 1850 ἡ
728 1795 946 1862 παροῦσα

107 1854 333 1921 δυςτυχία
372 1853 434 1910 τῷ
465 1854 692 1920 Περικλεῖ
716 1851 825 1905 περὶ
862 1847 947 1894 τὸν

105 1907 256 1978 οἶκον,
289 1906 350 1959 ὥς
381 1898 523 1965 δίκην
564 1924 669 1952 τινα
715 1903 947 1952 δεδωκότι

105 1967 190 2022 τῆς
210 1962 480 2036 υπεροψίας
501 1965 583 2009 καὶ
604 1966 689 2020 τῆς
710 1969 949 2032 μεγαλαυ-

106 2025 212 2079 χίας
231 2017 429 2079 ἐκείνης,
442 2017 670 2066 ἐπέκλασε
689 2018 800 2071 τοὺς
813 2016 949 2091 Ἀθη-

105 2081 286 2129 ναίους.
308 2081 525 2123 Demosth.
548 2083 600 2120 2>
624 2073 825 2148 ὁρῶντες
847 2072 945 2121 ε’πι-

106 2135 291 2180 κλῶντα
331 2130 532 2184 πολλοὺς
579 2133 661 2177 καὶ
701 2129 951 2200 οἷποθηλύ-

107 2207 251 2236 νοντα
272 2206 356 2234 τον
367 2189 593 2252 Αἰσχινην
614 2191 676 2247 τῷ
700 2186 821 2246 λόγῳ
842 2184 950 2232 τού-

108 2265 170 2306 τῳ
197 2244 315 2304 πρὸς
343 2244 518 2300 οἶκτον,
552 2236 676 2300 z⁴ttque
706 2246 952 2289 κατακλᾶν

110 2307 256 2348 Aehill.
280 2307 370 2350 Tat
396 2307 538 2347 111.10
548 2300 701 2369 λῃστ
711 2318 847 2358 νμεν
867 2301 950 2345 καὶ

91 2355 301 2430 Ελληνα
322 2359 404 2405 καὶ
427 2356 560 2416 φωνὴ
583 2319 845 2403 κατῖκλασε
865 2358 949 2402 καὶ

107 2417 270 2474 δέησις
299 2412 546 2473 ἐμαλαξεν,
579 2420 650 2458 ubi
680 2432 717 2459 v.
743 2419 949 2458 Iacobs.

109 2478 219 2517 etin
252 2477 394 2519 Addit.
424 2477 476 2515 ad
499 2475 651 2515 Athen.
674 2489 715 2529 p.
740 2476 837 2515 277.
881 2473 946 2514 Si-

107 2534 263 2574 militer
283 2526 490 2586 θραύειν
510 2525 675 2598 ψυχήν
698 2532 804 2572 dixit
820 2532 948 2572 Ar.ist

108 2591 219 2630 Avv.
240 2590 336 2632 466.
378 2590 438 2630 De
467 2581 644 2630 οὐδένα
677 2588 823 2628 eodem
848 2599 950 2627 casu

106 2646 261 2700 posito,
292 2659 414 2698 quem
436 2646 477 2685 in
501 2646 752 2699 pionomine
773 2644 948 2684 relativo

107 2703 280 2743 verbum
322 2703 466 2755 exigit,
510 2715 547 2741 v.
580 2702 852 2741 Hermann.
894 2701 948 2740 ad

106 2760 251 2812 Viger.
284 2772 323 2823 ρ
353 2761 453 2802 709.
492 2757 686 2800 Cetcium
713 2758 790 2799 ita:
830 2770 947 2798 ανα-

54 2834 57 2839 “
109 2790 460 2870 βρυκησάμένθς
490 2838 538 2843 --
571 2807 857 2869 ἀγανακτῶν
883 2815 946 2853 in-

111 2873 370 2923 terpreteris:
413 2873 526 2912 dum
568 2871 798 2912 sublatis
835 2871 946 2910 eiu-

110 2927 410 2968 lationibus
452 2936 499 2967 et
540 2927 946 2967 vociferationi-

111 2985 204 3024 bus
225 2983 470 3037 plorabat
491 2991 538 3023 et
566 2984 788 3048 indigne
810 2983 946 3023 fere—

112 3042 210 3081 bat.
241 3040 331 3088 Qua
351 3040 662 3092 participiorum
689 3040 947 3080 coniunctio-

111 3109 164 3136 ne
186 3109 270 3138 non
293 3104 513 3159 perspecta
534 3108 669 3160 nuper
690 3096 946 3147 Hirschig,

111 3154 239 3194 verba
266 3145 424 3193 κλαων
449 3148 534 3193 καὶ
561 3144 844 3206 αγανακτῶν
873 3164 947 3191 ex-

111 3209 323 3250 terminari
344 3209 488 3248 voluit.
526 3208 584 3248 De
605 3219 814 3248 concursu
836 3219 951 3248 com-

110 3267 293 3320 plurium
323 3265 638 3319 participiorum
670 3277 707 3304 v.
738 3265 792 3304 ad
820 3263 947 3316 Gorg.

111 3336 154 3376 p.
173 3321 314 3366 4640.
345 3323 425 3363 471
438 3321 485 3364 B.
516 3321 657 3363 479D.
688 3321 813 3371 Apol.
834 3320 950 3361 Socr.

113 3392 154 3432 p.
177 3381 231 3420 27
254 3380 304 3420 A.
335 3377 569 3432 Euthyphr.
594 3391 635 3431 p.
656 3379 684 3417 4
703 3377 752 3417 D.

165 3458 264 3504 οἷα
299 3461 541 3514 ποιεῖτε]
574 3469 636 3502 est
665 3461 846 3502 formula
873 3462 950 3500 mi-

115 3520 246 3560 rantis
269 3528 308 3560 et
336 3519 610 3572 indignantis.
654 3517 888 3572 Euthyphr.
910 3531 952 3571 p.

1091 1866 1182 1895 οτι
1213 1845 1273 1894 ἐν
1305 1847 1564 1906 ευφημίᾳ
1586 1848 1686 1906 χρὴ
1711 1847 1772 1905 τ.]
1797 1851 1879 1904 Py-

1036 1910 1298 1963 thagoricum
1329 1909 1409 1950 hoc
1438 1910 1640 1962 placitum
1664 1909 1796 1948 fuisse
1816 1916 1878 1948 te-

1036 1976 1170 2007 statur
1193 1966 1665 2019 Olympiodorusp.
1680 1966 1774 2005 171.
1797 1963 1880 2003 Me-

1036 2031 1170 2063 morat
1197 2023 1301 2063 illud
1334 2021 1548 2064 lamblieh,
1582 2022 1668 2062 Vit.
1699 2020 1882 2073 Pythag.

1036 2083 1074 2129 ἕ.
1099 2081 1195 2120 257.
1219 2079 1315 2121 coll.
1338 2080 1379 2127 §-
1405 2079 1499 2118 149.

1092 2150 1140 2189 E.
1174 2136 1342 2195 οὗτος
1370 2141 1394 2188 6
1427 2141 1565 2195 δοὺς
1594 2140 1652 2188 τὸ
1678 2144 1751 2199 φ.]“
1771 2147 1882 2186 Haec

1039 2207 1164 2245 verba
1187 2205 1393 2257 Uptono
1416 2204 1469 2243 ad
1490 2205 1655 2243 Arrian.
1678 2216 1719 2256 p.
1739 2205 1819 2244 177
1841 2211 1881 2243 et

1035 2260 1446 2314 Wyttenbachio
1476 2260 1530 2300 ad
1558 2260 1666 2300 Plut.
1703 2259 1763 2299 De
1793 2272 1874 2303 ser.

1039 2331 1152 2358 num.
1194 2318 1308 2358 vind.
1345 2330 1389 2369 p.
1426 2318 1480 2357 52
1520 2317 1735 2368 glossema
1784 2329 1880 2357 csse

1037 2376 1245 2415 videntur.
1286 2374 1377 2413 Non
1401 2374 1624 2417 assentior,
1667 2373 1770 2413 Nam
1793 2385 1880 2413 ser-

1035 2444 1103 2471 mo
1127 2431 1338 2471 familiaris
1363 2430 1489 2469 talem
1513 2431 1736 2470 verborum
1757 2442 1877 2483 repe·

1036 2490 1222 2529 titionem
1242 2499 1339 2526 cum
1357 2487 1657 2540 perspicuitate
1679 2486 1880 2526 coniunc-

1035 2553 1121 2586 tam
1163 2556 1243 2584 non
1275 2552 1539 2597 aspernatur.
1589 2543 1734 2594 Neque
1761 2543 1878 2583 Plato

1035 2604 1127 2654 ipse
1167 2601 1374 2641 eiusmodi
1414 2600 1787 2665 interpretamenta
1818 2612 1881 2639 re-

1036 2659 1197 2713 pudiat,
1220 2658 1344 2698 sicuti
1366 2656 1419 2696 ad
1441 2656 1562 2710 Apol.
1589 2655 1704 2696 Socr.
1727 2652 1768 2709 'p.
1782 2657 1880 2698 231«)

1034 2716 1228 2755 videmur
1250 2714 1459 2754 docuisse.
1503 2712 1626 2761 Quid,
1651 2713 1766 2764 quod
1785 2713 1901 2753 istis,

1036 2772 1228 2813 omissis
1245 2771 1378 2810 verba
1418 2770 1480 2809 sic
1520 2769 1715 2809 collocari
1726 2781 1880 2832 opor·

1034 2830 1134 2869 tuit:
1158 2825 1241 2869 και
1263 2840 1363 2882 αμα
1385 2815 1525 2874 οὗτος
1548 2818 1880 2880 ἐφαπτόμενος

1034 2879 1201 2926 αυτοῦ.

1093 2933 1383 2982 διαλιπων
1422 2937 1516 2994 χρ]
1566 2940 1877 2980 inteimisso

1035 2999 1214 3049 aliquo
1244 2998 1382 3037 intel
1394 2996 1534 3036 vallo
1558 2996 1708 3037 subin
1725 2996 1784 3035 de
1804 2995 1880 3034 vi-

1037 3055 1209 3095 debat.
1253 3055 1349 3094 Mox
1377 3047 1539 3107 ὀλίγον
1576 3045 1745 3117 χρόνον
1773 3049 1880 3092 δια-

1038 3103 1184 3152 λιπὼν
1206 3103 1429 3163 ἐκινήθη.
1452 3109 1614 3149 Dicitur
1630 3109 1754 3148 etiam
1777 3108 1876 3146 sim-

1039 3167 1201 3221 pliciter
1231 3159 1479 3207 διαλιπών.
1504 3178 1545 3205 ν.
1575 3165 1712 3206 Bast.
1742 3164 1876 3217 Epist.

1038 3225 1129 3263 crit.
1152 3236 1194 3277 p.
1217 3225 1311 3264 178.

1095 3294 1140 3332 P.
1161 3295 1255 3335 118.
1282 3284 1536 3334 ἐπανιων
1558 3282 1755 3342 ουτως]
1781 3301 1875 3328 ma-

1041 3363 1101 3389 nu
1134 3350 1485 3389 adscendens.
1518 3346 1624 3386 Plin.
1653 3346 1760 3386 Hist.
1791 3354 1874 3388 nat.

1038 3406 1174 3446 XXV.
1200 3407 1265 3446 13.
1295 3404 1452 3445 Semini
1471 3409 1512 3443 et
1538 3402 1654 3453 foliis
1674 3398 1877 3454 (cicutae)

1036 3462 1368 3514 refriyeratoria
1397 3462 1473 3510 vis,
1494 3459 1556 3498 sic
1576 3464 1620 3498 et
1646 3459 1786 3498 necati
1813 3458 1875 3496 in-

1038 3520 1198 3571 cipiunt
1249 3521 1391 3570 alpere
1441 3515 1492 3555 ab
1543 3515 1876 3556 extremitatibus

1434 3582 1541 3635 20*
