2158 3718
0 3079 10 3139 *«-v-†
0 2986 12 3071 ιζ’-*π’
0 2847 17 2978 nvo—¹7⁶⁶·-
0 2803 11 2839 „2w
7 2773 15 2782 ,2

813 149 1071 193 PHAEno
1102 164 1147 205 p.
1172 152 1240 192 97.
1811 149 1915 202 233

135 285 396 358 ἀλλήλων
453 291 703 357 τεθῆναι.

60 417 70 426 .
135 372 382 442 δύναμαι
430 375 510 426 ἔτι
557 373 886 440 πεύθεσθαι,
937 369 1011 434 ὥς
1057 369 1197 440 αὕτη
1246 362 1323 423 αὐ
1375 371 1526 423 αἰτία
1571 371 1832 438 γέγονεν,
1879 364 1914 439 ἡ

136 459 333 525 σχίσις,
372 460 474 510 τοῦ
514 454 618 508 δύο
656 456 976 523 γεγονέναι·
1021 457 1249 510 ἐναντία
1285 474 1394 524 γαρ
1431 456 1684 522 γίγνεται
1719 453 1755 524 ἢ
1792 454 1916 508 τότε

781 285 919 341 οὐδέ
968 308 1032 356 γε
1087 308 1188 356 ως,
1249 286 1350 341 ἐάν
1397 305 1478 349 τις
1525 287 1587 339 ἓν
1635 288 1914 357 διασχίσῃ,

134 541 284 593 αἰτία
337 543 439 593 τοῦ
493 538 598 592 δύο
651 541 974 607 γίγνεσθαι’
1033 540 1158 594 τότε
1205 539 1308 610 μὲν
1352 537 1479 609 γὰρ·
1508 535 1593 594 ὅτι
1648 538 1915 608 ξυνήγετο

135 625 377 693 πλησίον
414 621 675 692 ἀλλήλων
714 625 806 676 καὶ
844 626 1202 693 προςετίθετο
1250 624 1444 697 ἕτερον
1482 622 1669 694 ἑτέρῳ,
1709 626 1820 675 νῦν
1859 621 1912 674 δ’

135 705 222 760 ὅτι
259 705 530 774 ἀπάγεται
568 707 661 759 καὶ
700 710 984 777 χωρίζεται
1022 708 1215 778 ἕτερον
1252 706 1352 777 ἀφ’
1394 707 1611 775 ἑτέρου·
1663 703 1802 759 οὐδέ
1832 726 1914 774 γε,

135 790 280 844 διότι
317 791 379 844 ἓν
414 794 666 859 γίγνεται
693 789 767 854 ὡς
795 792 1110 861 ἐπίσταμαι,
1149 794 1231 845 ἔτι
1264 795 1444 845 πείθω
1486 790 1749 860 ἐμαυτόν,
1789 787 1915 844 οὐδ’

135 871 273 928 ἄλλο
313 872 484 928 οὐδὲν
522 875 605 929 ἑνὶ
643 877 790 946 λόγῳ
819 876 962 929 διότι
998 878 1250 944 γίγνεται
1285 875 1321 945 ἢ
1360 874 1670 929 ἀπόλλυται
1706 873 1743 943 ἢ
1780 876 1915 942 ἔστι,

250 1067 390 1114 οὐδὲ
413 1087 439 1126 »γ
455 1086 474 1114 ε
497 1067 588 1127 ὣς]
623 1067 684 1121 ὡς
706 1085 788 1117 om.
809 1074 907 1116 Vat.
929 1074 1040 1116 Flor.
1065 1074 1106 1114 d.
1150 1074 1370 1115 Bekkerus
1391 1075 1513 1114 uncis
1533 1074 1718 1114 inclusit.

247 1155 295 1198 B.
338 1146 371 1208 ἢ
390 1150 533 1208 τότε]
556 1157 608 1196 V.
632 1151 662 1210 ἡ
687 1150 808 1223 τότε,
833 1159 947 1223 quod
969 1159 1154 1198 coirexit
1174 1157 1390 1202 Heindorf.
1417 1159 1706 1199 consentiente
1726 1158 1833 1199 Ven.
1855 1157 1918 1197 H.

135 1214 184 1253 In
203 1211 299 1251 Par.
324 1211 486 1252 GEHL
509 1213 662 1265 legitur
681 1207 710 1265 ἡ
734 1207 823 1267 γὰρ
845 1207 966 1255 τότε.

136 1377 383 1434 γενέσθαι.
425 1380 532 1420 Nam
561 1379 714 1429 αἴτιος
736 1382 859 1421 etiam
881 1382 983 1422 sim-

133 1436 288 1490 plicem
326 1435 582 1476 infinitivum
623 1438 704 1477 sibi
738 1438 984 1478 adiunctum

135 1491 292 1532 habere
313 1492 520 1547 exemplis
543 1494 776 1534 docuerunt
797 1493 984 1534 Schae-

135 1547 232 1590 fer.
264 1548 420 1589 Melett.
438 1549 564 1590 critt.
596 1562 639 1602 p.
672 1551 725 1590 23
755 1556 795 1588 et
826 1550 984 1589 Hein-

137 1603 266 1647 dorf.
298 1603 353 1645 ad
385 1604 542 1658 Gratyl.
571 1618 615 1658 p.
637 1604 789 1648 4160.
833 1606 885 1645 cf.
931 1607 984 1646 ad

135 1659 262 1713 Hipp.
283 1661 382 1705 mai
407 1674 450 1714 p.
462 1662 603 1702 299E.
625 1660 825 1702 Dati'vum
843 1660 983 1703 δυοῖν

135 1723 249 1756 recte
291 1728 368 1770 pro
407 1712 497 1758 δύο
533 1718 721 1782 reposuit
761 1718 982 1758 Fische-

135 1785 248 1823 rus,
272 1781 319 1812 ut
339 1774 596 1813 constructio
619 1774 673 1813 sit
693 1774 855 1842 eadem,
874 1786 984 1825 quae

135 1842 179 1883 Ρ.
202 1829 256 1869 90
275 1827 312 1868 D
341 1831 442 1894 τοῖς
471 1832 638 1877 αυτοις
668 1843 772 1871 τοτε
793 1843 880 1883 μεν
902 1829 983 1870 δο-

135 1881 305 1926 κοῦσιν
333 1877 571 1938 ἀληθέσιν
601 1880 875 1927 εἶναι.ΝοΙί
905 1899 982 1926 au-

136 1946 222 1981 tem
260 1953 357 1980 cum
397 1941 712 1981 Heindorfio
755 1943 884 1981 verba
925 1943 985 1982 sic

138 2002 404 2037 construere:
446 1988 568 2065 αὕτη
601 1989 695 2050 ἄρα
721 1991 751 2050 ἡ
784 1991 984 2048 ξύνοδος

138 2045 304 2100 αὐτοῖς
327 2046 503 2094 αἰτία’
482 2066 532 2107 εγ
537 2051 667 2094 ε’νετο
690 2052 831 2094 δυοῖν
852 2050 984 2106 γενέ-

138 2109 283 2161 σθαι,
327 2120 410 2158 qua
440 2111 756 2150 constructione
796 2110 984 2149 admissa

138 2177 222 2205 non
253 2165 409 2217 poteris
434 2165 611 2204 reddere
638 2166 833 2205 idoneam
855 2165 983 2204 huius

136 2220 364 2260 verborum
414 2220 704 2261 collocationis
762 2221 983 2263 rationem.

137 2278 226 2317 Imo
266 2288 368 2316 vero
400 2289 547 2344 αυτη,
578 2277 692 2327 quod
720 2276 902 2316 refertur
930 2277 985 2317 ad

139 2325 243 2374 ἐπεὶ
292 2324 340 2371 δ’
391 2325 685 2385 ἐπλησίασαν
746 2325 984 2400 αλλήλοις,

138 2388 325 2429 continet
366 2389 616 2436 subiectum,
661 2389 728 2428 cui
758 2389 913 2429 deinde
952 2385 982 2442 ἡ

141 2437 342 2495 ξυνοδος
362 2455 437 2496 per
458 2445 770 2497 appositionem
789 2445 981 2484 additur·
972 2475 982 2494 ‚

139 2496 274 2541 αἰτία
294 2507 434 2540 autem
457 2500 743 2554 praedicatum
762 2508 849 2548 est;
870 2501 984 2541 unde

138 2555 416 2608 intellegitur,
457 2569 533 2596 cur
574 2557 777 2597 articulus
820 2562 917 2596 ante
950 2551 980 2610 ἡ

140 2608 275 2653 αἰτία
296 2612 481 2652 omissus
503 2613 570 2652 sit.
593 2613 839 2654 Germanice
862 2613 984 2652 dixe-

138 2669 219 2708 ris:
250 2680 397 2708 wenn
425 2669 604 2709 dieses
635 2670 721 2709 die
749 2668 984 2710 Ursache

139 2724 419 2776 geworden
451 2724 544 2773 ist,
582 2726 704 2766 dass
740 2726 816 2764 sie
859 2726 985 2764 zwei

137 2780 374 2831 wurden,
417 2781 646 2820 na‘mlich
687 2782 770 2821 die
797 2781 985 2820 Verei-

140 2836 354 2901 nigung.
394 2837 555 2876 Eodem
576 2837 701 2877 modo
725 2837 901 2877 deinde:
924 2830 985 2884 ὥς

142 2903 264 2955 αντη
287 2904 349 2931 αυ
372 2888 505 2932 αἰτία
525 2889 733 2958 γέγονεν,
764 2885 792 2946 ἦ
817 2892 984 2947 σχί,σις

142 2944 227 2987 τοῦ
270 2940 359 2987 δύο
399 2945 662 3000 γεγονέναι.
705 2950 826 2989 Hunc
860 2962 984 2989 usum

141 3002 404 3068 pronominis
420 3003 691 3044 illustravitR
704 3006 851 3057 eisig.
877 3005 984 3045 Con-

141 3059 237 3100 iect.
263 3058 303 3096 in
329 3057 542 3110 Aristoph.
566 3072 607 3112 p.
632 3060 712 3100 177
735 3072 826 3111 sqq.
853 3060 907 3101 cf.
931 3062 986 3100 ad

142 3114 323 3167 Apolog.
352 3126 394 3177 p.
422 3114 546 3156 18Α.
591 3114 737 3167 Symp.
770 3128 812 3169 p.
835 3115 985 3159 1790

141 3168 335 3220 Denique
354 3170 461 3209 ista·
503 3169 587 3210 τοῦ
615 3170 817 3224 πλησίον
846 3165 989 3224 ἀλλή-

144 3225 238 3267 λων
272 3223 481 3289 τεθῆναι
510 3226 652 3266 valent
679 3228 734 3266 ad
771 3227 988 3267 declaran-

143 3281 245 3322 dum
279 3282 338 3331 id,
373 3283 418 3320 in
446 3295 528 3333 quo
559 3275 588 3335 ἡ
622 3274 822 3333 ξύνοδος
850 3283 989 3336 posita

143 3337 200 3379 sit
220 3344 261 3378 et
279 3337 394 3377 unde
415 3350 464 3377 ea
485 3339 794 3392 proficiscatur.
823 3338 884 3378 De
905 3351 988 3390 quo

144 3394 345 3459 genetivi
365 3406 446 3434 usu
489 3394 543 3436 cf.
584 3394 750 3434 Politic.
783 3407 829 3459 p.
852 3395 989 3435 294ss

146 3460 484 3503 ανομοιοτητες
512 3474 565 3481 -—
594 3446 679 3493 καὶ
718 3450 803 3491 τοῦ
843 3446 990 3503 μηδέ-

1071 1394 1187 1479 {53²5
1213 1375 1390 1490 Ἓηῖῗζέ
1423 1382 1694 1491 amis?
1699 1382 1916 1488 σῖἰΐὲοὲζ

1071 1495 1257 1546 coitio,
1280 1507 1410 1546 quae
1438 1493 1686 1534 efficitur
1707 1506 1801 1546 per
1824 1505 1879 1533 co
1899 1516 1918 1522 —

1073 1551 1422 1591 arctationem
1479 1563 1513 1593 s.
1570 1551 1620 1590 in
1675 1558 1917 1590 coarcta-

1070 1607 1218 1647 tione
1233 1607 1435 1673 posita
1478 1611 1569 1646 est.
1610 1606 1743 1659 Legg
1787 1607 1838 1645 II.
1874 1619 1917 1658 p.

1071 1663 1197 1704 657ss
1218 1656 1247 1717 ἡ
1271 1656 1462 1716 ζήτησις
1484 1660 1569 1702 τοῦ
1591 1661 1736 1716 καινῇ
1759 1660 1919 1714 ζητεῖν

1069 1717 1272 1774 μουσικῇ
1314 1717 1541 1782 χρῆσθαι.
1611 1719 1716 1759 lbid.
1757 1719 1828 1760 IV.
1872 1731 1914 1771 p

1070 1778 1152 1816 723
1172 1775 1208 1815 D
1237 1767 1492 1828 διατριβὴν
1519 1773 1667 1815 πλείω
1694 1774 1779 1827 τῆς
1808 1775 1918 1826 μελ-

1071 1825 1259 1896 λη’σεως.
1299 1832 1359 1872 Ib.
1382 1832 1454 1873 Vl.
1486 1844 1527 1883 p.
1551 1832 1633 1870 776
1656 1828 1688 1870 C
1718 1828 1918 1870 δουλεία

1070 1887 1156 1951 τῆς
1178 1887 1271 1927 τῶν
1292 1884 1656 1938 Μαριανδυνῶν
1676 1883 1918 1926 καταδου-

1072 1937 1267 1990 λώσεως.
1301 1943 1418 1984 VIII.
1435 1954 1490 2005 p.
1519 1942 1602 1981 848
1631 1942 1663 1981 B
1704 1935 1793 1994 τὴν
1832 1939 1917 1994 τῆς

1071 1992 1350 2064 ὁμοιότητος
1373 1990 1583 2051 ἰσότητα.
1612 1997 1687 2037 ῙΧ.
1708 2010 1752 2050 p.
1775 1999 1858 2038 870
1878 1998 1917 2037 Α

1068 2048 1097 2107 ἡ
1121 2052 1206 2095 τοῦ
1228 2053 1386 2101 κακῶς
1415 2047 1725 2094 ἐπαινεῖσθαι
1747 2074 1800 2082 —-
1823 2046 1917 2106 φή-

1069 2124 1148 2164 μη.
1180 2111 1254 2150 His
1284 2110 1394 2150 addc
1425 2110 1549 2148 etiam
1568 2108 1822 2148 Matthiae
1844 2107 1914 2151 Gr.

1129 2242 1265 2290 οὐδέ
1281 2262 1347 2315 γε
1371 2242 1488 2300 ως],
1495 2249 1721 2298 ,Particula
1738 2242 1799 2296 ὡς
1820 2255 1916 2288 ante

1071 2308 1199 2346 verba
1239 2298 1324 2347 ἐάν
1364 2318 1435 2353 τις
1463 2311 1627 2358 poterat
1656 2313 1697 2345 et
1737 2305 1918 2344 debebat

1071 2375 1148 2416 per
1168 2362 1288 2415 leges
1315 2361 1613 2414 grammaticas
1636 2361 1784 2402 omitti.
1810 2359 1916 2401 -Sed

1069 2431 1206 2459 sermo
1258 2418 1416 2458 scilicet
1456 2416 1675 2456 familiaris
1727 2417 1920 2468 sequitur

1067 2474 1179 2514 hanc
1219 2481 1382 2526 gratam
1422 2473 1749 2525 neglegentiam.
1756 2471 1783 2492 “
1842 2472 1915 2511 FI-

1072 2530 1261 2571 SCHER.
1303 2529 1484 2570 Volebat
1515 2529 1713 2569 Socrates
1754 2529 1916 2568 dicere:

1070 2578 1185 2627 οὐδέ
1206 2598 1282 2650 γε
1287 2579 1349 2633 ὡς
1388 2578 1473 2626 ἔαν
1493 2598 1564 2632 τις
1590 2579 1646 2625 ἓν
1677 2583 1915 2649 διασχίσῃ,

1071 2655 1197 2710 αυτη
1219 2655 1283 2682 αν
1264 2617 1437 2682 αἰτία
1459 2637 1667 2694 γέγονεν,
1701 2635 1916 2693 δυ’ναμαι

1072 2693 1140 2740 ἔτι
1161 2696 1446 2739 πείθεσθαι.
1489 2697 1608 2737 Nunc
1629 2709 1728 2736 vero
1750 2704 1915 2760 postre-

1070 2756 1151 2794 mis
1192 2755 1331 2794 verbis
1370 2753 1452 2793 alio
1482 2753 1573 2792 loco
1604 2752 1820 2792 collocatis
1857 2765 1920 2799 ως

1070 2811 1187 2850 istud
1208 2811 1362 2850 iterare
1382 2809 1553 2849 coactus
1575 2816 1678 2850 erat.

1130 2888 1375 2935 ἐναντία
1422 2886 1527 2946 γὰρ
1577 2890 1847 2957 γίγνεται
1887 2905 1916 2942 η

1073 2943 1217 3001 τότε]
1239 2950 1359 2989 Nam
1388 2949 1662 2988 contraria
1689 2948 1815 2987 haec
1838 2954 1918 2986 est

1071 3006 1228 3046 huius
1263 3006 1341 3044 rei
1375 3017 1534 3044 causa
1561 3012 1716 3054 atque
1754 3013 1916 3054 oppo—

1073 3063 1176 3102 sita
1217 3061 1369 3111 quasi
1408 3061 1516 3113 illi,
1570 3071 1715 3110 quam
1764 3064 1917 3097 antea

1074 3118 1329 3159 dicebam.
1360 3117 1498 3157 Antea
1520 3116 1630 3154 enim
1652 3115 1816 3153 dicebat
1837 3114 1915 3151 mi-

1074 3174 1155 3213 raii
1197 3185 1256 3218 se,
1299 3173 1336 3213 si
1376 3171 1752 3212 coniunctione
1779 3180 1918 3208 rerum

1074 3229 1339 3281 singularum
1368 3228 1505 3275 fieret,
1538 3231 1583 3265 ut
1611 3225 1718 3265 duae
1746 3237 1813 3264 res
1843 3237 1919 3263 ex-

1074 3285 1294 3332 sisterent;
1327 3296 1439 3324 nunc
1466 3284 1523 3322 ait
1551 3282 1663 3321 idem
1693 3280 1773 3320 sibi
1808 3280 1915 3319 acci-

1075 3341 1188 3389 dere,
1231 3342 1267 3380 si
1306 3341 1416 3380 duae
1455 3351 1523 3377 res
1564 3337 1773 3378 exsistant
1812 3335 1918 3375 dis-

1076 3396 1363 3436 iunctione.
1389 3394 1502 3434 Ferri
1524 3406 1607 3433 non
1629 3397 1779 3446 potest,
1801 3390 1915 3442 quod

1076 3452 1203 3505 vulgo
1225 3452 1444 3506 legebatur
1464 3443 1494 3502 ἡ
1517 3443 1638 3490 τότε.
