2158 3718
346 126 446 177 186
927 125 1466 180 PRAEFATIO

339 265 610 337 agendum
659 267 970 337 proposuit,
1006 267 1380 338 profligaverit
1429 277 1482 323 et
1524 268 1736 322 obierit.
1821 269 2032 324 Adum-

339 338 519 390 bravit
553 338 694 390 enim
733 337 976 392 Socratis
1014 340 1333 411 imaginem,
1375 348 1636 409 quantum
1674 358 1774 393 nos
1811 340 2033 410 quidem

339 408 582 461 iudicare
633 428 955 479 possumuS,
1008 429 1168 479 quam
1219 410 1532 466 fidelissime
1573 409 1643 463 ad
1680 411 1851 481 ipsius
1890 412 2033 466 vitae

339 480 650 548 veritatem,
704 499 1016 550 quanquam
1066 500 1204 550 quae
1253 482 1329 535 illi
1377 484 1600 550 tribuit,
1652 502 1760 535 non
1811 490 1922 536 tam
1969 503 2032 536 ea

339 551 458 622 ipsa
493 570 610 605 esse
649 551 891 623 putanda
926 560 1082 620 sunt,
1135 572 1276 622 quae
1324 574 1512 608 revera
1548 554 1815 621 dixisset,
1872 555 2033 608 sicuti

339 623 517 676 visum
565 631 647 676 est
697 621 1353 678 Schleiermachero
1404 624 1550 696 Opp.
1590 626 1806 679 Platon.
1845 623 2030 680 Germ.

339 694 386 746 I.
426 696 473 747 2.
512 714 564 764 p.
605 694 725 747 233.
755 695 807 764 ³⁸)
848 713 1010 763 quam
1042 695 1224 765 potius
1262 696 1409 765 talia,
1451 715 1588 765 quae
1625 697 1796 768 ipsius
1833 697 2034 750 rationi

342 765 726 817 convenienter
774 764 823 816 ei
856 764 1093 819 adscribi
1132 778 1373 835 possent.
1451 766 1594 822 Sunt
1630 769 1773 831 enim
1816 776 2032 823 senten-

341 836 478 904 tiae,
531 855 668 904 quas
706 835 962 891 Socrates
998 837 1054 890 in
1090 837 1328 890 medium
1367 838 1555 906 affert,
1607 839 1796 908 utique
1836 838 2033 893 ductae

343 926 409 960 ex
444 907 615 977 ipsius
654 907 948 978 sapientia,
1007 908 1104 962 sed
1154 929 1185 961 a
1233 910 1464 962 Platone
1511 911 1707 980 partim
1745 918 2034 964 exornatae

342 979 515 1050 magis
567 989 620 1032 et
678 978 747 1031 ad
785 979 1044 1033 maiorem
1085 981 1437 1034 subtilitatem
1477 981 1793 1052 explicatae.
1870 979 2036 1048 Quod

341 1058 524 1103 tamen
560 1050 637 1102 ita
671 1050 875 1105 factum
913 1059 1012 1119 est,
1050 1060 1112 1105 ut
1148 1072 1216 1105 ne
1255 1053 1369 1104 veri
1406 1058 1757 1124 germanique
1791 1052 2034 1109 Socratis

343 1122 553 1192 species
626 1129 681 1174 et
735 1122 914 1195 imago
966 1123 1076 1176 ullo
1126 1123 1288 1177 modo
1353 1124 1642 1177 obscurata
1703 1125 1790 1178 sit.
1872 1125 2033 1178 Hanc

344 1193 484 1246 enim
533 1193 856 1263 scriptorem
912 1193 1150 1248 voluisse
1209 1194 1517 1266 legentibus
1567 1196 1636 1248 ob
1691 1195 1878 1250 oculos
1935 1215 2034 1267 po-

342 1283 499 1332 nere,
539 1264 802 1335 imprimis
840 1285 907 1318 ex
943 1285 1008 1319 eo
1044 1266 1108 1318 fit
1144 1266 1519 1338 perspicuum,
1569 1265 1717 1335 quod
1756 1265 2036 1322 Socratem

343 1338 399 1388 in
454 1335 823 1406 disputatione
871 1355 969 1390 sua
1019 1337 1150 1391 fecit
1201 1337 1499 1390 identidem
1550 1337 1619 1390 ad
1668 1355 1759 1391 eas
1796 1338 2034 1391 rationes

343 1415 758 1478 provocantem,
820 1427 955 1476 quas
1008 1428 1222 1478 semper
1272 1409 1552 1479 superiore
1602 1409 1743 1461 vitae
1793 1416 2037 1480 tempore

344 1499 442 1550 pro
480 1479 622 1532 veris
655 1480 971 1549 probaverit
1007 1487 1169 1550 atque
1206 1479 1343 1532 adeo
1378 1479 1594 1533 easdem
1631 1479 1750 1533 illas
1787 1481 1844 1533 in
1881 1499 2036 1552 prae-

345 1551 485 1604 senti
522 1570 621 1621 pro
660 1551 996 1619 quaestionis
1031 1550 1400 1604 instituendae
1425 1551 1706 1622 principiis
1727 1559 2036 1622 ponentem,

346 1621 799 1692 quemadmodum
846 1644 898 1694 p.
935 1625 1024 1678 46.
1064 1623 1128 1675 Β.
1169 1622 1232 1676 C.
1272 1643 1324 1693 p.
1362 1624 1450 1675 46.
1488 1623 1541 1674 D
1581 1641 1699 1692 sqq.
1753 1643 1806 1693 p.
1845 1625 1931 1678 48.
1972 1624 2038 1676 B.

346 1701 401 1747 et
436 1713 489 1764 p.
514 1696 598 1746 49.
625 1695 696 1746 A.
737 1693 854 1746 fieri
891 1694 1247 1747 meminimus.
1325 1694 1596 1747 Nimirum
1633 1694 1690 1746 id
1726 1695 1903 1766 ipsum
1937 1715 2036 1766 pro

345 1765 587 1818 universi
635 1765 826 1835 scripti
874 1766 1098 1819 consilio
1147 1764 1566 1837 prudentissime
1618 1768 1695 1818 ita
1731 1767 2039 1820 institutum

347 1855 467 1890 esse
527 1836 685 1907 facile
743 1837 1098 1909 intelligitur,
1175 1835 1617 1907 quandoquidem
1677 1838 2038 1908 philosophus

346 1927 457 1960 non
504 1907 640 1960 illud
688 1915 899 1961 tantum
955 1917 1217 1978 sequutus
1274 1915 1383 1976 est,
1448 1915 1539 1975 ut,
1603 1909 1819 1977 qualem
1865 1911 2038 1962 civem

345 1979 603 2033 Socrates
653 1998 773 2033 sese
809 1980 1119 2033 imminente
1157 1980 1343 2034 mortis
1381 1978 1619 2050 periculo
1658 1980 2037 2050 praestitisset,

347 2051 546 2104 clarius
583 2059 895 2122 appareret,
935 2051 1033 2105 sed
1068 2051 1331 2122 imprimis
1369 2051 1531 2103 etiam
1567 2051 1672 2104 hoc
1709 2052 1883 2105 voluit
1919 2052 2038 2104 effi-

347 2141 490 2191 cere,
531 2130 612 2191 ut,
655 2141 762 2191 quo
786 2123 876 2175 ille
900 2124 1078 2176 animo
1118 2123 1379 2176 adversus
1416 2123 1646 2192 patriam
1687 2121 1850 2192 atque
1886 2122 2037 2194 leges

383 2194 592 2247 ublicas
642 2213 743 2264 per
790 2202 961 2248 totam
1007 2194 1174 2247 vitam
1213 2212 1364 2247 suam
1402 2193 1627 2261 fuisset,
1687 2196 1847 2264 quam
1885 2194 2039 2248 lucu-

345 2215 641 2319 Fentissime
679 2267 1099 2336 perspiceretur.
1175 2265 1241 2318 In
1279 2284 1387 2335 quo
1423 2265 1618 2318 mirum
1648 2274 1731 2318 est
1756 2265 1902 2336 quod
1938 2286 2038 2319 nu-

346 2357 446 2408 per
492 2337 712 2390 criticus
763 2337 983 2407 quidam
1031 2336 1168 2389 adeo
1217 2335 1472 2403 offendit,
1527 2344 1587 2389 ut
1634 2336 1692 2389 id
1727 2338 1888 2390 etiam
1924 2356 2040 2390 cer-

346 2409 616 2462 tissimum
656 2415 1033 2479 argumentum
1082 2425 1204 2461 esse
1244 2408 1523 2473 statuerit,
1574 2407 1717 2460 unde
1757 2407 2038 2462 Critonem

347 2499 459 2533 non
497 2499 529 2532 a
566 2480 799 2533 Platone
841 2480 1150 2550 profectum
1190 2497 1308 2532 esse
1347 2479 1596 2532 omnibus
1647 2488 1836 2548 patere
1875 2478 2038 2533 debe-

349 2558 459 2618 ret,
502 2552 706 2622 quippe
745 2570 911 2620 quum
946 2549 1304 2632 philosophus
1351 2568 1617 2618 nusquam
1664 2557 1774 2603 tam
1820 2550 2039 2622 ineptus

351 2623 559 2677 scilicet
596 2630 762 2691 atque
799 2621 1069 2693 insipldus
1104 2621 1273 2674 fuisse
1310 2620 1626 2691 reperiatur,
1666 2628 1727 2674 ut
1757 2620 2037 2677 Socratem

408 2891 450 2946 *)
486 2891 550 2932 Ibi
571 2892 678 2932 enim
700 2869 1282 2987 scripflthileicli'fflriion
1313 2904 1436 2944 mag
1468 2890 1603 2971 tvohl
1638 2889 1884 2958 niclitein
1907 2903 2036 2988 gom

498 2949 593 3049 ξὶιιιει
609 2954 707 3048 tuiiiilr
718 2952 923 3047 ΙξΙιίἷῒιῃξ
935 3017 962 3046 ο
980 2961 1032 3045 cv
1041 2961 1101 3046 ogr
1109 2948 1172 3059 ἓξ
1184 2950 1230 3046 i'ili
1239 2949 1603 3058 ‹li'eetnegsiheer-kp
1617 2962 1673 3046 :ii
1684 2961 1768 3055 ¹ciii’,
1799 2960 1900 3046 ⁸wezil
1913 3019 1936 3046 c
1946 2961 1971 3046 ii
1981 2961 2038 3046 z:

494 3066 657 3107 Plato
698 3077 799 3105 von
839 3063 954 3104 dem
996 3062 1473 3106 Mitunterredner
1514 3064 1609 3106 des
1650 3064 1942 3113 Socrates,
1980 3077 2038 3104 so

495 3129 581 3176 gut
621 3136 675 3164 es
727 3120 917 3162 dieser
963 3119 1132 3173 geben
1181 3122 1412 3172 konnte,
1462 3123 1884 3172 fiberkommen‚
1933 3121 2038 3162 und

495 3181 678 3222 nelbst
716 3178 1063 3220 schwerlich
1107 3179 1255 3221 mehr
1294 3179 1666 3234 binzugetlian
1699 3178 1810 3225 hat,
1842 3181 1921 3220 als
1953 3177 2037 3219 die

497 3238 596 3280 ihm
628 3235 1464 3289 wohlbekannteSprachweise
1496 3237 1590 3280 des
1621 3237 1889 3278 Socrates
1923 3248 2036 3275 ver—

496 3293 798 3338 sch6nernd
840 3293 1222 3338 herzustellen
1262 3295 1363 3337 und
1411 3295 1616 3348 Anfnng
1659 3294 1760 3335 und
1796 3293 1939 3335 Ende
1979 3305 2037 3333 zu

495 3364 788 3396 verzieren.
