2158 3718
395 167 813 223 APOLOGIA
854 165 1257 222 SOCRATIS.
1300 167 1360 219 P.
1403 169 1485 221 24.
1529 168 1608 223 St.
1794 173 1858 222 95

171 320 228 372 δὲ
273 314 340 384 δὴ
382 319 633 387 βελτίους
676 318 951 372 ποιοῦντα
1013 315 1107 368 ἰ’θι
1164 318 1276 369 εἰπὲ
1331 317 1424 369 καὶ
1466 315 1717 384 μήνυσον
1762 315 1864 369 αὐ-

173 412 318 467 τοῖς,
365 406 446 464 τ’ίς
490 406 654 456 ἐστιν.
701 398 864 471 ὁρᾷς,
911 391 950 452 ὦ
997 401 1247 465 Μέλητε,
1294 397 1382 453 ὅτι
1423 401 1580 470 σιγᾷς
1621 403 1714 454 καὶ
1763 398 1862 454 οὐκ

171 490 306 556 ἔχεις
349 490 551 554 εὶπεῖν;
596 489 780 540 καίτοι
818 482 917 539 οὐκ
965 481 1197 554 αἰσχρόν
1239 503 1324 537 σοι
1370 486 1519 538 δοκεῖ
1577 483 1718 537 εἶναι
1771 487 1862 537 καὶ

168 566 362 625 ἱκανὸν
405 568 698 639 τεκμήριον
743 560 810 624 οὗ
853 566 916 633 δὴ
964 565 1063 635 ἐγώ
1110 571 1259 635 λέγω,
1303 565 1388 622 ὅτι
1435 587 1523 620 σοι
1566 566 1729 622 οὐδὲν
1771 589 1863 636 με-

168 658 424 722 μέληκενς
482 653 606 709 ἀλλ’
675 659 811 716 εἰπέ,
874 644 914 705 ὦ
957 650 1297 719 ’γαθ·ἐ,·τι’ς
1353 650 1562 715 αὐτοὺς
1603 651 1865 718 ἀμείνους

169 747 347 803 ποι-εἶς
441 738 502 791 Οἱ
546 735 724 807 νόμοι.
805 734 948 790 Ἀλλ’
1011 735 1077 791 οὐ
1121 738 1290 791 τοῦτο
1338 738 1544 805 ἐρωτῶ,
1601 728 1640 790 ὦ
1689 739 1863 807 βελτι-

171 841 290 885 στε,
347 819 490 877 ἀλλὰ
545 827 626 885 τίς
679 819 1018 890 ἄνθρωπος,
1087 818 1234 884 ὅςτις
1293 823 1514 888 πρῶτον
1575 825 1667 874 καὶ
1724 818 1864 875 αὐτὸ

170 908 340 961 τοῦτο
386 905 525 969 οἶδε,
573 903 704 970 τοὺς
753 905 972 975 νόμους.
1066 898 1265 970 Οὗτοι,
1325 896 1364 957 ὦ
1426 904 1755 973 Σώκρατες,
1813 911 1866 960 οἱ

172 993 444 1045 δικασταί.
534 993 668 1054 Πῶς
713 995 906 1058 λέγεις,
952 981 991 1042 ὦ
1041 992 1290 1055 Μέλητες
1352 990 1467 1043 οἵδε
1523 986 1656 1052 τοὺς
1714 995 1868 1053 νέους

173 1073 450 1129 παιδεύειν
495 1073 605 1129 οἶοί
647 1079 703 1128 τέ
747 1080 848 1128 εἰσι
894 1077 986 1127 καὶ
1030 1075 1282 1143 βελτίους
1325 1083 1533 1143 ποιεῖν’,
1581 1073 1867 1129 Μάλιστα.

172 1270 348 1319 praeter
376 1265 503 1306 fidem
538 1264 799 1318 optimorum
835 1265 1062 1314 librorum,
1093 1264 1130 1308 Ιι.
1163 1279 1200 1307 e.
1237 1264 1362 1308 Bodl.
1395 1265 1494 1309 Vat.
1529 1266 1638 1308 von.
1672 1265 1711 1306 b.
1741 1265 1871 1306 Viud.

173 1324 212 1367 1.
253 1323 295 1368 4.
341 1323 540 1422 6t.1⁴'ior.
583 1322 622 1364 d.
665 1336 706 1375 g.
749 1321 787 1362 h.
832 1323 928 1363 Par.
975 1322 1122 1363 DST.
1182 1325 1301 1363 Ante
1339 1324 1433 1376 περὶ
1476 1319 1502 1376 ἢ
1541 1322 1681 1366 Florr.
1713 1324 1871 1376 aliique

172 1382 352 1422 omittun
377 1414 386 1423 .

288 1437 338 1480 E.
400 1438 665 1490 βελτίους
697 1437 909 1488 ποιεῖν]
947 1437 1125 1477 ποιοῦσι
1161 1437 1287 1478 Bodi.
1319 1438 1429 1479 Ven.
1465 1438 1503 1480 b.
1543 1437 1636 1479 Par.
1673 1438 1724 1478 Ι),
1746 1435 1791 1477 8.
1815 1437 1868 1476 T.

171 1501 220 1537 ut
249 1496 526 1537 Turicenses.
593 1497 682 1536 Res
714 1495 866 1536 eodem
902 1496 1027 1537 redit.

177 1635 324 1677 ὅπως
383 1650 480 1678 cum
531 1637 676 1677 futuro
732 1643 981 1677 constructo

174 1709 214 1736 v.
271 1695 443 1736 Herm.
493 1694 545 1735 ad
600 1694 737 1747 Viger.
796 1709 835 1746 ι).
881 1694 980 1738 581.

176 1752 418 1806 Euthyphr.
452 1766 494 1805 p.
526 1753 565 1796 2.
603 1752 661 1793 D:
706 1746 860 1805 ὀρθῶς
900 1750 980 1805 γάρ

175 1807 264 1851 ἐστι
305 1812 402 1851 τῶν·
426 1809 537 1850 νέων
574 1810 746 1863 πρῶτον
790 1809 979 1863 ἐπιμελη-

175 1869 333 1922 θῆναι,
381 1865 501 1910 ὅπως
542 1867 710 1908 ἔσονται
752 1865 779 1908 ὅ
820 1883 854 1908 τι
890 1866 979 1923 ἅριε

181 1939 291 1970 στοι.

231 2011 394 2062 μέλον
435 2010 492 2066 γε’
533 2012 646 2065 σοι]
686 2012 750 2052 De
785 2018 982 2053 constru-

175 2073 318 2112 etione
356 2085 394 2114 v,
424 2070 612 2112 Matth.
643 2070 681 2122 ξ.
699 2068 798 2112 564.
824 2069 981 2109 Rost-

176 2129 212 2181 §.
257 2128 356 2172 131.
394 2128 436 2171 5.
484 2129 678 2170 Buttm.
719 2128 758 2179 ξ.
801 2126 900 2170 132.
943 2128 984 2170 6.

177 2186 273 2227 obs.
307 2187 346 2230 7.

234 2269 324 2320 ἐμὲ
393 2268 635 2324 ιειέάγεις
699 2272 979 2324 τουτοισί]

178 2326 360 2381 εἰσάγειν
391 2329 447 2370 de
483 2335 631 2371 actore
663 2335 731 2370 est
765 2329 813 2370 in
844 2329 982 2370 iudi-

178 2389 316 2428 cium
358 2386 656 2437 adducere,
697 2399 979 2437 accusare,

178 2450 228 2486 ut
259 2443 299 2486 h.
333 2445 359 2484 Ι.
415 2444 600 2487 Additur
630 2445 720 2486 fere
759 2443 821 2484 εἰς
863 2443 979 2485 δικα-

179 2500 371 2556 στήριον,
403 2507 451 2542 ut
483 2514 519 2545 c.
540 2502 616 2547 17:
646 2516 697 2552 με
724 2499 888 2555 εἰςάγοι
921 2514 982 2543 τις

177 2560 241 2602 ele
269 2556 558 2613 δικαστήριον,
587 2565 663 2602 aut
692 2561 830 2602 simile
862 2561 981 2614 quid-

179 2619 315 2661 dam«
352 2617 453 2658 Hoc
491 2619 587 2658 loco
633 2619 821 2659 τουτοισὶ
861 2618 981 2659 adie—

182 2682 295 2716 ctum
318 2679 402 2725 est,
435 2675 550 2726 quod
577 2677 714 2717 iocum
735 2677 847 2717 imus
869 2677 981 2716 obti-

180 2740 267 2776 net.
328 2732 535 2773 Similiter
571 2734 810 2786 Xenoph.
845 2733 979 2774 Mem.

180 2791 244 2832 11.
281 2789 334 2839 4,
371 2789 414 2833 3.
459 2794 548 2830 τοῖς
585 2788 662 2839 μὲν
700 2791 883 2832 οἰκέταις
914 2792 982 2831 καὶ

182 2845 360 2902 ἰατροὺς
398 2845 661 2901 εἰσάγοντας.
730 2849 821 2891 Nec
859 2849 982 2890 ablu-

182 2906 245 2947 dit
273 2904 390 2959 quod
422 2906 565 2946 verbis
611 2907 873 2948 veniendi
907 2907 982 2947 da-

182 2964 296 3004 tivua
328 2975 537 3017 personae
557 2963 727 3004 additur
757 2965 808 3006 ad
844 2967 981 3006 iocum

182 3020 472 3070 indicandum,
504 3019 559 3060 de
591 3031 678 3072 quo
710 3035 749 3064 v.
785 3021 841 3063 ad
875 3022 985 3063 Pro-

183 3083 270 3130 tag.
303 3092 346 3132 p.
377 3077 476 3122 321.
510 3077 560 3118 C.
622 3077 763 3120 Etiam
800 3080 984 3133 Virgil.

185 3139 291 3176 Aen.
352 3136 403 3178 ΙΙ.
456 3135 556 3178 457.
609 3149 704 3177 avo
765 3150 982 3188 puerum

185 3195 526 3246 Astyanacta
586 3191 859 3245 trahebat,
907 3208 984 3248 pro

184 3249 247 3291 ad
279 3262 442 3291 avum.
481 3251 591 3292 Cum
627 3251 669 3291 vi
690 3251 984 3305 subiungitur:

187 3308 255 3348 καὶ
295 3313 565 3361 κατηγορεῖς,
607 3307 722 3359 quod
771 3311 986 3351 nescimus

187 3377 263 3405 cur
303 3366 545 3407 Cobetus
594 3367 723 3407 Varr.
757 3365 894 3409 Lectt..
943 3380 984 3419 p.

105 3434 109 3438 ·
186 3422 284 3466 299.
347 3422 575 3467 delendum
628 3425 860 3475 putaverit,
915 3426 984 3476 qui

1069 1633 1196 1677 etiam
1248 1635 1430 1690 slsa‘yeas‘
1472 1636 1533 1678 εἰς
1572 1633 1757 1676 τούτους
1807 1635 1868 1675 ie-

1065 1694 1250 1747 gendum
1285 1695 1483 1736 coniecit.
1543 1694 1744 1735 Ceterum
1766 1692 1869 1733 Ma-

1067 1752 1186 1795 xim.
1248 1753 1368 1806 Tyr.
1424 1753 1464 1796 9.
1522 1753 1569 1795 2:
1636 1747 1873 1803 Σωκράτην

1068 1810 1224 1850 τοῦτον
1275 1809 1458 1850 Μέλιτος
1508 1809 1583 1860 μὲν
1642 1805 1871 1863 ἐγράψατο.

1063 1865 1244 1908 Ἄνυτος
1282 1866 1328 1907 δὲ
1356 1866 1578 1922 εἰςήγαγε,
1616 1865 1781 1908 Λύκων
1825 1864 1872 1905 δὲ

1070 1923 1242 1977 ἐδίωκε,
1276 1924 1554 1980 κατεδίκησαν
1593 1923 1639 1965 δὲ
1671 1925 1717 1965 οἱ
1741 1921 1870 1977 Ἀθη-

1071 1989 1204 2032 ναῖοι,
1282 1982 1440 2037 ἔδησαν
1502 1983 1548 2024 δὲ
1608 1983 1654 2023 οἱ
1709 1980 1870 2030 ἕνδεκα,

1068 2038 1286 2082 ἀπέκτεινε
1326 2042 1372 2082 δὲ
1415 2039 1439 2082 ὁ
1486 2038 1717 2095 ύπηρέτηςε
1760 2053 1870 2093 quae

1071 2102 1207 2152 magis
1246 2101 1435 2141 oratorie
1485 2113 1610 2152 quam
1654 2112 1757 2140 vere
1807 2099 1870 2138 di—

1068 2162 1159 2211 eta3
1200 2170 1236 2197 v.
1269 2156 1444 2198 Meier
1489 2166 1532 2198 et
1563 2156 1868 2198 Scho‘mann

1067 2214 1131 2254 de
1165 2228 1222 2255 re
1260 2215 1564 2255 iudiciaria
1610 2213 1796 2255 Athen.
1828 2228 1872 2267 p.

1069 2271 1169 2315 709„
1198 2284 1294 2312 ann.
1327 2273 1397 2316 19.

1126 2325 1268 2385 ὁρᾷς,
1301 2324 1333 2369 ὦ
1366 2328 1585 2382 Μέλητε]
1621 2329 1867 2369 irrisionem

1067 2386 1195 2428 habet
1235 2383 1343 2443 ὁρᾷς
1381 2389 1438 2428 ita
1481 2387 1784 2440 praemissum.
1828 2398 1868 2428 v,

1067 2444 1123 2484 ad
1156 2445 1295 2499 Gorg.
1328 2460 1368 2499 p.
1400 2444 1500 2489 475.
1534 2445 1583 2486 E.
1615 2445 1750 2496 Legg.
1783 2443 1871 2485 III.

1067 2516 1106 2555 p.
1159 2502 1256 2546 690.
1317 2504 1366 2546 D.
1430 2504 1527 2545 con.
1587 2501 1868 2554 Aristoph.

1066 2559 1208 2603 Num».
1260 2575 1300 2602 v.
1350 2561 1449 2605 662.
1499 2560 1598 2603 669.
1646 2560 1782 2613 Vesp.
1830 2572 1870 2598 v·

1065 2618 1166 2661 393.
1197 2619 1301 2660 Pac.
1332 2633 1371 2660 v.
1392 2618 1492 2662 330.
1528 2619 1719 2660 Kartum.
1741 2615 1869 2660 1136.

1069 2675 1193 2720 1245.
1264 2676 1450 2730 Eurip.
1514 2675 1577 2719 ΕΙ.
1640 2690 1678 2716 v.
1740 2675 1869 2719 1121.

1068 2734 1223 2787 Soph.
1261 2737 1357 2775 Ant.
1393 2748 1431 2776 ν.
1455 2733 1552 2779 735.
1587 2733 1654 2774 ed.
1682 2735 1754 2774 ΒΓ.
1785 2733 1869 2773 Ce-

1069 2799 1210 2833 terum
1251 2799 1394 2842 totus,
1435 2794 1503 2844 qui
1537 2793 1756 2844 sequitur,
1803 2790 1869 2830 lo-

1070 2863 1144 2890 cus
1179 2851 1313 2903 magis
1344 2849 1396 2891 ad
1430 2849 1694 2891 Socraticam
1730 2848 1870 2889 disse-

1070 2907 1189 2948 rendi
1221 2907 1403 2949 formam
1437 2920 1561 2960 quam
1602 2907 1653 2947 ad
1688 2905 1870 2947 forensis

1071 2966 1342 3017 eloquentiae
1384 2967 1593 3006 rationem
1634 2976 1869 3017 expressus

1070 3030 1151 3063 est.

1132 3080 1180 3121 h).
1242 3071 1405 3120 Οὗτοι
1436 3102 1487 3108 —
1525 3078 1578 3119 οἱ
1605 3075 1868 3128 δικασταιΊ

1071 3137 1312 3179 Cobetus
1377 3139 1401 3178 Ι.
1454 3151 1489 3179 c.
1542 3149 1652 3176 corr.
1708 3131 1868 3181 Οὑτοιί,

1071 3196 1212 3236 eiecto
1245 3195 1292 3236 οἱ
1319 3193 1521 3236 δικασταί.
1584 3194 1673 3235 Sed
1710 3206 1791 3234 nec
1821 3193 1870 3232 il-

1073 3252 1141 3294 lud
1187 3253 1481 3294 necessarium
1526 3264 1607 3291 uec
1637 3251 1717 3292 hoc
1759 3252 1868 3290 tole-

1071 3310 1231 3357 rabiie,
1273 3323 1402 3364 quum
1436 3308 1483 3349 οἱ
1510 3307 1707 3349 δικασταί
1735 3307 1867 3348 adda-

1072 3374 1142 3408 tur
1179 3375 1221 3407 et
1252 3369 1567 3422 perspicuitatis
1600 3373 1643 3408 et
1680 3365 1865 3417 gravita-

1072 3427 1125 3465 tis
1159 3437 1325 3467 caussa.
