2158 3718
605 158 733 210 AD
777 155 1288 211 CRITONEM.
1694 158 1791 214 193

103 302 245 354 Plat.
283 321 336 372 p.
366 302 437 352 64
459 318 579 369 sqq.
620 301 825 352 Henr.
866 301 1093 355 Bremi
1129 301 1184 354 in
1221 301 1388 359 libro:
1430 301 1627 354 Philol.
1665 299 1792 355 Bei-

100 376 256 444 trage
293 391 338 424 a.
378 370 430 422 d.
469 370 716 434 Schweiz
756 372 882 425 Vol.
922 373 965 425 I.
1005 394 1055 443 p.
1090 374 1185 424 131
1215 392 1333 442 sqq.
1374 370 1524 425 Car.
1566 370 1793 427 Stein-

102 444 290 497 hart:
337 442 819 497 Platons‘Werke
869 445 1047 498 iibers.
1097 464 1204 497 von
1263 445 1452 497 Hier.
1515 445 1792 501 Msiller.

100 515 256 586 Lips.
299 516 454 567 1851.
494 514 622 567 Vol.
662 514 740 566 II.
778 536 832 586 p.
873 518 995 569 303.

243 628 358 681 Iam
404 646 534 680 vero
585 647 653 679 ex
702 627 796 695 iis,
858 648 997 697 quae
1060 628 1322 681 hactenus
1374 627 1792 699 disputavimus,

73 699 320 753 ‘videtur
361 699 522 762 etiam
571 698 884 752 coniectura
931 700 1052 770 capi
1101 718 1264 770 posse
1316 699 1382 751 de
1437 700 1793 769 temporibuS,

101 771 301 840 quibus
339 769 552 823 libellus
592 769 830 840 scriptus
869 779 923 823 et
951 772 1007 822 in
1041 772 1214 823 lucem
1254 771 1527 841 publicam
1566 772 1795 824 emissus

102 842 190 895 sit.
263 842 369 894 Est
415 842 558 894 enim
605 841 766 912 longe
815 842 1260 896 verisimillimum
1300 843 1548 913 ,origines
1587 843 1702 895 eius
1742 843 1797 894 in

102 911 332 967 eandem
378 913 634 966 incidisse
682 920 942 982 aetatem,
993 933 1102 982 qua
1162 914 1323 965 etiam
1363 914 1641 984 Apologia
1691 913 1797 968 So-

102 984 268 1037 cratis
305 993 436 1037 nata
473 991 586 1051 est,
638 983 909 1052 siquidem
961 984 1016 1037 in
1070 991 1302 1052 utroque
1353 1003 1516 1053 opere
1557 987 1797 1039 Socratis

104 1056 160 1108 in
197 1055 319 1125 ipso
359 1055 558 1124 capitis
594 1052 904 1107 discrimine
942 1055 1221 1107 constituti
1267 1054 1447 1126 imago
1482 1056 1562 1108 ita
1597 1075 1799 1126 propo·

105 1126 280 1193 nitur,
333 1134 396 1178 ut
447 1124 605 1182 simul
655 1124 934 1180 doctrinae
981 1126 1096 1182 eius
1147 1133 1312 1196 atque
1367 1127 1512 1181 vitae
1568 1135 1801 1197 agantur

102 1195 392 1254 vindiciae.
467 1195 619 1255 Talis
657 1204 838 1249 autem
887 1197 1200 1267 scriptionis
1248 1197 1626 1268 suscipiendae
1670 1217 1800 1250 con-

103 1267 287 1330 silium
340 1275 487 1320 certe
531 1266 739 1325 nullum
783 1267 928 1320 aliud
968 1277 1180 1338 tempus
1223 1269 1399 1340 magis
1437 1269 1665 1322 suadere
1702 1289 1801 1339 po-

105 1339 235 1407 tuit,
287 1357 449 1408 quam
497 1337 645 1407 quod
693 1339 936 1410 proxime
987 1347 1117 1408 post
1154 1339 1402 1394 Socratis
1451 1349 1678 1393 mortem
1717 1348 1802 1392 est

102 1411 424 1464 insecutum.
501 1410 642 1462 Tum
697 1410 839 1462 enim
887 1418 943 1462 et
991 1419 1145 1481 grata
1199 1419 1362 1480 atque
1412 1412 1504 1482 pia
1557 1412 1802 1483 magistri

103 1481 411 1536 recordatio
450 1494 505 1535 et
542 1481 946 1536 Socraticorum
991 1485 1133 1534 fama
1179 1490 1342 1552 atque
1383 1483 1708 1536 existimatio
1749 1491 1804 1534 et

103 1573 232 1607 vero
289 1553 453 1606 etiam
500 1552 672 1623 ipsius
721 1552 1101 1624 philosophiae
1151 1554 1372 1606 fortuna
1417 1555 1473 1606 in
1514 1554 1800 1607 discrimen

104 1625 346 1678 adducta
408 1624 728 1696 gravissime
790 1623 1067 1677 exhortari
1116 1623 1306 1678 debuit
1354 1626 1573 1695 scriptis
1622 1626 1803 1696 palam

107 1699 287 1758 facere
337 1715 400 1749 ac
439 1694 743 1763 declarare,
801 1696 975 1764 qualis
1015 1715 1205 1749 revera
1240 1697 1436 1750 fuisset
1470 1698 1554 1749 vir
1590 1697 1803 1767 sapien-

106 1769 348 1822 tissimus
398 1773 453 1819 et
501 1765 649 1836 quid*
685 1765 752 1819 de
790 1765 987 1821 studiis
1026 1767 1141 1821 eius
1180 1775 1345 1837 atque
1380 1770 1525 1821 vitae
1564 1769 1803 1822 consiliis

109 1845 258 1899 esset
294 1836 726 1909 existimandum.
812 1837 978 1905 Quod
1026 1846 1170 1891 certe
1223 1840 1617 1909 posterioribus
1667 1848 1803 1891 tem-

107 1909 364 1984 poribus,
417 1929 581 1983 quum
618 1928 815 1962 caussa
853 1909 971 1962 eius
1013 1909 1217 1962 dudum
1257 1919 1403 1964 esset
1438 1918 1716 1964 transacta
1751 1919 1806 1962 et

109 1981 420 2052 aequalium
465 1979 682 2034 iudiciis
730 1981 1036 2051 pensitata,
1098 2001 1208 2034 non
1264 1981 1427 2036 modo
1477 2000 1804 2054 supervaca-

109 2074 270 2107 neum
308 2051 405 2106 sed
443 2051 604 2104 etiam
634 2053 1000 2122 importunum
1027 2052 1271 2104 futurum
1296 2053 1415 2107 fuit.
1488 2053 1633 2106 Nam
1658 2052 1807 2105 aliud

112 2123 244 2196 quid
281 2131 427 2178 certe
466 2129 579 2188 est,
632 2122 780 2192 quod
817 2123 977 2176 Plato
1018 2122 1299 2177 Socratem
1349 2131 1543 2194 postea
1590 2125 1646 2176 in
1695 2124 1807 2178 ser-

111 2196 363 2250 monibus
401 2195 515 2247 suis
554 2193 630 2246 ita
660 2193 975 2262 loquentem
1012 2193 1255 2263 induxit,
1305 2202 1366 2246 ut
1403 2215 1524 2248 eum
1560 2215 1689 2249 suae
1728 2193 1810 2249 at-

116 2287 220 2338 que
280 2265 536 2337 propriae
585 2265 886 2335 sapientiae
948 2265 1140 2323 fecerit
1189 2265 1553 2337 interpretem.
1643 2265 1810 2333 Quod

115 2344 261 2393 certe
313 2336 630 2405 neutiquam
681 2335 917 2407 pertinet
977 2336 1046 2389 ad
1094 2335 1337 2391 Socratis
1389 2338 1615 2407 eiusque
1663 2338 1809 2391 vitae

117 2429 180 2469 ac
219 2407 524 2462 studiorum
571 2406 962 2476 defensionem,
1020 2407 1116 2461 sed
1152 2408 1318 2479 longe
1348 2409 1459 2461 valia
1496 2427 1692 2462 caussa
1729 2408 1810 2460 ni·-

113 2482 264 2534 titur.

172 2612 193 2628 .
260 2577 518 2632 Ceterum
575 2576 724 2647 quod
773 2577 920 2649 apud
966 2577 1264 2650 Diogen.
1325 2579 1564 2632 Laert.
1612 2577 1719 2630 III.
1760 2578 1808 2647 ξ,

118 2653 209 2705 36.
251 2649 372 2704 coll.
410 2650 487 2703 II.
527 2650 574 2719 ξ.
615 2650 700 2702 35.
739 2657 794 2701 et
833 2649 907 2703 II.
949 2651 1033 2702 (50.
1071 2657 1342 2718 narratur,
1381 2669 1492 2703 non
1531 2649 1812 2703 Critonem

122 2723 322 2790 fuisse,
374 2721 468 2790 qui
516 2720 652 2773 haec
703 2739 825 2773 cum
875 2720 1103 2774 Socrate
1155 2721 1502 2791 colloquutus
1554 2721 1656 2787 sit,
1715 2720 1813 2773 sed

121 2792 485 2860 Aeschinem,
537 2792 623 2844 cui
668 2798 850 2844 tamen
898 2792 1057 2845 Plato
1106 2810 1170 2846 ea
1218 2800 1446 2864 propter
1483 2792 1814 2845 simultatem

121 2863 394 2934 quandam
466 2862 704 2915 tribuere
769 2863 1026 2931 noluerit,
1097 2883 1206 2918 non
1277 2871 1362 2918 est
1419 2863 1815 2918 veridissimilis

122 2932 770 2990 Schleiermacheri
808 2935 1150 3004 coniectura,
1189 2935 1477 2988 Platonem
1513 2954 1626 2990 rem
1664 2934 1818 2986 aliter

122 3005 444 3073 instituisse,
481 3022 550 3056 ne
574 3003 902 3074 Aeschines,
941 3012 1132 3076 utpote
1171 3013 1350 3059 aetate
1386 3007 1577 3075 minor,
1617 3024 1817 3075 aequa-

121 3078 255 3130 lium
307 3075 433 3129 odio
484 3082 540 3127 et
576 3073 783 3127 invidia
830 3076 1209 3147 conflagraret.
1286 3077 1633 3147 Quamquam
1670 3075 1819 3128 haud

123 3148 326 3203 scimus
377 3165 447 3199 an
494 3146 603 3200 ista
651 3163 867 3215 quoque
912 3147 1177 3218 narratio,
1224 3157 1285 3203 ut
1329 3149 1498 3202 multa
1544 3147 1602 3200 id
1645 3166 1816 3219 genus

125 3219 263 3288 alia,
313 3218 380 3271 ab
432 3217 499 3271 iis
549 3217 772 3269 inventa
818 3217 920 3287 sit,
985 3218 1079 3288 qui
1125 3222 1329 3274 nomini
1375 3220 1622 3273 Platonis
1672 3217 1820 3288 apud

124 3298 375 3361 posteros
412 3288 584 3342 malae
629 3286 957 3342 invidentiae
994 3291 1258 3345 maculam
1288 3290 1615 3363 adspergere
1639 3289 1821 3342 conati

124 3369 269 3414 sunt.
369 3359 482 3416 Sed
516 3366 641 3412 utut
674 3378 761 3414 res
799 3366 899 3429 est,
934 3360 1068 3414 illud
1106 3362 1324 3430 quidem
1361 3381 1547 3416 omnes
1583 3380 1692 3414 uno
1730 3377 1820 3412 ore

196 3449 308 3494 plat.
342 3450 457 3503 Opp.
491 3448 587 3493 Vol.
617 3448 650 3488 1.
680 3449 727 3488 P..
761 3445 789 3486 Ι.
1420 3448 1484 3498 13
