<?xml version="1.0" encoding="UTF-8"?>
<!DOCTYPE html PUBLIC "-//W3C//DTD XHTML 1.0 Transitional//EN"
    "http://www.w3.org/TR/xhtml1/DTD/xhtml1-transitional.dtd">
<html xmlns="http://www.w3.org/1999/xhtml" xml:lang="en" lang="en">
 <head>
  <title>
</title>
<meta http-equiv="Content-Type" content="text/html;charset=utf-8" />
  <meta name='ocr-system' content='tesseract 3.04.00' />
  <meta name='ocr-capabilities' content='ocr_page ocr_carea ocr_par ocr_line ocrx_word'/>
</head>
<body>
  <div class='ocr_page' id='page_1' title='image "./operaomniarecens01platuoft/operaomniarecens01platuoft_0552.png"; bbox 0 0 2158 3718; ppageno 0'>
   <div class='ocr_carea' id='block_1_1' title="bbox 997 0 2091 21">
    <p class='ocr_par' dir='ltr' id='par_1_1' title="bbox 997 0 2091 21">
     <span class='ocr_line' id='line_1_1' title="bbox 997 0 2091 21; baseline 0.005 -4"><span class='ocrx_word' id='word_1_1' title='bbox 997 0 1018 7; x_wconf 71' lang='lat'>-</span> <span class='ocrx_word' id='word_1_2' title='bbox 1358 0 1363 3; x_wconf 93' lang='lat'>·</span> <span class='ocrx_word' id='word_1_3' title='bbox 1493 0 1496 4; x_wconf 51' lang='lat'>¹</span> <span class='ocrx_word' id='word_1_4' title='bbox 1619 15 1622 19; x_wconf 90' lang='lat'><strong>.</strong></span> <span class='ocrx_word' id='word_1_5' title='bbox 1754 0 1779 21; x_wconf 56' lang='lat' dir='ltr'>w·</span> <span class='ocrx_word' id='word_1_6' title='bbox 1858 0 2091 21; x_wconf 47' lang='lat' dir='ltr'>»nv-¹51</span> 
     </span>
    </p>
   </div>
   <div class='ocr_carea' id='block_1_2' title="bbox 172 107 2094 1509">
    <p class='ocr_par' dir='ltr' id='par_1_2' title="bbox 226 107 2025 321">
     <span class='ocr_line' id='line_1_2' title="bbox 226 107 1290 180; baseline 0.002 -29"><span class='ocrx_word' id='word_1_7' title='bbox 226 110 334 164; x_wconf 83' lang='lat'>216</span> <span class='ocrx_word' id='word_1_8' title='bbox 964 107 1290 180; x_wconf 66' lang='lat' dir='ltr'>PLATONJs</span> 
     </span>
     <span class='ocr_line' id='line_1_3' title="bbox 229 247 2025 321; baseline 0.001 -17"><span class='ocrx_word' id='word_1_9' title='bbox 229 251 325 305; x_wconf 76' lang='grc' dir='ltr'><em>καὶ</em></span> <span class='ocrx_word' id='word_1_10' title='bbox 374 249 438 304; x_wconf 82' lang='grc' dir='ltr'><em>αἰ</em></span> <span class='ocrx_word' id='word_1_11' title='bbox 480 249 679 320; x_wconf 80' lang='grc' dir='ltr'><em>χορδαὶ</em></span> <span class='ocrx_word' id='word_1_12' title='bbox 718 249 812 302; x_wconf 85' lang='grc' dir='ltr'><em>καὶ</em></span> <span class='ocrx_word' id='word_1_13' title='bbox 850 249 909 302; x_wconf 74' lang='grc' dir='ltr'>οἱ</span> <span class='ocrx_word' id='word_1_14' title='bbox 942 247 1193 318; x_wconf 80' lang='grc' dir='ltr'><em>φθόγγοι</em></span> <span class='ocrx_word' id='word_1_15' title='bbox 1229 252 1311 303; x_wconf 81' lang='grc' dir='ltr'>ἔτι</span> <span class='ocrx_word' id='word_1_16' title='bbox 1349 248 1693 321; x_wconf 77' lang='grc' dir='ltr'><em>ἀνάρμοστοι</em></span> <span class='ocrx_word' id='word_1_17' title='bbox 1741 248 1900 314; x_wconf 76' lang='grc' dir='ltr'><em>ὄντες</em></span> <span class='ocrx_word' id='word_1_18' title='bbox 1935 256 2025 320; x_wconf 82' lang='grc' dir='ltr'><em>γί-</em></span> 
     </span>
    </p>

    <p class='ocr_par' dir='ltr' id='par_1_3' title="bbox 174 329 2094 1081">
     <span class='ocr_line' id='line_1_4' title="bbox 174 329 2026 405; baseline -0.001 -16"><span class='ocrx_word' id='word_1_19' title='bbox 174 349 206 395; x_wconf 87' lang='lat' dir='ltr'>c</span> <span class='ocrx_word' id='word_1_20' title='bbox 226 353 462 404; x_wconf 86' lang='grc' dir='ltr'><em>γνονται</em></span> <span class='ocrx_word' id='word_1_21' title='bbox 481 374 499 404; x_wconf 90' lang='grc'><em>,</em></span> <span class='ocrx_word' id='word_1_22' title='bbox 554 337 883 388; x_wconf 77' lang='grc' dir='ltr'><em>τελευταῖον</em></span> <span class='ocrx_word' id='word_1_23' title='bbox 938 333 1002 386; x_wconf 77' lang='grc' dir='ltr'>δὲ</span> <span class='ocrx_word' id='word_1_24' title='bbox 1047 329 1288 388; x_wconf 68' lang='grc' dir='ltr'><em>’πάντων</em></span> <span class='ocrx_word' id='word_1_25' title='bbox 1326 334 1651 399; x_wconf 82' lang='grc' dir='ltr'><em>ξυνίσταται</em></span> <span class='ocrx_word' id='word_1_26' title='bbox 1696 332 1730 404; x_wconf 85' lang='grc' dir='ltr'><em>ἡ</em></span> <span class='ocrx_word' id='word_1_27' title='bbox 1783 332 2026 405; x_wconf 78' lang='grc' dir='ltr'><em>ἁρμονία</em></span> 
     </span>
     <span class='ocr_line' id='line_1_5' title="bbox 229 410 2094 490; baseline 0 -16"><span class='ocrx_word' id='word_1_28' title='bbox 229 421 324 474; x_wconf 82' lang='grc' dir='ltr'><em>καὶ</em></span> <span class='ocrx_word' id='word_1_29' title='bbox 370 421 600 490; x_wconf 74' lang='grc' dir='ltr'><em>πρῶτον</em></span> <span class='ocrx_word' id='word_1_30' title='bbox 638 415 972 472; x_wconf 88' lang='grc' dir='ltr'><em>ἀπόλλυται.</em></span> <span class='ocrx_word' id='word_1_31' title='bbox 1049 410 1215 481; x_wconf 79' lang='grc' dir='ltr'><em>οὗτος</em></span> <span class='ocrx_word' id='word_1_32' title='bbox 1260 411 1369 472; x_wconf 78' lang='grc' dir='ltr'><em>οὖν</em></span> <span class='ocrx_word' id='word_1_33' title='bbox 1416 435 1507 474; x_wconf 90' lang='grc' dir='ltr'><em>σοι</em></span> <span class='ocrx_word' id='word_1_34' title='bbox 1545 417 1574 475; x_wconf 88' lang='lat'><em>6</em></span> <span class='ocrx_word' id='word_1_35' title='bbox 1621 418 1788 487; x_wconf 89' lang='grc' dir='ltr'><em>λόγος</em></span> <span class='ocrx_word' id='word_1_36' title='bbox 1827 420 2027 490; x_wconf 80' lang='grc' dir='ltr'><em>ἐκείνῳ</em></span> <span class='ocrx_word' id='word_1_37' title='bbox 2091 436 2094 440; x_wconf 72' lang='grc'><em>’</em></span> 
     </span>
     <span class='ocr_line' id='line_1_6' title="bbox 228 497 2027 575; baseline -0.001 -16"><span class='ocrx_word' id='word_1_38' title='bbox 228 507 348 568; x_wconf 74' lang='grc' dir='ltr'>πῶς</span> <span class='ocrx_word' id='word_1_39' title='bbox 385 504 714 575; x_wconf 80' lang='grc' dir='ltr'><em>ξυνᾴσεται;</em></span> <span class='ocrx_word' id='word_1_40' title='bbox 769 499 1068 572; x_wconf 74' lang='grc' dir='ltr'><em>Οὐδαμῶς,</em></span> <span class='ocrx_word' id='word_1_41' title='bbox 1104 504 1213 573; x_wconf 82' lang='grc' dir='ltr'>ἔφη</span> <span class='ocrx_word' id='word_1_42' title='bbox 1252 501 1282 557; x_wconf 98' lang='lat'><em>6</em></span> <span class='ocrx_word' id='word_1_43' title='bbox 1319 506 1582 574; x_wconf 83' lang='grc' dir='ltr'><em>Σιμμίας.</em></span> <span class='ocrx_word' id='word_1_44' title='bbox 1659 505 1771 557; x_wconf 81' lang='grc' dir='ltr'><em>Καὶ</em></span> <span class='ocrx_word' id='word_1_45' title='bbox 1807 505 1950 574; x_wconf 88' lang='grc' dir='ltr'><em>μήν,</em></span> <span class='ocrx_word' id='word_1_46' title='bbox 1988 497 2027 574; x_wconf 78' lang='grc' dir='ltr'><strong><em>ἦ</em></strong></span> 
     </span>
     <span class='ocr_line' id='line_1_7' title="bbox 229 584 2028 661; baseline -0.001 -19"><span class='ocrx_word' id='word_1_47' title='bbox 229 586 281 642; x_wconf 80' lang='grc' dir='ltr'>δ’</span> <span class='ocrx_word' id='word_1_48' title='bbox 321 587 403 658; x_wconf 83' lang='grc' dir='ltr'><em>ὅς,-</em></span> <span class='ocrx_word' id='word_1_49' title='bbox 440 587 641 659; x_wconf 83' lang='grc' dir='ltr'><em>πρέπει</em></span> <span class='ocrx_word' id='word_1_50' title='bbox 677 606 743 655; x_wconf 88' lang='grc' dir='ltr'>γε</span> <span class='ocrx_word' id='word_1_51' title='bbox 782 591 942 656; x_wconf 81' lang='grc' dir='ltr'><em>εἴπερ</em></span> <span class='ocrx_word' id='word_1_52' title='bbox 979 606 1058 657; x_wconf 79' lang='grc' dir='ltr'><em>τῳ</em></span> <span class='ocrx_word' id='word_1_53' title='bbox 1096 584 1250 659; x_wconf 79' lang='grc' dir='ltr'><em>ἄλλῳ</em></span> <span class='ocrx_word' id='word_1_54' title='bbox 1288 589 1438 659; x_wconf 79' lang='grc' dir='ltr'><em>λόγῳ</em></span> <span class='ocrx_word' id='word_1_55' title='bbox 1476 589 1711 661; x_wconf 76' lang='grc' dir='ltr'><em>ξυνῳδςὸ</em></span> <span class='ocrx_word' id='word_1_56' title='bbox 1750 585 1896 642; x_wconf 86' lang='grc' dir='ltr'><em>εἶναι</em></span> <span class='ocrx_word' id='word_1_57' title='bbox 1933 587 2028 641; x_wconf 82' lang='grc' dir='ltr'><em>καὶ</em></span> 
     </span>
     <span class='ocr_line' id='line_1_8' title="bbox 227 665 2029 743; baseline -0.001 -16"><span class='ocrx_word' id='word_1_58' title='bbox 227 677 306 743; x_wconf 75' lang='grc' dir='ltr'><em>τῷ</em></span> <span class='ocrx_word' id='word_1_59' title='bbox 343 675 473 741; x_wconf 83' lang='grc' dir='ltr'><em>περὶ</em></span> <span class='ocrx_word' id='word_1_60' title='bbox 511 670 803 742; x_wconf 76' lang='grc' dir='ltr'><em>ἁρμονίας.</em></span> <span class='ocrx_word' id='word_1_61' title='bbox 858 670 1076 740; x_wconf 80' lang='grc' dir='ltr'><strong><em>Πρέπει</em></strong></span> <span class='ocrx_word' id='word_1_62' title='bbox 1112 671 1243 743; x_wconf 86' lang='grc' dir='ltr'><em>γάρ,</em></span> <span class='ocrx_word' id='word_1_63' title='bbox 1281 674 1392 742; x_wconf 77' lang='grc' dir='ltr'>ἔφη</span> <span class='ocrx_word' id='word_1_64' title='bbox 1432 671 1462 727; x_wconf 94' lang='lat'><em>6</em></span> <span class='ocrx_word' id='word_1_65' title='bbox 1502 676 1763 743; x_wconf 90' lang='grc' dir='ltr'><em>Σιμμίας.</em></span> <span class='ocrx_word' id='word_1_66' title='bbox 1845 665 2029 736; x_wconf 79' lang='grc' dir='ltr'><em>Οὗτος</em></span> 
     </span>
     <span class='ocr_line' id='line_1_9' title="bbox 227 753 2032 827; baseline -0.001 -16"><span class='ocrx_word' id='word_1_67' title='bbox 227 760 456 826; x_wconf 83' lang='grc' dir='ltr'><em>τοίνυν,</em></span> <span class='ocrx_word' id='word_1_68' title='bbox 495 758 633 826; x_wconf 80' lang='grc' dir='ltr'><em>ἔφη,</em></span> <span class='ocrx_word' id='word_1_69' title='bbox 673 756 764 810; x_wconf 81' lang='grc' dir='ltr'>σοὶ</span> <span class='ocrx_word' id='word_1_70' title='bbox 811 753 881 810; x_wconf 83' lang='grc' dir='ltr'>οὐ</span> <span class='ocrx_word' id='word_1_71' title='bbox 919 756 1194 827; x_wconf 77' lang='grc' dir='ltr'><em>ξυνῳὸός·</em></span> <span class='ocrx_word' id='word_1_72' title='bbox 1255 755 1384 810; x_wconf 85' lang='grc' dir='ltr'><em>ἀλλ’</em></span> <span class='ocrx_word' id='word_1_73' title='bbox 1425 755 1559 827; x_wconf 83' lang='grc' dir='ltr'><em>ὅρα,</em></span> <span class='ocrx_word' id='word_1_74' title='bbox 1598 757 1842 827; x_wconf 86' lang='grc' dir='ltr'><em>πότερον</em></span> <span class='ocrx_word' id='word_1_75' title='bbox 1880 758 2032 826; x_wconf 76' lang='grc' dir='ltr'><em>αἱρεῖ</em></span> 
     </span>
     <span class='ocr_line' id='line_1_10' title="bbox 229 838 2029 913; baseline 0.001 -18"><span class='ocrx_word' id='word_1_76' title='bbox 229 845 348 895; x_wconf 73' lang='grc' dir='ltr'>τῶν</span> <span class='ocrx_word' id='word_1_77' title='bbox 385 840 593 910; x_wconf 89' lang='grc' dir='ltr'><em>λόγων,</em></span> <span class='ocrx_word' id='word_1_78' title='bbox 632 839 739 910; x_wconf 78' lang='grc' dir='ltr'>τὴν</span> <span class='ocrx_word' id='word_1_79' title='bbox 775 841 1028 911; x_wconf 80' lang='grc' dir='ltr'><em>μάθησιν</em></span> <span class='ocrx_word' id='word_1_80' title='bbox 1067 838 1384 911; x_wconf 84' lang='grc' dir='ltr'><em>ἀνάμνησιν</em></span> <span class='ocrx_word' id='word_1_81' title='bbox 1423 838 1590 911; x_wconf 80' lang='grc' dir='ltr'><em>εἶναι,</em></span> <span class='ocrx_word' id='word_1_82' title='bbox 1626 842 1662 910; x_wconf 78' lang='grc' dir='ltr'><em>ἢ</em></span> <span class='ocrx_word' id='word_1_83' title='bbox 1699 840 1888 912; x_wconf 84' lang='grc' dir='ltr'><em>ψυχὴν</em></span> <span class='ocrx_word' id='word_1_84' title='bbox 1926 840 2029 913; x_wconf 80' lang='grc' dir='ltr'>ἁρ-</span> 
     </span>
     <span class='ocr_line' id='line_1_11' title="bbox 230 918 2031 996; baseline 0.001 -17"><span class='ocrx_word' id='word_1_85' title='bbox 230 928 466 995; x_wconf 82' lang='grc' dir='ltr'><em>μονίαν;</em></span> <span class='ocrx_word' id='word_1_86' title='bbox 507 924 674 979; x_wconf 78' lang='grc' dir='ltr'><em>Πολύ</em></span> <span class='ocrx_word' id='word_1_87' title='bbox 711 930 951 996; x_wconf 83' lang='grc' dir='ltr'><em>μᾶλλον,</em></span> <span class='ocrx_word' id='word_1_88' title='bbox 993 927 1123 996; x_wconf 77' lang='grc' dir='ltr'><em>ἔφη,</em></span> <span class='ocrx_word' id='word_1_89' title='bbox 1165 927 1409 995; x_wconf 82' lang='grc' dir='ltr'><em>ἐκεῖνον,</em></span> <span class='ocrx_word' id='word_1_90' title='bbox 1450 918 1496 979; x_wconf 68' lang='grc' dir='ltr'><em>ὦ</em></span> <span class='ocrx_word' id='word_1_91' title='bbox 1534 926 1853 996; x_wconf 74' lang='grc' dir='ltr'><em>Σώκρατες.</em></span> <span class='ocrx_word' id='word_1_92' title='bbox 1932 925 2031 980; x_wconf 82' lang='grc' dir='ltr'><em>ὅδε</em></span> 
     </span>
     <span class='ocr_line' id='line_1_12' title="bbox 229 1008 2032 1081; baseline 0 -17"><span class='ocrx_word' id='word_1_93' title='bbox 229 1010 340 1080; x_wconf 78' lang='grc' dir='ltr'><em>μὲν</em></span> <span class='ocrx_word' id='word_1_94' title='bbox 376 1010 487 1079; x_wconf 89' lang='grc' dir='ltr'><em>γάρ</em></span> <span class='ocrx_word' id='word_1_95' title='bbox 524 1029 620 1079; x_wconf 90' lang='grc' dir='ltr'><em>μοι</em></span> <span class='ocrx_word' id='word_1_96' title='bbox 656 1011 894 1079; x_wconf 82' lang='grc' dir='ltr'><em>γέγονεν</em></span> <span class='ocrx_word' id='word_1_97' title='bbox 932 1009 1075 1064; x_wconf 77' lang='grc' dir='ltr'><em>ἄνευ</em></span> <span class='ocrx_word' id='word_1_98' title='bbox 1114 1009 1451 1076; x_wconf 80' lang='grc' dir='ltr'><em>ἀποδείξεως</em></span> <span class='ocrx_word' id='word_1_99' title='bbox 1475 1010 1613 1081; x_wconf 77' lang='grc' dir='ltr'><em>μετὰ</em></span> <span class='ocrx_word' id='word_1_100' title='bbox 1640 1011 1854 1074; x_wconf 80' lang='grc' dir='ltr'><em>εἰκότος</em></span> <span class='ocrx_word' id='word_1_101' title='bbox 1878 1008 2032 1074; x_wconf 83' lang='grc' dir='ltr'><em>τινὸς</em></span> 
     </span>
    </p>

    <p class='ocr_par' dir='ltr' id='par_1_4' title="bbox 172 1093 2033 1509">
     <span class='ocr_line' id='line_1_13' title="bbox 172 1093 2026 1169; baseline -0.001 -19"><span class='ocrx_word' id='word_1_102' title='bbox 172 1109 209 1150; x_wconf 90' lang='lat' dir='ltr'>D</span> <span class='ocrx_word' id='word_1_103' title='bbox 232 1095 331 1149; x_wconf 79' lang='grc' dir='ltr'><em>καὶ</em></span> <span class='ocrx_word' id='word_1_104' title='bbox 370 1093 729 1169; x_wconf 77' lang='grc' dir='ltr'><em>εὐπρεπείας,</em></span> <span class='ocrx_word' id='word_1_105' title='bbox 770 1093 912 1150; x_wconf 82' lang='grc' dir='ltr'><em>ὅθεν</em></span> <span class='ocrx_word' id='word_1_106' title='bbox 949 1096 1044 1149; x_wconf 79' lang='grc' dir='ltr'><em>καὶ</em></span> <span class='ocrx_word' id='word_1_107' title='bbox 1080 1104 1198 1160; x_wconf 79' lang='grc' dir='ltr'><em>τοῖς</em></span> <span class='ocrx_word' id='word_1_108' title='bbox 1233 1099 1466 1159; x_wconf 79' lang='grc' dir='ltr'><em>πολλοῖς</em></span> <span class='ocrx_word' id='word_1_109' title='bbox 1492 1096 1653 1149; x_wconf 81' lang='grc' dir='ltr'><em>δοκεῖ</em></span> <span class='ocrx_word' id='word_1_110' title='bbox 1672 1093 2026 1169; x_wconf 71' lang='grc' dir='ltr'><em>ἀνθρώποις·</em></span> 
     </span>
     <span class='ocr_line' id='line_1_14' title="bbox 238 1176 2033 1250; baseline 0 -16"><span class='ocrx_word' id='word_1_111' title='bbox 238 1176 350 1249; x_wconf 73' lang='grc' dir='ltr'><em>ἐγώ</em></span> <span class='ocrx_word' id='word_1_112' title='bbox 391 1178 608 1243; x_wconf 60' lang='grc' dir='ltr'><em>δὲποϊς</em></span> <span class='ocrx_word' id='word_1_113' title='bbox 646 1177 740 1233; x_wconf 75' lang='grc' dir='ltr'><em>διὰ</em></span> <span class='ocrx_word' id='word_1_114' title='bbox 776 1184 892 1234; x_wconf 75' lang='grc' dir='ltr'>τῶν</span> <span class='ocrx_word' id='word_1_115' title='bbox 930 1179 1166 1234; x_wconf 83' lang='grc' dir='ltr'><em>εἰκότων</em></span> <span class='ocrx_word' id='word_1_116' title='bbox 1203 1180 1300 1244; x_wconf 77' lang='grc' dir='ltr'><em>τοὶς</em></span> <span class='ocrx_word' id='word_1_117' title='bbox 1326 1178 1636 1245; x_wconf 76' lang='grc' dir='ltr'><em>ἀποδείξεις</em></span> <span class='ocrx_word' id='word_1_118' title='bbox 1673 1180 2033 1250; x_wconf 82' lang='grc' dir='ltr'><em>ποιουμένοις</em></span> 
     </span>
     <span class='ocr_line' id='line_1_15' title="bbox 230 1259 2031 1335; baseline 0.001 -19"><span class='ocrx_word' id='word_1_119' title='bbox 230 1264 422 1332; x_wconf 85' lang='grc' dir='ltr'><em>λόγοις</em></span> <span class='ocrx_word' id='word_1_120' title='bbox 468 1263 704 1327; x_wconf 81' lang='grc' dir='ltr'><em>ξύνοιδα</em></span> <span class='ocrx_word' id='word_1_121' title='bbox 752 1259 922 1318; x_wconf 79' lang='grc' dir='ltr'><em>οὖσιν</em></span> <span class='ocrx_word' id='word_1_122' title='bbox 969 1262 1225 1335; x_wconf 81' lang='grc' dir='ltr'><em>ἀλαζόσι,</em></span> <span class='ocrx_word' id='word_1_123' title='bbox 1287 1266 1382 1319; x_wconf 82' lang='grc' dir='ltr'><em>καὶ</em></span> <span class='ocrx_word' id='word_1_124' title='bbox 1430 1263 1502 1318; x_wconf 79' lang='grc' dir='ltr'><em>ἄν</em></span> <span class='ocrx_word' id='word_1_125' title='bbox 1549 1285 1633 1328; x_wconf 89' lang='grc' dir='ltr'>τις</span> <span class='ocrx_word' id='word_1_126' title='bbox 1690 1262 1901 1328; x_wconf 74' lang='grc' dir='ltr'><em>αὐτούς</em></span> <span class='ocrx_word' id='word_1_127' title='bbox 1955 1261 2031 1334; x_wconf 85' lang='grc' dir='ltr'>μὴ</span> 
     </span>
     <span class='ocr_line' id='line_1_16' title="bbox 231 1341 2032 1419; baseline -0.001 -18"><span class='ocrx_word' id='word_1_128' title='bbox 231 1347 610 1418; x_wconf 80' lang='grc' dir='ltr'><em>φυλάττηται,</em></span> <span class='ocrx_word' id='word_1_129' title='bbox 647 1341 732 1402; x_wconf 61' lang='grc' dir='ltr'><em>ἐὖ</em></span> <span class='ocrx_word' id='word_1_130' title='bbox 779 1349 930 1418; x_wconf 88' lang='grc' dir='ltr'><em>μάλα</em></span> <span class='ocrx_word' id='word_1_131' title='bbox 979 1349 1313 1419; x_wconf 74' lang='grc' dir='ltr'><em>ἐξαπατῶσι,</em></span> <span class='ocrx_word' id='word_1_132' title='bbox 1353 1350 1448 1403; x_wconf 80' lang='grc' dir='ltr'><em>καὶ</em></span> <span class='ocrx_word' id='word_1_133' title='bbox 1488 1350 1551 1403; x_wconf 82' lang='grc' dir='ltr'><em>ἐν</em></span> <span class='ocrx_word' id='word_1_134' title='bbox 1587 1350 1900 1419; x_wconf 77' lang='grc' dir='ltr'><em>γεωμετρίᾳ</em></span> <span class='ocrx_word' id='word_1_135' title='bbox 1935 1348 2032 1401; x_wconf 82' lang='grc' dir='ltr'><em>καὶ</em></span> 
     </span>
     <span class='ocr_line' id='line_1_17' title="bbox 233 1431 2032 1509; baseline -0.001 -22"><span class='ocrx_word' id='word_1_136' title='bbox 233 1433 297 1487; x_wconf 82' lang='grc' dir='ltr'><em>ἐν</em></span> <span class='ocrx_word' id='word_1_137' title='bbox 334 1440 453 1498; x_wconf 80' lang='grc' dir='ltr'><em>τοῖς</em></span> <span class='ocrx_word' id='word_1_138' title='bbox 489 1431 684 1497; x_wconf 78' lang='grc' dir='ltr'><em>ἄλλοις</em></span> <span class='ocrx_word' id='word_1_139' title='bbox 722 1432 950 1488; x_wconf 76' lang='grc' dir='ltr'><em>ἅπασιν.</em></span> <span class='ocrx_word' id='word_1_140' title='bbox 1029 1432 1059 1487; x_wconf 92' lang='lat'><em>6</em></span> <span class='ocrx_word' id='word_1_141' title='bbox 1108 1435 1172 1489; x_wconf 77' lang='grc' dir='ltr'>δὲ</span> <span class='ocrx_word' id='word_1_142' title='bbox 1218 1435 1349 1503; x_wconf 84' lang='grc' dir='ltr'><em>περὶ</em></span> <span class='ocrx_word' id='word_1_143' title='bbox 1398 1437 1496 1503; x_wconf 79' lang='grc' dir='ltr'>τῆς</span> <span class='ocrx_word' id='word_1_144' title='bbox 1534 1432 1901 1509; x_wconf 76' lang='grc' dir='ltr'><em>ἀναμνήσεως</em></span> <span class='ocrx_word' id='word_1_145' title='bbox 1938 1433 2032 1486; x_wconf 80' lang='grc' dir='ltr'><em>καὶ</em></span> 
     </span>
    </p>
   </div>
   <div class='ocr_carea' id='block_1_3' title="bbox 347 1597 1746 1676">
    <p class='ocr_par' dir='ltr' id='par_1_5' title="bbox 347 1597 1746 1676">
     <span class='ocr_line' id='line_1_18' title="bbox 347 1597 1746 1676; baseline 0 -16"><span class='ocrx_word' id='word_1_146' title='bbox 347 1617 391 1660; x_wconf 86' lang='lat' dir='ltr'>C.</span> <span class='ocrx_word' id='word_1_147' title='bbox 424 1618 538 1668; x_wconf 83' lang='grc' dir='ltr'>πῶς</span> <span class='ocrx_word' id='word_1_148' title='bbox 570 1613 913 1676; x_wconf 79' lang='grc' dir='ltr'><em>ξυνάσεται]</em></span> <span class='ocrx_word' id='word_1_149' title='bbox 939 1619 1061 1661; x_wconf 87' lang='lat' dir='ltr'>Bodl.</span> <span class='ocrx_word' id='word_1_150' title='bbox 1085 1597 1150 1674; x_wconf 82' lang='lat' dir='ltr'>pr.</span> <span class='ocrx_word' id='word_1_151' title='bbox 1174 1632 1229 1663; x_wconf 88' lang='lat' dir='ltr'>m.</span> <span class='ocrx_word' id='word_1_152' title='bbox 1256 1615 1522 1672; x_wconf 83' lang='grc' dir='ltr'><em>ξυνέσεται.</em></span> <span class='ocrx_word' id='word_1_153' title='bbox 1565 1620 1746 1662; x_wconf 87' lang='lat' dir='ltr'>Vitiose.</span> 
     </span>
    </p>
   </div>
   <div class='ocr_carea' id='block_1_4' title="bbox 198 1684 2035 1802">
    <p class='ocr_par' dir='ltr' id='par_1_6' title="bbox 198 1684 2035 1802">
     <span class='ocr_line' id='line_1_19' title="bbox 348 1684 2035 1760; baseline 0.001 -29"><span class='ocrx_word' id='word_1_154' title='bbox 348 1684 484 1743; x_wconf 63' lang='grc' dir='ltr'><em>ε’,φη</em></span> <span class='ocrx_word' id='word_1_155' title='bbox 517 1683 779 1744; x_wconf 77' lang='grc' dir='ltr'><em>ἐκεῖνον,</em></span> <span class='ocrx_word' id='word_1_156' title='bbox 803 1705 838 1731; x_wconf 89' lang='grc' dir='ltr'><em>ω</em></span> <span class='ocrx_word' id='word_1_157' title='bbox 858 1688 949 1760; x_wconf 91' lang='grc' dir='ltr'>Σ.]</span> <span class='ocrx_word' id='word_1_158' title='bbox 974 1691 1096 1731; x_wconf 89' lang='lat' dir='ltr'>Hunc</span> <span class='ocrx_word' id='word_1_159' title='bbox 1118 1691 1312 1732; x_wconf 83' lang='lat' dir='ltr'>ordinem</span> <span class='ocrx_word' id='word_1_160' title='bbox 1334 1699 1508 1732; x_wconf 89' lang='lat' dir='ltr'>tuentur</span> <span class='ocrx_word' id='word_1_161' title='bbox 1529 1690 1651 1734; x_wconf 91' lang='lat' dir='ltr'>Bodl.</span> <span class='ocrx_word' id='word_1_162' title='bbox 1675 1691 1785 1734; x_wconf 88' lang='lat' dir='ltr'>Tub.</span> <span class='ocrx_word' id='word_1_163' title='bbox 1806 1690 1918 1733; x_wconf 87' lang='lat' dir='ltr'>Ven.</span> <span class='ocrx_word' id='word_1_164' title='bbox 1941 1688 2035 1737; x_wconf 77' lang='grc' dir='ltr'>ΞΠ</span> 
     </span>
     <span class='ocr_line' id='line_1_20' title="bbox 198 1721 1348 1802; baseline 0.001 -14"><span class='ocrx_word' id='word_1_165' title='bbox 198 1785 205 1787; x_wconf 29' lang='lat' dir='ltr'><strong><em>s</em></strong></span> <span class='ocrx_word' id='word_1_166' title='bbox 229 1745 359 1788; x_wconf 87' lang='lat' dir='ltr'>vind.</span> <span class='ocrx_word' id='word_1_167' title='bbox 387 1746 430 1787; x_wconf 73' lang='lat' dir='ltr'><em>Y</em></span> <span class='ocrx_word' id='word_1_168' title='bbox 447 1747 545 1788; x_wconf 88' lang='lat' dir='ltr'>Zitt.</span> <span class='ocrx_word' id='word_1_169' title='bbox 568 1748 683 1791; x_wconf 88' lang='lat' dir='ltr'>Vett.</span> <span class='ocrx_word' id='word_1_170' title='bbox 707 1721 826 1788; x_wconf 83' lang='lat' dir='ltr'><strong>editt.</strong></span> <span class='ocrx_word' id='word_1_171' title='bbox 851 1742 962 1802; x_wconf 84' lang='grc' dir='ltr'><em>ε’φη,</em></span> <span class='ocrx_word' id='word_1_172' title='bbox 988 1762 1023 1789; x_wconf 86' lang='grc' dir='ltr'><em>ω</em></span> <span class='ocrx_word' id='word_1_173' title='bbox 1045 1747 1123 1801; x_wconf 81' lang='grc' dir='ltr'>Σ,,</span> <span class='ocrx_word' id='word_1_174' title='bbox 1147 1741 1348 1791; x_wconf 76' lang='grc' dir='ltr'><em>ἐκεῖνον.</em></span> 
     </span>
    </p>
   </div>
   <div class='ocr_carea' id='block_1_5' title="bbox 221 1887 1091 3484">
    <p class='ocr_par' dir='ltr' id='par_1_7' title="bbox 231 1887 1091 2297">
     <span class='ocr_line' id='line_1_21' title="bbox 232 1887 1088 1971; baseline 0 -14"><span class='ocrx_word' id='word_1_175' title='bbox 232 1905 460 1969; x_wconf 72' lang='grc' dir='ltr'><em>ἑκάτερον</em></span> <span class='ocrx_word' id='word_1_176' title='bbox 479 1907 605 1956; x_wconf 81' lang='grc' dir='ltr'><em>εἶναι</em></span> <span class='ocrx_word' id='word_1_177' title='bbox 623 1903 783 1963; x_wconf 82' lang='grc' dir='ltr'><em>οἶος</em></span> <span class='ocrx_word' id='word_1_178' title='bbox 749 1930 785 1971; x_wconf 82' lang='grc' dir='ltr'><strong><em>ῳ</em></strong></span> <span class='ocrx_word' id='word_1_179' title='bbox 805 1887 974 1969; x_wconf 79' lang='grc' dir='ltr'><em>ὅμοιος</em></span> <span class='ocrx_word' id='word_1_180' title='bbox 998 1914 1088 1970; x_wconf 47' lang='grc' dir='ltr'><em>εἰᾞη</em></span> 
     </span>
     <span class='ocr_line' id='line_1_22' title="bbox 231 1970 1090 2025; baseline 0.001 -14"><span class='ocrx_word' id='word_1_181' title='bbox 231 1971 323 2012; x_wconf 90' lang='lat' dir='ltr'>Nisi</span> <span class='ocrx_word' id='word_1_182' title='bbox 351 1970 460 2012; x_wconf 81' lang='lat' dir='ltr'>sorte</span> <span class='ocrx_word' id='word_1_183' title='bbox 489 1977 678 2024; x_wconf 82' lang='lat' dir='ltr'><strong>praestat</strong></span> <span class='ocrx_word' id='word_1_184' title='bbox 707 1972 936 2025; x_wconf 79' lang='lat' dir='ltr'>explicatio</span> <span class='ocrx_word' id='word_1_185' title='bbox 958 1972 1090 2012; x_wconf 88' lang='lat' dir='ltr'>Mat-</span> 
     </span>
     <span class='ocr_line' id='line_1_23' title="bbox 231 2027 1091 2071; baseline 0.003 -4"><span class='ocrx_word' id='word_1_186' title='bbox 231 2027 378 2068; x_wconf 82' lang='lat' dir='ltr'>thiae</span> <span class='ocrx_word' id='word_1_187' title='bbox 398 2029 454 2068; x_wconf 88' lang='lat' dir='ltr'>ad</span> <span class='ocrx_word' id='word_1_188' title='bbox 475 2027 576 2071; x_wconf 79' lang='lat' dir='ltr'>E.ur</span> <span class='ocrx_word' id='word_1_189' title='bbox 602 2027 735 2071; x_wconf 89' lang='lat' dir='ltr'>Orest.</span> <span class='ocrx_word' id='word_1_190' title='bbox 757 2030 841 2070; x_wconf 87' lang='lat'>904</span> <span class='ocrx_word' id='word_1_191' title='bbox 870 2041 1091 2071; x_wconf 90' lang='grc' dir='ltr'><em>τοιουτον</em></span> 
     </span>
     <span class='ocr_line' id='line_1_24' title="bbox 232 2077 1091 2149; baseline 0 -23"><span class='ocrx_word' id='word_1_192' title='bbox 232 2077 424 2149; x_wconf 74' lang='grc' dir='ltr'><em>ἐκείνῳ,</em></span> <span class='ocrx_word' id='word_1_193' title='bbox 466 2097 502 2141; x_wconf 83' lang='grc' dir='ltr'><strong><em>ῳ</em></strong></span> <span class='ocrx_word' id='word_1_194' title='bbox 545 2077 603 2126; x_wconf 80' lang='grc' dir='ltr'><strong>σύ</strong></span> <span class='ocrx_word' id='word_1_195' title='bbox 652 2078 952 2136; x_wconf 80' lang='grc' dir='ltr'><em>ἀπεικάζεις,</em></span> <span class='ocrx_word' id='word_1_196' title='bbox 1014 2086 1091 2126; x_wconf 90' lang='lat' dir='ltr'>sed</span> 
     </span>
     <span class='ocr_line' id='line_1_25' title="bbox 231 2115 1090 2196; baseline 0 -13"><span class='ocrx_word' id='word_1_197' title='bbox 231 2115 424 2183; x_wconf 80' lang='grc' dir='ltr'><em>τοιοῦτό</em></span> <span class='ocrx_word' id='word_1_198' title='bbox 439 2130 542 2181; x_wconf 76' lang='lat' dir='ltr'>cum</span> <span class='ocrx_word' id='word_1_199' title='bbox 561 2141 704 2183; x_wconf 88' lang='lat' dir='ltr'>dativo</span> <span class='ocrx_word' id='word_1_200' title='bbox 727 2143 919 2183; x_wconf 83' lang='lat' dir='ltr'>construi</span> <span class='ocrx_word' id='word_1_201' title='bbox 941 2150 1090 2196; x_wconf 85' lang='lat' dir='ltr'>postea</span> 
     </span>
     <span class='ocr_line' id='line_1_26' title="bbox 232 2196 1091 2249; baseline 0.001 -11"><span class='ocrx_word' id='word_1_202' title='bbox 232 2198 349 2239; x_wconf 86' lang='lat' dir='ltr'>idem</span> <span class='ocrx_word' id='word_1_203' title='bbox 370 2198 436 2237; x_wconf 89' lang='lat' dir='ltr'>vir</span> <span class='ocrx_word' id='word_1_204' title='bbox 457 2198 610 2239; x_wconf 89' lang='lat' dir='ltr'>doctus</span> <span class='ocrx_word' id='word_1_205' title='bbox 632 2196 705 2240; x_wconf 91' lang='lat' dir='ltr'>Gr.</span> <span class='ocrx_word' id='word_1_206' title='bbox 729 2197 799 2241; x_wconf 88' lang='lat' dir='ltr'>Gr.</span> <span class='ocrx_word' id='word_1_207' title='bbox 831 2200 872 2249; x_wconf 60' lang='grc' dir='ltr'>ὃ.</span> <span class='ocrx_word' id='word_1_208' title='bbox 897 2200 980 2242; x_wconf 86' lang='grc'>385</span> <span class='ocrx_word' id='word_1_209' title='bbox 1003 2207 1091 2244; x_wconf 78' lang='lat' dir='ltr'>not.</span> 
     </span>
     <span class='ocr_line' id='line_1_27' title="bbox 232 2255 615 2321; baseline 0.003 -27"><span class='ocrx_word' id='word_1_210' title='bbox 232 2267 268 2295; x_wconf 90' lang='lat' dir='ltr'>c.</span> <span class='ocrx_word' id='word_1_211' title='bbox 290 2262 407 2294; x_wconf 88' lang='lat' dir='ltr'>recte</span> <span class='ocrx_word' id='word_1_212' title='bbox 417 2255 615 2321; x_wconf 85' lang='lat' dir='ltr'>negavit.</span> 
     </span>
    </p>

    <p class='ocr_par' dir='ltr' id='par_1_8' title="bbox 230 2299 1091 3155">
     <span class='ocr_line' id='line_1_28' title="bbox 291 2299 1091 2366; baseline 0.001 -14"><span class='ocrx_word' id='word_1_213' title='bbox 291 2311 338 2352; x_wconf 86' lang='lat' dir='ltr'>C.</span> <span class='ocrx_word' id='word_1_214' title='bbox 371 2299 541 2360; x_wconf 81' lang='grc' dir='ltr'><em>οὗτος</em></span> <span class='ocrx_word' id='word_1_215' title='bbox 583 2323 686 2354; x_wconf 92' lang='grc' dir='ltr'><em>ουν</em></span> <span class='ocrx_word' id='word_1_216' title='bbox 728 2323 820 2353; x_wconf 92' lang='grc' dir='ltr'><em>σοι</em></span> <span class='ocrx_word' id='word_1_217' title='bbox 850 2305 874 2353; x_wconf 85' lang='lat'><em>6</em></span> <span class='ocrx_word' id='word_1_218' title='bbox 918 2304 1091 2366; x_wconf 86' lang='grc' dir='ltr'><em>λόγος</em></span> 
     </span>
     <span class='ocr_line' id='line_1_29' title="bbox 233 2360 1084 2423; baseline 0 -14"><span class='ocrx_word' id='word_1_219' title='bbox 233 2360 440 2421; x_wconf 80' lang='grc' dir='ltr'><em>ἐκείνῳ</em></span> <span class='ocrx_word' id='word_1_220' title='bbox 518 2366 633 2417; x_wconf 79' lang='grc' dir='ltr'>πῶς</span> <span class='ocrx_word' id='word_1_221' title='bbox 713 2361 1084 2423; x_wconf 72' lang='grc' dir='ltr'><em>ξυνάσεταις]</em></span> 
     </span>
     <span class='ocr_line' id='line_1_30' title="bbox 231 2424 1090 2478; baseline 0.002 -13"><span class='ocrx_word' id='word_1_222' title='bbox 231 2424 368 2465; x_wconf 87' lang='lat' dir='ltr'>Haec</span> <span class='ocrx_word' id='word_1_223' title='bbox 406 2424 579 2478; x_wconf 83' lang='lat' dir='ltr'>igitur</span> <span class='ocrx_word' id='word_1_224' title='bbox 613 2425 775 2474; x_wconf 87' lang='lat' dir='ltr'>ratio,</span> <span class='ocrx_word' id='word_1_225' title='bbox 806 2438 890 2477; x_wconf 89' lang='lat' dir='ltr'>qua</span> <span class='ocrx_word' id='word_1_226' title='bbox 919 2425 1090 2467; x_wconf 82' lang='lat' dir='ltr'>harmo-</span> 
     </span>
     <span class='ocr_line' id='line_1_31' title="bbox 233 2481 1091 2536; baseline 0.003 -16"><span class='ocrx_word' id='word_1_227' title='bbox 233 2481 346 2521; x_wconf 85' lang='lat' dir='ltr'>niam</span> <span class='ocrx_word' id='word_1_228' title='bbox 387 2482 587 2522; x_wconf 84' lang='lat' dir='ltr'>concedis</span> <span class='ocrx_word' id='word_1_229' title='bbox 627 2482 915 2536; x_wconf 85' lang='lat' dir='ltr'>compositum</span> <span class='ocrx_word' id='word_1_230' title='bbox 959 2483 1091 2534; x_wconf 90' lang='lat' dir='ltr'>quid-</span> 
     </span>
     <span class='ocr_line' id='line_1_32' title="bbox 234 2538 1091 2592; baseline 0.004 -15"><span class='ocrx_word' id='word_1_231' title='bbox 234 2538 334 2578; x_wconf 89' lang='lat' dir='ltr'>dam</span> <span class='ocrx_word' id='word_1_232' title='bbox 376 2550 473 2578; x_wconf 86' lang='lat' dir='ltr'>esse</span> <span class='ocrx_word' id='word_1_233' title='bbox 511 2538 697 2590; x_wconf 87' lang='lat' dir='ltr'>ideoque</span> <span class='ocrx_word' id='word_1_234' title='bbox 734 2539 875 2592; x_wconf 84' lang='lat' dir='ltr'>ipsam</span> <span class='ocrx_word' id='word_1_235' title='bbox 922 2539 1091 2592; x_wconf 87' lang='lat' dir='ltr'>largiris</span> 
     </span>
     <span class='ocr_line' id='line_1_33' title="bbox 233 2594 1088 2648; baseline 0.001 -15"><span class='ocrx_word' id='word_1_236' title='bbox 233 2606 319 2635; x_wconf 90' lang='lat' dir='ltr'>non</span> <span class='ocrx_word' id='word_1_237' title='bbox 337 2594 532 2647; x_wconf 88' lang='lat' dir='ltr'>potuisse</span> <span class='ocrx_word' id='word_1_238' title='bbox 554 2595 636 2636; x_wconf 86' lang='lat' dir='ltr'>illis</span> <span class='ocrx_word' id='word_1_239' title='bbox 657 2595 843 2648; x_wconf 87' lang='lat' dir='ltr'>priorem</span> <span class='ocrx_word' id='word_1_240' title='bbox 865 2596 1088 2646; x_wconf 83' lang='lat' dir='ltr'>exsistere,</span> 
     </span>
     <span class='ocr_line' id='line_1_34' title="bbox 233 2650 1086 2703; baseline 0.001 -14"><span class='ocrx_word' id='word_1_241' title='bbox 233 2650 348 2691; x_wconf 89' lang='lat' dir='ltr'>unde</span> <span class='ocrx_word' id='word_1_242' title='bbox 367 2651 464 2703; x_wconf 86' lang='lat' dir='ltr'>ipsa</span> <span class='ocrx_word' id='word_1_243' title='bbox 485 2659 578 2692; x_wconf 87' lang='lat' dir='ltr'>orta</span> <span class='ocrx_word' id='word_1_244' title='bbox 599 2658 674 2702; x_wconf 87' lang='lat' dir='ltr'>est,</span> <span class='ocrx_word' id='word_1_245' title='bbox 689 2663 750 2702; x_wconf 92' lang='lat' dir='ltr'>qu</span> <span class='ocrx_word' id='word_1_246' title='bbox 764 2664 839 2692; x_wconf 89' lang='lat' dir='ltr'>om</span> <span class='ocrx_word' id='word_1_247' title='bbox 853 2653 949 2693; x_wconf 89' lang='lat' dir='ltr'>odo</span> <span class='ocrx_word' id='word_1_248' title='bbox 972 2663 1086 2691; x_wconf 89' lang='lat' dir='ltr'>cum</span> 
     </span>
     <span class='ocr_line' id='line_1_35' title="bbox 231 2706 1090 2759; baseline 0.001 -14"><span class='ocrx_word' id='word_1_249' title='bbox 231 2706 327 2746; x_wconf 85' lang='lat' dir='ltr'>illa</span> <span class='ocrx_word' id='word_1_250' title='bbox 367 2708 640 2747; x_wconf 88' lang='lat' dir='ltr'>sententia</span> <span class='ocrx_word' id='word_1_251' title='bbox 681 2709 953 2756; x_wconf 83' lang='lat' dir='ltr'>concinet,</span> <span class='ocrx_word' id='word_1_252' title='bbox 1006 2719 1090 2759; x_wconf 88' lang='lat' dir='ltr'>qua</span> 
     </span>
     <span class='ocr_line' id='line_1_36' title="bbox 231 2762 1089 2815; baseline 0.001 -14"><span class='ocrx_word' id='word_1_253' title='bbox 231 2762 422 2801; x_wconf 89' lang='lat' dir='ltr'>animum</span> <span class='ocrx_word' id='word_1_254' title='bbox 452 2763 517 2803; x_wconf 91' lang='lat' dir='ltr'>vis</span> <span class='ocrx_word' id='word_1_255' title='bbox 549 2775 644 2803; x_wconf 87' lang='lat' dir='ltr'>esse</span> <span class='ocrx_word' id='word_1_256' title='bbox 671 2762 959 2815; x_wconf 81' lang='lat' dir='ltr'>harmoniam,</span> <span class='ocrx_word' id='word_1_257' title='bbox 993 2776 1089 2804; x_wconf 88' lang='lat' dir='ltr'>cum</span> 
     </span>
     <span class='ocr_line' id='line_1_37' title="bbox 230 2819 1090 2860; baseline 0 -2"><span class='ocrx_word' id='word_1_258' title='bbox 230 2826 372 2858; x_wconf 84' lang='lat' dir='ltr'>tamen</span> <span class='ocrx_word' id='word_1_259' title='bbox 415 2819 598 2858; x_wconf 90' lang='lat' dir='ltr'>eundem</span> <span class='ocrx_word' id='word_1_260' title='bbox 637 2831 815 2860; x_wconf 86' lang='lat' dir='ltr'>censeas</span> <span class='ocrx_word' id='word_1_261' title='bbox 855 2820 955 2860; x_wconf 91' lang='lat' dir='ltr'>olim</span> <span class='ocrx_word' id='word_1_262' title='bbox 1004 2820 1090 2859; x_wconf 84' lang='lat' dir='ltr'>iam</span> 
     </span>
     <span class='ocr_line' id='line_1_38' title="bbox 231 2875 1089 2928; baseline 0 -13"><span class='ocrx_word' id='word_1_263' title='bbox 231 2875 351 2928; x_wconf 85' lang='lat' dir='ltr'>prius</span> <span class='ocrx_word' id='word_1_264' title='bbox 375 2875 565 2928; x_wconf 82' lang='lat' dir='ltr'>viguisse</span> <span class='ocrx_word' id='word_1_265' title='bbox 587 2887 717 2925; x_wconf 90' lang='lat' dir='ltr'>quam</span> <span class='ocrx_word' id='word_1_266' title='bbox 747 2876 787 2915; x_wconf 92' lang='lat' dir='ltr'>in</span> <span class='ocrx_word' id='word_1_267' title='bbox 810 2875 892 2916; x_wconf 90' lang='lat' dir='ltr'>hoc</span> <span class='ocrx_word' id='word_1_268' title='bbox 911 2876 1089 2917; x_wconf 81' lang='lat' dir='ltr'>mortale</span> 
     </span>
     <span class='ocr_line' id='line_1_39' title="bbox 232 2932 1086 2985; baseline 0.002 -15"><span class='ocrx_word' id='word_1_269' title='bbox 232 2942 389 2985; x_wconf 89' lang='lat' dir='ltr'>corpus</span> <span class='ocrx_word' id='word_1_270' title='bbox 415 2932 606 2980; x_wconf 81' lang='lat' dir='ltr'>intraret,</span> <span class='ocrx_word' id='word_1_271' title='bbox 638 2932 754 2972; x_wconf 88' lang='lat' dir='ltr'>unde</span> <span class='ocrx_word' id='word_1_272' title='bbox 773 2933 861 2971; x_wconf 89' lang='lat' dir='ltr'>vim</span> <span class='ocrx_word' id='word_1_273' title='bbox 892 2945 941 2972; x_wconf 84' lang='lat' dir='ltr'>ac</span> <span class='ocrx_word' id='word_1_274' title='bbox 963 2940 1086 2972; x_wconf 89' lang='lat' dir='ltr'>natu-</span> 
     </span>
     <span class='ocr_line' id='line_1_40' title="bbox 231 2987 1088 3041; baseline 0.001 -14"><span class='ocrx_word' id='word_1_275' title='bbox 231 2998 323 3027; x_wconf 87' lang='lat' dir='ltr'>ram</span> <span class='ocrx_word' id='word_1_276' title='bbox 351 2988 444 3028; x_wconf 89' lang='lat' dir='ltr'>eius</span> <span class='ocrx_word' id='word_1_277' title='bbox 473 2988 515 3028; x_wconf 88' lang='lat' dir='ltr'>in</span> <span class='ocrx_word' id='word_1_278' title='bbox 546 2987 770 3029; x_wconf 86' lang='lat' dir='ltr'>harmonia</span> <span class='ocrx_word' id='word_1_279' title='bbox 805 2989 990 3041; x_wconf 85' lang='lat' dir='ltr'>positam</span> <span class='ocrx_word' id='word_1_280' title='bbox 1018 3002 1088 3029; x_wconf 93' lang='lat' dir='ltr'>re-</span> 
     </span>
     <span class='ocr_line' id='line_1_41' title="bbox 232 3045 1086 3109; baseline 0.002 -25"><span class='ocrx_word' id='word_1_281' title='bbox 232 3045 463 3109; x_wconf 89' lang='lat' dir='ltr'>petendam</span> <span class='ocrx_word' id='word_1_282' title='bbox 503 3057 598 3086; x_wconf 86' lang='lat' dir='ltr'>esse</span> <span class='ocrx_word' id='word_1_283' title='bbox 639 3045 886 3085; x_wconf 76' lang='lat' dir='ltr'>arbitraris?</span> <span class='ocrx_word' id='word_1_284' title='bbox 945 3046 1006 3085; x_wconf 91' lang='lat' dir='ltr'>De</span> <span class='ocrx_word' id='word_1_285' title='bbox 1047 3059 1086 3089; x_wconf 87' lang='lat' dir='ltr'>v.</span> 
     </span>
     <span class='ocr_line' id='line_1_42' title="bbox 233 3093 999 3166; baseline 0 -25"><span class='ocrx_word' id='word_1_286' title='bbox 233 3093 467 3165; x_wconf 75' lang='grc' dir='ltr'><em>συνᾴδειν</em></span> <span class='ocrx_word' id='word_1_287' title='bbox 488 3100 604 3143; x_wconf 83' lang='lat' dir='ltr'>conf.</span> <span class='ocrx_word' id='word_1_288' title='bbox 626 3102 755 3166; x_wconf 86' lang='lat' dir='ltr'>Gorg.</span> <span class='ocrx_word' id='word_1_289' title='bbox 778 3114 819 3155; x_wconf 93' lang='lat' dir='ltr'>p.</span> <span class='ocrx_word' id='word_1_290' title='bbox 841 3103 925 3143; x_wconf 89' lang='grc'>461</span> <span class='ocrx_word' id='word_1_291' title='bbox 949 3102 999 3142; x_wconf 93' lang='lat' dir='ltr'>A.</span> 
     </span>
    </p>

    <p class='ocr_par' dir='ltr' id='par_1_9' title="bbox 221 3144 1087 3312">
     <span class='ocr_line' id='line_1_43' title="bbox 221 3144 1087 3223; baseline 0.001 -25"><span class='ocrx_word' id='word_1_292' title='bbox 221 3203 245 3222; x_wconf 53' lang='lat'>‘-</span> <span class='ocrx_word' id='word_1_293' title='bbox 290 3144 394 3199; x_wconf 80' lang='grc' dir='ltr'><em>οδε</em></span> <span class='ocrx_word' id='word_1_294' title='bbox 434 3171 537 3210; x_wconf 87' lang='grc' dir='ltr'>μεν</span> <span class='ocrx_word' id='word_1_295' title='bbox 574 3151 680 3213; x_wconf 82' lang='grc' dir='ltr'><em>γάρ</em></span> <span class='ocrx_word' id='word_1_296' title='bbox 719 3170 819 3223; x_wconf 82' lang='grc' dir='ltr'><em>μοι</em></span> <span class='ocrx_word' id='word_1_297' title='bbox 859 3157 976 3212; x_wconf 85' lang='grc' dir='ltr'><em>γέγ.</em></span> <span class='ocrx_word' id='word_1_298' title='bbox 995 3156 1087 3210; x_wconf 87' lang='lat'>.-]</span> 
     </span>
     <span class='ocr_line' id='line_1_44' title="bbox 233 3205 1085 3255; baseline -0.001 0.005"><span class='ocrx_word' id='word_1_299' title='bbox 233 3205 339 3255; x_wconf 80' lang='grc' dir='ltr'><em>Όὸε</em></span> <span class='ocrx_word' id='word_1_300' title='bbox 369 3226 428 3254; x_wconf 88' lang='lat' dir='ltr'>sc.</span> <span class='ocrx_word' id='word_1_301' title='bbox 461 3227 555 3255; x_wconf 90' lang='lat' dir='ltr'>cum</span> <span class='ocrx_word' id='word_1_302' title='bbox 585 3215 677 3255; x_wconf 83' lang='lat' dir='ltr'>dixi</span> <span class='ocrx_word' id='word_1_303' title='bbox 705 3215 894 3255; x_wconf 88' lang='lat' dir='ltr'>animum</span> <span class='ocrx_word' id='word_1_304' title='bbox 915 3214 1085 3255; x_wconf 86' lang='lat' dir='ltr'>harmo-</span> 
     </span>
     <span class='ocr_line' id='line_1_45' title="bbox 234 3270 548 3313; baseline 0.007 -4"><span class='ocrx_word' id='word_1_305' title='bbox 234 3270 306 3310; x_wconf 90' lang='lat' dir='ltr'>nia</span> <span class='ocrx_word' id='word_1_306' title='bbox 327 3271 548 3313; x_wconf 82' lang='lat' dir='ltr'>contineri.</span> 
     </span>
    </p>

    <p class='ocr_par' dir='ltr' id='par_1_10' title="bbox 232 3320 1088 3484">
     <span class='ocr_line' id='line_1_46' title="bbox 291 3320 1088 3380; baseline 0 -12"><span class='ocrx_word' id='word_1_307' title='bbox 291 3320 434 3380; x_wconf 77' lang='grc' dir='ltr'><em>μετὰ</em></span> <span class='ocrx_word' id='word_1_308' title='bbox 467 3322 696 3376; x_wconf 78' lang='grc' dir='ltr'><em>εἰκότος</em></span> <span class='ocrx_word' id='word_1_309' title='bbox 725 3341 766 3368; x_wconf 81' lang='grc' dir='ltr'>κ.</span> <span class='ocrx_word' id='word_1_310' title='bbox 791 3340 830 3368; x_wconf 86' lang='grc' dir='ltr'>τ.</span> <span class='ocrx_word' id='word_1_311' title='bbox 855 3325 913 3379; x_wconf 92' lang='grc' dir='ltr'>λ.]</span> <span class='ocrx_word' id='word_1_312' title='bbox 936 3328 1012 3367; x_wconf 86' lang='lat' dir='ltr'>ita</span> <span class='ocrx_word' id='word_1_313' title='bbox 1036 3335 1088 3368; x_wconf 86' lang='lat' dir='ltr'>ut</span> 
     </span>
     <span class='ocr_line' id='line_1_47' title="bbox 234 3383 1084 3435; baseline 0.001 -12"><span class='ocrx_word' id='word_1_314' title='bbox 234 3395 492 3435; x_wconf 80' lang='lat' dir='ltr'>sequerer</span> <span class='ocrx_word' id='word_1_315' title='bbox 528 3383 1084 3433; x_wconf 88' lang='lat' dir='ltr'>verisimilitudinem,</span> 
     </span>
     <span class='ocr_line' id='line_1_48' title="bbox 232 3438 1084 3484; baseline 0.002 -5"><span class='ocrx_word' id='word_1_316' title='bbox 232 3438 275 3484; x_wconf 88' lang='lat' dir='ltr'>h.</span> <span class='ocrx_word' id='word_1_317' title='bbox 300 3452 338 3481; x_wconf 85' lang='lat' dir='ltr'>e.</span> <span class='ocrx_word' id='word_1_318' title='bbox 374 3442 582 3482; x_wconf 82' lang='lat' dir='ltr'>rationem</span> <span class='ocrx_word' id='word_1_319' title='bbox 612 3454 637 3481; x_wconf 86' lang='lat' dir='ltr'>a</span> <span class='ocrx_word' id='word_1_320' title='bbox 665 3440 941 3482; x_wconf 85' lang='lat' dir='ltr'>similitudine</span> <span class='ocrx_word' id='word_1_321' title='bbox 982 3442 1084 3482; x_wconf 85' lang='lat' dir='ltr'>duc-</span> 
     </span>
    </p>
   </div>
   <div class='ocr_carea' id='block_1_6' title="bbox 1173 1916 2035 3439">
    <p class='ocr_par' dir='ltr' id='par_1_11' title="bbox 1173 1916 2035 3439">
     <span class='ocr_line' id='line_1_49' title="bbox 1176 1916 2031 1981; baseline 0.001 -25"><span class='ocrx_word' id='word_1_322' title='bbox 1176 1925 1284 1968; x_wconf 86' lang='lat' dir='ltr'>tam,</span> <span class='ocrx_word' id='word_1_323' title='bbox 1337 1923 1385 1957; x_wconf 90' lang='lat' dir='ltr'>et</span> <span class='ocrx_word' id='word_1_324' title='bbox 1400 1916 1692 1981; x_wconf 80' lang='lat' dir='ltr'>speciem3</span> <span class='ocrx_word' id='word_1_325' title='bbox 1753 1929 1846 1981; x_wconf 88' lang='lat' dir='ltr'>ego</span> <span class='ocrx_word' id='word_1_326' title='bbox 1902 1929 2031 1958; x_wconf 88' lang='lat' dir='ltr'>vero</span> 
     </span>
     <span class='ocr_line' id='line_1_50' title="bbox 1177 1965 2034 2022; baseline 0.001 -9"><span class='ocrx_word' id='word_1_327' title='bbox 1177 1974 1302 2013; x_wconf 91' lang='lat' dir='ltr'>novi</span> <span class='ocrx_word' id='word_1_328' title='bbox 1330 1965 1444 2021; x_wconf 80' lang='grc' dir='ltr'><em>τούς</em></span> <span class='ocrx_word' id='word_1_329' title='bbox 1474 1965 1558 2013; x_wconf 79' lang='grc' dir='ltr'><em>διὰ</em></span> <span class='ocrx_word' id='word_1_330' title='bbox 1589 1972 1684 2015; x_wconf 80' lang='grc' dir='ltr'>τῶν</span> <span class='ocrx_word' id='word_1_331' title='bbox 1716 1966 1912 2014; x_wconf 80' lang='grc' dir='ltr'><em>εἰκότων</em></span> <span class='ocrx_word' id='word_1_332' title='bbox 1946 1986 2034 2022; x_wconf 86' lang='grc' dir='ltr'>τας</span> 
     </span>
     <span class='ocr_line' id='line_1_51' title="bbox 1177 2021 2033 2094; baseline -0.001 -23"><span class='ocrx_word' id='word_1_333' title='bbox 1177 2021 1454 2082; x_wconf 78' lang='grc' dir='ltr'><em>ἀποδείξεις</em></span> <span class='ocrx_word' id='word_1_334' title='bbox 1493 2025 1812 2094; x_wconf 78' lang='grc' dir='ltr'><em>ποιουμένους</em></span> <span class='ocrx_word' id='word_1_335' title='bbox 1847 2022 2033 2083; x_wconf 78' lang='grc' dir='ltr'><em>λόγους,</em></span> 
     </span>
     <span class='ocr_line' id='line_1_52' title="bbox 1179 2086 2032 2140; baseline 0 -13"><span class='ocrx_word' id='word_1_336' title='bbox 1179 2086 1610 2140; x_wconf 86' lang='lat' dir='ltr'>disputationes,</span> <span class='ocrx_word' id='word_1_337' title='bbox 1639 2086 1688 2126; x_wconf 90' lang='lat' dir='ltr'>in</span> <span class='ocrx_word' id='word_1_338' title='bbox 1720 2087 1910 2138; x_wconf 83' lang='lat' dir='ltr'>quibus</span> <span class='ocrx_word' id='word_1_339' title='bbox 1940 2087 2032 2127; x_wconf 86' lang='lat' dir='ltr'>ad·</span> 
     </span>
     <span class='ocr_line' id='line_1_53' title="bbox 1177 2142 2035 2184; baseline 0.001 -2"><span class='ocrx_word' id='word_1_340' title='bbox 1177 2142 1436 2184; x_wconf 88' lang='lat' dir='ltr'>hibentur</span> <span class='ocrx_word' id='word_1_341' title='bbox 1475 2143 1968 2183; x_wconf 86' lang='lat' dir='ltr'>demonstrationes</span> <span class='ocrx_word' id='word_1_342' title='bbox 2009 2154 2035 2183; x_wconf 85' lang='lat' dir='ltr'>a</span> 
     </span>
     <span class='ocr_line' id='line_1_54' title="bbox 1178 2199 2035 2250; baseline -0.001 -10"><span class='ocrx_word' id='word_1_343' title='bbox 1178 2199 1578 2241; x_wconf 87' lang='lat' dir='ltr'>verisimilibus</span> <span class='ocrx_word' id='word_1_344' title='bbox 1638 2199 1850 2250; x_wconf 89' lang='lat' dir='ltr'>ductae,</span> <span class='ocrx_word' id='word_1_345' title='bbox 1914 2211 2035 2240; x_wconf 86' lang='lat' dir='ltr'>esse</span> 
     </span>
     <span class='ocr_line' id='line_1_55' title="bbox 1180 2255 2033 2308; baseline -0.001 -10.956"><span class='ocrx_word' id='word_1_346' title='bbox 1180 2268 1369 2308; x_wconf 89' lang='lat' dir='ltr'>vanas,</span> <span class='ocrx_word' id='word_1_347' title='bbox 1413 2264 1483 2308; x_wconf 88' lang='lat' dir='ltr'>et,</span> <span class='ocrx_word' id='word_1_348' title='bbox 1526 2255 1630 2296; x_wconf 89' lang='lat' dir='ltr'>nisi</span> <span class='ocrx_word' id='word_1_349' title='bbox 1675 2256 1790 2306; x_wconf 84' lang='lat' dir='ltr'>quis</span> <span class='ocrx_word' id='word_1_350' title='bbox 1832 2255 1933 2296; x_wconf 90' lang='lat' dir='ltr'>sibi</span> <span class='ocrx_word' id='word_1_351' title='bbox 1972 2256 2033 2296; x_wconf 87' lang='lat' dir='ltr'>ab</span> 
     </span>
     <span class='ocr_line' id='line_1_56' title="bbox 1178 2311 2034 2363; baseline -0.002 -9"><span class='ocrx_word' id='word_1_352' title='bbox 1178 2314 1245 2354; x_wconf 84' lang='lat' dir='ltr'>iis</span> <span class='ocrx_word' id='word_1_353' title='bbox 1278 2319 1487 2363; x_wconf 85' lang='lat' dir='ltr'>caveat,</span> <span class='ocrx_word' id='word_1_354' title='bbox 1521 2312 1684 2352; x_wconf 84' lang='lat' dir='ltr'>facile</span> <span class='ocrx_word' id='word_1_355' title='bbox 1713 2313 1765 2352; x_wconf 92' lang='lat' dir='ltr'>in</span> <span class='ocrx_word' id='word_1_356' title='bbox 1787 2311 2034 2353; x_wconf 83' lang='lat' dir='ltr'>fraudem</span> 
     </span>
     <span class='ocr_line' id='line_1_57' title="bbox 1177 2362 2034 2411; baseline -0.002 -1"><span class='ocrx_word' id='word_1_357' title='bbox 1177 2371 1455 2411; x_wconf 88' lang='lat' dir='ltr'>inducere.</span> <span class='ocrx_word' id='word_1_358' title='bbox 1497 2369 1558 2409; x_wconf 92' lang='lat' dir='ltr'>De</span> <span class='ocrx_word' id='word_1_359' title='bbox 1587 2366 1681 2410; x_wconf 80' lang='grc' dir='ltr'>τῶν</span> <span class='ocrx_word' id='word_1_360' title='bbox 1711 2362 1910 2410; x_wconf 80' lang='grc' dir='ltr'><em>εἰκότων</em></span> <span class='ocrx_word' id='word_1_361' title='bbox 1951 2381 2034 2410; x_wconf 85' lang='lat' dir='ltr'>usn</span> 
     </span>
     <span class='ocr_line' id='line_1_58' title="bbox 1179 2424 2034 2492; baseline 0 -25"><span class='ocrx_word' id='word_1_362' title='bbox 1179 2427 1370 2480; x_wconf 87' lang='lat' dir='ltr'>disputat</span> <span class='ocrx_word' id='word_1_363' title='bbox 1389 2424 1672 2480; x_wconf 86' lang='lat' dir='ltr'>philosophus</span> <span class='ocrx_word' id='word_1_364' title='bbox 1693 2425 1874 2469; x_wconf 85' lang='lat' dir='ltr'>Phaedr.</span> <span class='ocrx_word' id='word_1_365' title='bbox 1894 2437 1938 2492; x_wconf 82' lang='lat' dir='ltr'>p.</span> <span class='ocrx_word' id='word_1_366' title='bbox 1950 2426 2034 2467; x_wconf 87' lang='lat'>353</span> 
     </span>
     <span class='ocr_line' id='line_1_59' title="bbox 1178 2474 2034 2535; baseline -0.001 -11"><span class='ocrx_word' id='word_1_367' title='bbox 1178 2483 1226 2527; x_wconf 91' lang='lat' dir='ltr'>B.</span> <span class='ocrx_word' id='word_1_368' title='bbox 1261 2482 1419 2526; x_wconf 82' lang='lat' dir='ltr'>355E.</span> <span class='ocrx_word' id='word_1_369' title='bbox 1461 2482 1586 2531; x_wconf 86' lang='lat' dir='ltr'>Quod</span> <span class='ocrx_word' id='word_1_370' title='bbox 1626 2493 1727 2523; x_wconf 81' lang='lat' dir='ltr'>vero</span> <span class='ocrx_word' id='word_1_371' title='bbox 1771 2474 2034 2535; x_wconf 79' lang='grc' dir='ltr'><em>εὖπρεπεια</em></span> 
     </span>
     <span class='ocr_line' id='line_1_60' title="bbox 1179 2538 2033 2645; baseline -0.004 -65"><span class='ocrx_word' id='word_1_372' title='bbox 1179 2541 1233 2580; x_wconf 88' lang='lat' dir='ltr'>de</span> <span class='ocrx_word' id='word_1_373' title='bbox 1260 2539 1655 2603; x_wconf 80' lang='lat' dir='ltr'>probabilitate</span> <span class='ocrx_word' id='word_1_374' title='bbox 1683 2546 1732 2578; x_wconf 93' lang='lat' dir='ltr'>et</span> <span class='ocrx_word' id='word_1_375' title='bbox 1744 2538 2033 2645; x_wconf 31' lang='lat' dir='ltr'>verisimi—</span> 
     </span>
     <span class='ocr_line' id='line_1_61' title="bbox 1176 2594 2033 2648; baseline -0.002 -12"><span class='ocrx_word' id='word_1_376' title='bbox 1176 2596 1433 2637; x_wconf 88' lang='lat' dir='ltr'>litudinis</span> <span class='ocrx_word' id='word_1_377' title='bbox 1462 2595 1642 2648; x_wconf 89' lang='lat' dir='ltr'>specie</span> <span class='ocrx_word' id='word_1_378' title='bbox 1670 2594 1805 2635; x_wconf 88' lang='lat' dir='ltr'>dicitu</span> <span class='ocrx_word' id='word_1_379' title='bbox 1882 2594 2033 2634; x_wconf 87' lang='lat' dir='ltr'>eodem</span> 
     </span>
     <span class='ocr_line' id='line_1_62' title="bbox 1175 2642 2034 2716; baseline 0 -23"><span class='ocrx_word' id='word_1_380' title='bbox 1175 2653 1302 2693; x_wconf 90' lang='lat' dir='ltr'>modo</span> <span class='ocrx_word' id='word_1_381' title='bbox 1342 2651 1478 2692; x_wconf 86' lang='lat' dir='ltr'>Thuc.</span> <span class='ocrx_word' id='word_1_382' title='bbox 1507 2652 1581 2694; x_wconf 90' lang='lat'>111.</span> <span class='ocrx_word' id='word_1_383' title='bbox 1610 2652 1665 2691; x_wconf 89' lang='grc'>38</span> <span class='ocrx_word' id='word_1_384' title='bbox 1705 2642 1758 2691; x_wconf 81' lang='grc' dir='ltr'><em>τὸ</em></span> <span class='ocrx_word' id='word_1_385' title='bbox 1801 2643 2034 2716; x_wconf 70' lang='grc' dir='ltr'><em>ευπρεπὶς</em></span> 
     </span>
     <span class='ocr_line' id='line_1_63' title="bbox 1175 2699 2035 2774; baseline 0 -25"><span class='ocrx_word' id='word_1_386' title='bbox 1175 2707 1263 2749; x_wconf 81' lang='grc' dir='ltr'><em>τοῦ</em></span> <span class='ocrx_word' id='word_1_387' title='bbox 1303 2701 1447 2773; x_wconf 89' lang='grc' dir='ltr'><em>λόγου</em></span> <span class='ocrx_word' id='word_1_388' title='bbox 1487 2699 1755 2760; x_wconf 75' lang='grc' dir='ltr'><em>ἐκπονήσας</em></span> <span class='ocrx_word' id='word_1_389' title='bbox 1794 2701 2035 2774; x_wconf 83' lang='grc' dir='ltr'><em>παράγειν</em></span> 
     </span>
     <span class='ocr_line' id='line_1_64' title="bbox 1175 2755 2033 2818; baseline -0.002 -12"><span class='ocrx_word' id='word_1_390' title='bbox 1175 2757 1474 2818; x_wconf 84' lang='grc' dir='ltr'><em>πειράσεται.</em></span> <span class='ocrx_word' id='word_1_391' title='bbox 1517 2763 1623 2806; x_wconf 84' lang='lat' dir='ltr'>lbid.</span> <span class='ocrx_word' id='word_1_392' title='bbox 1666 2764 1737 2805; x_wconf 87' lang='lat'><em>111.</em></span> <span class='ocrx_word' id='word_1_393' title='bbox 1771 2764 1822 2803; x_wconf 83' lang='lat'>11</span> <span class='ocrx_word' id='word_1_394' title='bbox 1865 2755 2033 2817; x_wconf 79' lang='grc' dir='ltr'><em>εὐπρέ·</em></span> 
     </span>
     <span class='ocr_line' id='line_1_65' title="bbox 1176 2813 2034 2873; baseline -0.003 -11"><span class='ocrx_word' id='word_1_395' title='bbox 1176 2833 1290 2862; x_wconf 89' lang='grc' dir='ltr'><em>πεια</em></span> <span class='ocrx_word' id='word_1_396' title='bbox 1330 2820 1415 2861; x_wconf 84' lang='grc' dir='ltr'><em>τοῦ</em></span> <span class='ocrx_word' id='word_1_397' title='bbox 1458 2813 1615 2873; x_wconf 87' lang='grc' dir='ltr'><em>λόγου.</em></span> <span class='ocrx_word' id='word_1_398' title='bbox 1665 2819 1761 2859; x_wconf 90' lang='lat' dir='ltr'>Alia</span> <span class='ocrx_word' id='word_1_399' title='bbox 1800 2819 1928 2860; x_wconf 87' lang='lat' dir='ltr'>huius</span> <span class='ocrx_word' id='word_1_400' title='bbox 1969 2820 2034 2860; x_wconf 90' lang='lat' dir='ltr'>lo-</span> 
     </span>
     <span class='ocr_line' id='line_1_66' title="bbox 1176 2834 2031 2930; baseline 0 -13"><span class='ocrx_word' id='word_1_401' title='bbox 1176 2877 1338 2929; x_wconf 79' lang='lat' dir='ltr'>quendi</span> <span class='ocrx_word' id='word_1_402' title='bbox 1381 2888 1486 2917; x_wconf 82' lang='lat' dir='ltr'>usus</span> <span class='ocrx_word' id='word_1_403' title='bbox 1513 2834 1734 2930; x_wconf 60' lang='lat' dir='ltr'>yexempla</span> <span class='ocrx_word' id='word_1_404' title='bbox 1780 2875 1925 2916; x_wconf 91' lang='lat' dir='ltr'>Held.</span> <span class='ocrx_word' id='word_1_405' title='bbox 1974 2876 2031 2917; x_wconf 80' lang='lat' dir='ltr'>ad</span> 
     </span>
     <span class='ocr_line' id='line_1_67' title="bbox 1174 2932 2030 2986; baseline -0.001 -12"><span class='ocrx_word' id='word_1_406' title='bbox 1174 2934 1287 2974; x_wconf 87' lang='lat' dir='ltr'>Plut.</span> <span class='ocrx_word' id='word_1_407' title='bbox 1329 2934 1437 2976; x_wconf 91' lang='lat' dir='ltr'>Tim.</span> <span class='ocrx_word' id='word_1_408' title='bbox 1479 2932 1553 2973; x_wconf 92' lang='lat' dir='ltr'>IX.</span> <span class='ocrx_word' id='word_1_409' title='bbox 1595 2945 1639 2986; x_wconf 90' lang='lat' dir='ltr'>p.</span> <span class='ocrx_word' id='word_1_410' title='bbox 1671 2933 1755 2974; x_wconf 88' lang='grc'>360</span> <span class='ocrx_word' id='word_1_411' title='bbox 1794 2933 2030 2986; x_wconf 85' lang='lat' dir='ltr'>congessit.</span> 
     </span>
     <span class='ocr_line' id='line_1_68' title="bbox 1174 2982 2028 3040; baseline -0.001 -10"><span class='ocrx_word' id='word_1_412' title='bbox 1174 2990 1280 3030; x_wconf 91' lang='lat' dir='ltr'>Dein</span> <span class='ocrx_word' id='word_1_413' title='bbox 1321 2982 1511 3040; x_wconf 78' lang='grc' dir='ltr'><em>ἀλαζών</em></span> <span class='ocrx_word' id='word_1_414' title='bbox 1552 2997 1618 3029; x_wconf 83' lang='lat' dir='ltr'>est</span> <span class='ocrx_word' id='word_1_415' title='bbox 1662 2988 1847 3030; x_wconf 78' lang='lat' dir='ltr'>fallax,</span> <span class='ocrx_word' id='word_1_416' title='bbox 1918 2989 2028 3033; x_wconf 88' lang='lat' dir='ltr'>Tim.</span> 
     </span>
     <span class='ocr_line' id='line_1_69' title="bbox 1176 3038 2030 3099; baseline 0 -12"><span class='ocrx_word' id='word_1_417' title='bbox 1176 3047 1315 3089; x_wconf 86' lang='lat' dir='ltr'>Gloss.</span> <span class='ocrx_word' id='word_1_418' title='bbox 1356 3059 1400 3099; x_wconf 86' lang='lat' dir='ltr'>p.</span> <span class='ocrx_word' id='word_1_419' title='bbox 1431 3048 1486 3087; x_wconf 77' lang='lat'>22</span> <span class='ocrx_word' id='word_1_420' title='bbox 1527 3038 1774 3096; x_wconf 77' lang='grc' dir='ltr'><em>ἀλαζών·</em></span> <span class='ocrx_word' id='word_1_421' title='bbox 1823 3039 2030 3099; x_wconf 80' lang='grc' dir='ltr'><em>ψευδής,</em></span> 
     </span>
     <span class='ocr_line' id='line_1_70' title="bbox 1173 3102 2033 3144; baseline -0.002 -1"><span class='ocrx_word' id='word_1_422' title='bbox 1173 3104 1248 3144; x_wconf 91' lang='lat' dir='ltr'>ubi</span> <span class='ocrx_word' id='word_1_423' title='bbox 1277 3116 1316 3142; x_wconf 94' lang='lat' dir='ltr'>v.</span> <span class='ocrx_word' id='word_1_424' title='bbox 1341 3103 1615 3143; x_wconf 88' lang='lat' dir='ltr'>Ruhnken.</span> <span class='ocrx_word' id='word_1_425' title='bbox 1644 3102 1740 3142; x_wconf 88' lang='lat' dir='ltr'>coll.</span> <span class='ocrx_word' id='word_1_426' title='bbox 1764 3102 2033 3142; x_wconf 87' lang='lat' dir='ltr'>Hemster-</span> 
     </span>
     <span class='ocr_line' id='line_1_71' title="bbox 1175 3151 2028 3210; baseline 0 -11"><span class='ocrx_word' id='word_1_427' title='bbox 1175 3159 1288 3201; x_wconf 87' lang='lat' dir='ltr'>hus.</span> <span class='ocrx_word' id='word_1_428' title='bbox 1301 3159 1542 3202; x_wconf 88' lang='lat' dir='ltr'>adLucian.</span> <span class='ocrx_word' id='word_1_429' title='bbox 1556 3159 1665 3199; x_wconf 87' lang='lat' dir='ltr'>Dial.</span> <span class='ocrx_word' id='word_1_430' title='bbox 1675 3157 1798 3199; x_wconf 88' lang='lat' dir='ltr'>Mort.</span> <span class='ocrx_word' id='word_1_431' title='bbox 1810 3158 1879 3202; x_wconf 89' lang='grc'>38.</span> <span class='ocrx_word' id='word_1_432' title='bbox 1905 3151 2028 3210; x_wconf 80' lang='grc' dir='ltr'><em>ξύν-</em></span> 
     </span>
     <span class='ocr_line' id='line_1_72' title="bbox 1177 3204 2031 3267; baseline -0.005 -10"><span class='ocrx_word' id='word_1_433' title='bbox 1177 3214 1312 3257; x_wconf 82' lang='grc' dir='ltr'><em>οιδα</em></span> <span class='ocrx_word' id='word_1_434' title='bbox 1353 3204 1520 3257; x_wconf 80' lang='grc' dir='ltr'><em>οὖσιν</em></span> <span class='ocrx_word' id='word_1_435' title='bbox 1560 3207 1828 3267; x_wconf 83' lang='grc' dir='ltr'><em>ἀλαζόσι,</em></span> <span class='ocrx_word' id='word_1_436' title='bbox 1865 3214 2031 3267; x_wconf 89' lang='lat' dir='ltr'>probe</span> 
     </span>
     <span class='ocr_line' id='line_1_73' title="bbox 1177 3270 2030 3313; baseline -0.002 -1"><span class='ocrx_word' id='word_1_437' title='bbox 1177 3274 1288 3313; x_wconf 91' lang='lat' dir='ltr'>scio</span> <span class='ocrx_word' id='word_1_438' title='bbox 1313 3271 1702 3313; x_wconf 84' lang='lat' dir='ltr'>essefallaces.</span> <span class='ocrx_word' id='word_1_439' title='bbox 1745 3270 2030 3312; x_wconf 73' lang='grc' dir='ltr'><em>Νειῐῐισυνει·</em></span> 
     </span>
     <span class='ocr_line' id='line_1_74' title="bbox 1176 3325 2028 3382; baseline -0.004 -12"><span class='ocrx_word' id='word_1_440' title='bbox 1176 3325 1315 3371; x_wconf 64' lang='lat' dir='ltr'>&amp;svm</span> <span class='ocrx_word' id='word_1_441' title='bbox 1336 3328 1438 3371; x_wconf 88' lang='grc' dir='ltr'><em>τινί</em></span> <span class='ocrx_word' id='word_1_442' title='bbox 1453 3343 1514 3382; x_wconf 86' lang='grc' dir='ltr'>τι,</span> <span class='ocrx_word' id='word_1_443' title='bbox 1538 3327 1745 3378; x_wconf 85' lang='lat' dir='ltr'>aliquid</span> <span class='ocrx_word' id='word_1_444' title='bbox 1766 3327 1824 3366; x_wconf 85' lang='lat' dir='ltr'>de</span> <span class='ocrx_word' id='word_1_445' title='bbox 1846 3326 2028 3379; x_wconf 88' lang='lat' dir='ltr'>aliquo</span> 
     </span>
     <span class='ocr_line' id='line_1_75' title="bbox 1176 3383 2028 3439; baseline -0.005 -13"><span class='ocrx_word' id='word_1_446' title='bbox 1176 3386 1342 3439; x_wconf 88' lang='lat' dir='ltr'>scire,</span> <span class='ocrx_word' id='word_1_447' title='bbox 1373 3386 1532 3426; x_wconf 84' lang='lat' dir='ltr'>rariore</span> <span class='ocrx_word' id='word_1_448' title='bbox 1554 3397 1633 3425; x_wconf 89' lang='lat' dir='ltr'>usu</span> <span class='ocrx_word' id='word_1_449' title='bbox 1654 3383 1838 3437; x_wconf 81' lang='lat' dir='ltr'>ponitur,</span> <span class='ocrx_word' id='word_1_450' title='bbox 1870 3383 1923 3423; x_wconf 90' lang='lat' dir='ltr'>de</span> <span class='ocrx_word' id='word_1_451' title='bbox 1946 3394 2028 3435; x_wconf 91' lang='lat' dir='ltr'>quo</span> 
     </span>
    </p>
   </div>
   <div class='ocr_carea' id='block_1_7' title="bbox 1174 3439 1800 3495">
    <p class='ocr_par' dir='ltr' id='par_1_12' title="bbox 1174 3439 1800 3495">
     <span class='ocr_line' id='line_1_76' title="bbox 1174 3439 1800 3495; baseline -0.006 -13"><span class='ocrx_word' id='word_1_452' title='bbox 1174 3455 1215 3484; x_wconf 91' lang='lat' dir='ltr'>v.</span> <span class='ocrx_word' id='word_1_453' title='bbox 1237 3440 1607 3495; x_wconf 73' lang='lat' dir='ltr'>Wytteubach.</span> <span class='ocrx_word' id='word_1_454' title='bbox 1630 3441 1685 3480; x_wconf 89' lang='lat' dir='ltr'>ad</span> <span class='ocrx_word' id='word_1_455' title='bbox 1706 3439 1750 3483; x_wconf 86' lang='lat' dir='ltr'>h.</span> <span class='ocrx_word' id='word_1_456' title='bbox 1772 3440 1800 3479; x_wconf 90' lang='lat' dir='ltr'>l.</span> 
     </span>
    </p>
   </div>
  </div>
 </body>
</html>
