2158 3718
383 115 489 164 128
1016 117 1435 168 PLATONIS

502 254 642 335 Cap.
692 255 924 316 XXIII.

378 341 595 410 θνητός
612 366 628 410 ς
651 338 889 399 ‘'Halm-02
934 364 1016 410 γε.

965 263 1083 314 .’Τι’
1129 252 1231 315 οὖν
1272 257 1396 327 ἄν,
1424 266 1594 338 ἔφην,
1651 262 1734 330 εἴη
1794 261 1825 318 ὁ
1858 260 2067 336 ’Έρωςς

1076 341 1242 398 Ἀλλὰ
1287 349 1344 399 τί
1381 345 1526 417 μήν;
1555 343 1761 420 ’Ώςπερ
1803 344 1876 402 τὰ
1923 349 2062 418 πρό-

379 446 542 499 τερα,
588 431 722 502 ἔφη,
764 424 967 499 μεταξὺ
1012 430 1236 494 θνητοῦ
1279 431 1374 484 καὶ
1415 429 1738 486 ἀθανάτου.
1830 435 1898 487 Τι’
1941 424 2059 498 οὖν,

377 502 418 564 ὦ
462 515 729 581 Λιοτι’μα,·
785 515 1007 582 Δαίμων
1070 519 1264 583 μέγας,
1324 505 1364 567 ὦ
1410 514 1743 587 Σώκρατες·
1801 519 1893 572 καὶ
1947 514 2057 591 γὰρ

379 597 495 650 πᾶν
540 591 604 649 τὸ
651 591 940 664 δαιμόνιον
979 596 1182 664 μεταξύ
1226 604 1338 652 ἐστι
1382 601 1525 653 θεοῦ
1574 621 1631 654 τε
1675 603 1768 654 καὶ
1811 603 2056 668 θνητοῦ.

383 682 536 742 Τίνα,
580 670 649 744 ἦν
694 676 741 733 δ’
795 677 913 749 ἐγώ,
951 678 1189 752 δύναμιν
1230 685 1396 753 ἕχον,·
1432 679 1768 754 Ἑρμηνεῦον
1811 688 1902 740 καὶ
1934 683 2059 741 διοί-

375 765 707 834 πορθμεῦον
754 766 915 827 θεοῖς
958 761 1026 818 τὰ
1069 764 1205 836 παρ’
1255 763 1583 839 ἀνθρώπων
1610 770 1702 822 καὶ
1724 766 2059 840 ἀνθρώποις

330 842 443 900 ’τοὶ
500 843 654 917 παρὰ
711 850 893 913 θεῶν,
952 851 1063 903 τῶν
1116 853 1217 920 μὲν
1275 847 1374 914 τός
1430 847 1634 918 δεήσεις
1694 855 1788 906 καὶ
1830 857 2054 919 θυσίας,

368 932 478 984 τῶν
536 933 592 985 δὲ
651 928 754 996 τὰς
804 929 1071 999 ἐπιτάξεις
1135 956 1192 989 τε
1235 937 1328 989 καὶ
1372 931 1616 1006 ἀμοιβὰς
1657 938 1770 990 τῶν
1813 940 2057 992 θυσιῶν.

366 1021 424 1070 ὲν
468 1019 613 1085 μέσῳ
659 1017 714 1070 δὲ
760 1011 826 1071 ὂν
869 1014 1200 1091 ἀμφοτέρων
1242 1019 1579 1090 ξυμπληροῖ,
1639 1017 1771 1084 dign
1827 1017 1891 1077 τὸ
1936 1024 2054 1077 πᾶν

368 1096 509 1154 αὐτὸ
557 1096 709 1169 αὐτῷ
757 1099 1136 1166 ξυνδεδέσθαι.
1193 1099 1284 1158 διὰ
1348 1101 1556 1160 τούτου
1597 1107 1691 1159 καὶ
1733 1102 1769 1172 ἡ
1804 1103 2051 1176 μαντικὴ

364 1186 524 1239 πᾶσα
563 1192 730 1256 χωρεῖ
773 1188 867 1254 καὶ
911 1183 943 1253 ἡ
992 1190 1104 1241 τῶν
1144 1192 1329 1261 ἱερέων
1371 1193 1530 1260 τέχνη
1575 1191 1684 1244 τῶν
1711 1210 1766 1244 τε
1793 1193 1918 1263 περὶ
1949 1186 2054 1255 τὰς

468 1350 666 1406 Ὧςιτερ
709 1349 773 1392 τὰ
815 1348 1080 1407 πρότερα,
1110 1352 1233 1408 ἔφη]
1265 1353 1370 1408 ἔφην
1401 1353 1528 1396 Bodl.
1549 1354 1647 1396 vat
1662 1352 1714 1395 Δ.
1738 1355 1842 1397 Ven.
1855 1354 1901 1399 Ξ.
1924 1354 2051 1400 Vind-

361 1408 402 1453 2.
428 1410 533 1452 Par.
543 1410 595 1453 K.
621 1409 717 1478 Vat.
732 1422 774 1462 p

480 1468 570 1508 καὶ
601 1466 696 1519 τὴν
725 1464 1014 1522 μαντείαν]
1045 1467 1313 1519 μαγγανείαν
1343 1469 1456 1509 coni.
1489 1468 1668 1509 Geelius
1698 1469 1810 1523 apud
1839 1469 2048 1525 Kapeyne

357 1537 437 1568 van
469 1525 524 1567 de
554 1525 734 1579 Capello
767 1524 897 1565 Obss.
930 1523 973 1565 in
995 1522 1255 1577 Xenophon.
1287 1524 1468 1567 Hieron.
1503 1539 1543 1579 p.
1576 1524 1629 1569 33
1661 1540 1725 1580 sq.

444 1582 528 1665 ΙΕ,
599 1580 942 1637 &vani-⁹:9⁶²,
982 1578 1109 1628 ωςτε
1151 1579 1210 1622 τὸ
1254 1586 1356 1622 πᾶν
1384 1581 1469 1636 -]
1512 1583 1698 1626 Orellius
1738 1585 1770 1627 1
1803 1597 1842 1627 c·
1861 1598 1916 1640 p.
1944 1583 2046 1631 331.

415 1695 481 1737 TI
525 1701 624 1736 ουν
670 1694 755 1747 ἅν,
803 1694 955 1749 ἔφην,
999 1709 1044 1735 ει
1029 1695 1081 1748 ’ίη
1132 1693 1158 1736 o‘
1243 1695 1530 1750 Orphicorum
1560 1699 1744 1752 repetita
1765 1713 1863 1742 esse
1881 1706 2044 1743 narrat.

349 1751 557 1808 ”Ερως;]
588 1753 654 1795 De
685 1753 761 1795 hac
789 1753 1074 1795 collocatione
1105 1769 1161 1793 αν
1243 1754 1370 1798 Quae
1419 1755 1591 1808 quidem
1651 1758 1864 1799 sententia
1911 1771 2042 1811 quum

355 1811 590 1865 particulae
629 1823 670 1851 v.
713 1810 845 1864 Reip.
883 1823 920 1864 p
955 1809 1052 1855 327.
1097 1810 1153 1852 C:
1242 1812 1521 1854 confirmetur
1579 1814 1906 1867 quodammodo
1969 1830 2039 1870 eo,

355 1870 436 1908 οἴει
472 1866 526 1907 ἄν
567 1866 665 1908 τινά
708 1883 779 1917 σε,
819 1870 923 1922 ἔφη,
972 1866 1160 1922 ἀφεῖναι

356 1924 465 1968 Ibld.
486 1939 528 1979 p.
546 1923 643 1970 333.
668 1927 726 1970 Ax
757 1923 1056 1978 υποδημοὶτων
1085 1924 1154 1979 ἅν,

354 1982 495 2036 οἶμαι,
528 1985 671 2035 φαίης.
702 1982 812 2025 conf.
836 1983 960 2025 etiam
981 1983 1036 2024 ad
1062 1983 1157 2024 Cri-

354 2044 442 2082 ton.
468 2054 506 2094 p.
530 2040 600 2086 52.
625 2042 676 2083 D.
707 2045 752 2082 et
782 2040 836 2082 ad
867 2039 1088 2083 Phaedon.
1114 2054 1155 2095 p.

409 2154 461 2197 E.
529 2155 618 2196 καὶ
666 2153 764 2210 γὰρ
803 2159 903 2195 πᾶν
939 2153 995 2196 τὸ
1040 2154 1154 2195 δαι-

349 2210 570 2268 μόνιον]
604 2211 851 2255 Doctrinam
884 2212 939 2255 de
973 2211 1154 2254 daemo-

348 2270 473 2311 nibus
502 2271 630 2312 Plato
660 2283 792 2324 quum
823 2271 915 2312 aliis
946 2271 1052 2312 locis
1085 2275 1152 2311 at-

348 2328 461 2381 tigit,
493 2334 582 2369 tum
610 2328 830 2382 Politicp
837 2328 1013 2381 271·p
1017 2326 1148 2372 -539.

349 2389 393 2426 et
413 2381 613 2440 Epinom.
633 2400 674 2440 p.
686 2385 768 2430 984
782 2398 876 2439 sqq.
893 2384 1058 2431 2:510.
1078 2383 1149 2427 ed.

344 2445 439 2484 Ast.
500 2443 624 2486 Quae
663 2443 743 2485 hoc
779 2445 874 2485 loco
906 2442 1146 2494 traduntur,

345 2513 395 2541 ea
429 2501 547 2541 multi
588 2502 824 2555 scriptores
856 2500 1146 2555 posteriorum

342 2562 587 2610 temporum
646 2563 951 2613 respexerunt,
1011 2559 1144 2600 veluti

341 2614 616 2656 Plutarch.
660 2616 716 2657 de
755 2616 857 2657 Isid-
888 2630 930 2669 p.
963 2615 1061 2660 361.
1093 2616 1144 2659 B.

340 2671 388 2710 C.
414 2683 452 2722 p.
475 2671 574 2714 480.
598 2673 664 2714 ed.
695 2672 910 2725 Wyttenb.
944 2673 1143 2713 Aristi·-

338 2726 435 2767 des
466 2728 606 2771 Oratt
639 2730 691 2770 Π.
797 2728 886 2772 106-
922 2731 988 2770 ed.
1018 2729 1137 2770 lebb.

335 2783 549 2827 Maxim.
592 2784 695 2837 Tyr.
723 2743 847 2827 XIV.
889 2784 930 2828 8
964 2798 1005 2838 p
1036 2783 1142 2829 266

334 2840 584 2883 Lactant.
625 2842 758 2884 Instit.
792 2842 844 2884 11.
871 2842 936 2885 14.
969 2841 1139 2891 Minu-

336 2898 451 2940 cius
481 2898 588 2941 Fel.
622 2899 771 2941 Octav.
802 2898 959 2942 XXVI.
995 2889 1057 2941 11.
1093 2904 1136 2940 et

334 2955 429 3006 alii,
478 2968 586 3009 quos
635 2957 906 2997 nominarunt
946 2956 1137 2997 Aetius

334 3012 388 3055 ad
420 3012 459 3056 h.
490 3015 515 3055 Ι.
548 3012 921 3070 Wyttenbach.
959 3013 1012 3054 ad
1045 3013 1135 3055 Eu·-

334 3083 430 3124 nap.
464 3084 504 3124 p·
535 3070 617 3115 110
648 3083 712 3123 sq.
746 3076 791 3113 et
822 3071 1134 3113 Creuzerus

334 3127 570 3184 Mytholog.
600 3127 653 3170 T.
675 3128 746 3170 111.
766 3141 806 3182 p.
831 3128 901 3173 67.
921 3129 975 3169 ad
1005 3129 1134 3169 Pro-

336 3186 534 3227 clumin
555 3186 762 3227 Alcibiad.
789 3187 823 3228 1.
846 3199 880 3228 c.
908 3187 972 3228 11.
1002 3187 1134 3228 Pro·

337 3245 452 3285 clus
494 3243 534 3284 in
576 3243 822 3301 Parmenid.
863 3257 918 3297 ap
922 3243 1132 3285 .Bent-

339 3300 418 3343 lei.
461 3293 606 3354 Epist.
641 3300 696 3342 ad
737 3300 916 3343 Millium
957 3314 998 3353 p.
1030 3300 1133 3344 455.

333 3356 402 3400 ed.
432 3357 550 3413 Lips.
582 3358 687 3402 haec
714 3359 856 3402 omnia
884 3371 909 3402 e
939 3358 1130 3402 doctrina

1240 1869 1359 1922 quod
1391 1871 1589 1912 carminis
1619 1871 1790 1926 Orphici
1823 1873 2043 1927 fragmen-

1241 1931 1332 1968 tum
1364 1941 1432 1980 ap.
1455 1929 1590 1971 Clem.
1614 1929 1842 1972 Alexandr.
1874 1931 2039 1975 Strom.

1240 1988 1290 2025 V.
1322 1998 1361 2038 p.
1395 1984 1478 2028 724
1524 1985 1614 2028 fere
1645 1987 1800 2029 eadem
1832 1991 2040 2041 continet,

1241 2055 1352 2095 quae
1394 2044 1581 2085 Diotima
1620 2042 1700 2085 hoc
1739 2046 1835 2087 loco
1876 2045 2039 2090 Socra-

1239 2104 1328 2141 tem
1369 2099 1569 2143 docuisse
1607 2106 1824 2154 narratur3
1872 2117 1926 2146 eo
1957 2105 2039 2146 mi-

1238 2170 1317 2198 nus
1349 2158 1403 2199 de
1428 2158 1549 2199 huius
1571 2161 1823 2201 narrationis
1852 2161 2036 2204 veritate

1238 2214 1502 2266 dubitamus,
1530 2229 1614 2269 quo
1642 2217 1804 2258 certius
1834 2221 2037 2272 explora-

1235 2278 1325 2315 tum
1359 2272 1566 2315 habemus
1595 2275 1819 2316 Platonem
1851 2289 1935 2318 non
1966 2290 2037 2319 ra·-

1235 2343 1284 2371 ro
1314 2330 1368 2372 ad
1389 2330 1672 2386 Orphicorum
1696 2331 1933 2376 doctrinam
1963 2347 2036 2376 re-

1233 2389 1442 2441 spexisse.
1511 2388 1628 2431 Idem
1677 2388 1735 2430 de
1781 2389 1859 2432 hac
1905 2405 2035 2435 causa

1232 2446 1368 2487 visum
1400 2451 1467 2487 est
1505 2446 1844 2490 Creuzerol.
1878 2462 1916 2490 c.
1984 2468 1989 2470 -

1289 2535 1422 2573 θεοῖ
1403 2549 1450 2579 ις
1508 2529 1570 2573 τὰ
1633 2531 1758 2587 παρ’
1796 2531 2029 2604 ἀνθρώ-

1229 2589 1359 2644 πων]
1411 2589 1507 2632 Non
1549 2589 1656 2631 dixit
1702 2587 1809 2645 παρ’
1852 2589 2028 2646 ἀνθρώ-

1229 2662 1329 2695 ποις
1369 2653 1411 2688 et
1441 2645 1556 2700 παρὰ
1592 2651 1739 2690 θεοῖςτ
1778 2659 1875 2688 nam
1917 2649 2025 2690 alte-

1227 2716 1317 2744 ram
1367 2704 1727 2744 constructionem
1780 2704 2027 2756 requirebat

1224 2760 1400 2800 verbum
1421 2759 1765 2812 διαπορθμεῦον.
1782 2773 1823 2800 v.
1839 2764 2024 2816 Apolog.

1223 2816 1347 2858 Socr.
1382 2830 1424 2869 p.
1452 2815 1521 2859 32.
1558 2816 1606 2857 Β.
1642 2816 1861 2861 Phaedon.
1892 2833 1932 2873 p.
1954 2820 2025 2864 76.

1222 2873 1274 2915 D.
1307 2874 1450 2930 ibique
1480 2878 1624 2915 annot.

1278 2957 1674 3012 ξιμπληροῖ,
1737 2956 1893 3006 ὦςτε
1951 2961 2028 3018 ’τὸ

1220 3020 1320 3055 πᾶν
1352 3021 1434 3064 -l
1471 3015 1596 3058 Iuliis
1616 3017 1860 3072 ξυμπληοοῖ
1891 3019 2021 3061 abso-

1221 3074 1306 3115 lute
1334 3075 1526 3126 positum
1547 3081 1629 3125 est,
1661 3087 1717 3115 er
1746 3074 1877 3117 fullt
1907 3090 2016 3128 aus,

1215 3131 1242 3172 i.
1266 3144 1303 3171 e.
1339 3131 1516 3173 bildet
1544 3131 1634 3173 die
1665 3132 2017 3188 Ausfullung.

1219 3188 1434 3231 Quocirca
1483 3189 1538 3229 nil
1581 3189 1669 3242 egit
1707 3190 1779 3241 qui
1822 3191 2016 3233 scriben-

1217 3245 1317 3288 dum
1348 3247 1532 3318 censuit·
1564 3245 1801 3301 ξιμπληροῖ
1828 3246 1878 3288 τὸ
1913 3252 2012 3299 πᾶν,

1212 3301 1316 3349 ω’ςτε
1363 3302 1473 3344 αὐτὸ
1538 3302 1643 3344 αὐτο
1642 3321 1655 3343 ›
1705 3304 2013 3348 ξυενδεδέσθαι

1212 3361 1351 3416 magis
1397 3361 1524 3404 etiam
1574 3374 1600 3404 a
1648 3373 1754 3403 vero
1800 3363 2016 3407 aberravit
