2158 3718
275 120 382 174 286

275 258 377 314 τὸν
413 269 586 315 ποιεῖ·

1004 123 1082 167 PL
1088 123 1292 168 ΑΤΟΝῙ
1294 125 1328 169 S

631 262 925 326 ξυνέπεται
950 260 1058 331 γὰρ
1086 259 1238 333 αὐτῷ
1277 265 1371 317 καὶ
1408 263 1546 318 ὅταν
1586 266 1663 329 εἰς
1699 264 1762 319 τὸ
1803 267 2067 322 ἐπέκεινα

275 347 373 413 τῆς
419 349 522 415 γῆς
569 343 787 418 ὁρμήσῃ
835 347 929 400 καὶ
977 345 1114 399 ὅταν
1163 347 1241 410 εἰς
1287 345 1349 400 τὸ
1399 348 1492 402 ἐπὶ
1536 350 1697 418 τάδε,
1747 351 1842 404 καὶ
1879 349 2066 421 ὥςπερ

273 431 390 482 τῶν
438 428 838 485 ἀναπνεόντων
892 428 979 483 ἀεὶ
1036 430 1236 483 ἐκπνεϊ
1283 451 1342 485 τε
1397 434 1491 486 καὶ
1536 432 1781 488 ἀναπνεῖ
1822 434 1954 506 ῥέον
1999 433 2063 489 τὰ

275 517 528 583 πνεῦμα,
579 512 728 568 οὕτω
786 515 880 567 καὶ
937 515 1059 567 ἐκεῖ
1108 514 1604 586 ξυναιωρούμενον
1656 522 1734 589 τῷ
1786 516 1945 590 ὑγρῷ
1999 518 2068 572 τὸ

273 601 498 667 πνεῦμα
536 598 759 662 δεινούς
797 619 954 661 τινας
992 596 1232 668 ἀνέμους
1277 603 1371 653 καὶ
1409 598 1728 670 ἀμηχάνους
1764 603 2069 673 παρέχεται

273 681 576 755 καιείςιὸν
613 683 707 736 καὶ
747 682 913 747 ἐξιόν.
969 681 1106 736 ὅταν
1130 704 1190 737 τε
1229 675 1337 737 οὖν
1376 682 1691 756 [ὁρμῆσαν]
1720 685 2066 759 ὑποχωρήσῃ

212 774 244 817 C
274 764 336 819 τὸ
387 765 544 836 ὕδωρ
594 767 673 830 εἰς
716 766 818 821 τὸν
864 767 1041 822 τόπον
1088 766 1187 821 τὸν
1226 766 1294 838 δὴ
1334 768 1484 822 κάτω
1522 771 1908 841 καλούμενον,
1947 781 2068 835 τοῖς

274 848 401 904 κατ’
443 851 632 905 ἐκεῖνα
665 848 734 905 τα
772 852 1020 923 ῥεύματα
1059 850 1152 906 διὰ
1188 856 1285 923 τῆς
1310 856 1411 922 γῆς
1439 853 1610 923 εἰςρεῖ
1630 874 1689 908 τε
1727 855 1821 907 καὶ
1857 857 2071 924 πληροῖ

273 931 416 988 αὐτοὶ
464 933 646 1006 ὥςπερ
694 937 752 990 οἱ
799 938 1235 1000 ἐπαντλοῦντες·

1303 935 1440 990 ὅταν
1486 958 1545 991 τε
1583 931 1659 991 αὖ
1698 940 1922 993 ἐκεῖθεν
1958 940 2068 1008 μὲν

387 1100 682 1163 [ὁρμῆσαν]
707 1102 891 1164 inoffi]
933 1111 1063 1151 Abest
1091 1102 1311 1164 ὁρμῆσαν
1341 1122 1366 1149 a
1387 1122 1452 1163 pr.
1477 1109 1599 1150 Bodl.
1622 1111 1730 1154 Ven.
1755 1110 1807 1152 H
1830 1111 2016 1162 itemque
2036 1124 2062 1152 a

271 1165 377 1208 Tub.
409 1167 519 1218 Aug.
551 1166 737 1207 Vind.A
766 1167 860 1209 Par.
882 1167 1054 1220 EHIL,
1087 1167 1200 1219 quod
1240 1168 1353 1206 recte
1393 1167 1557 1206 censuit
1592 1166 1777 1210 Fischer.
1818 1168 1937 1208 salva
1966 1169 2062 1220 qui·
2133 1219 2138 1225 ι

271 1222 367 1262 dem
389 1221 599 1262 sententia
627 1223 777 1263 abesse
798 1236 927 1276 posse
949 1236 1026 1264 nec
1047 1232 1186 1264 tamen
1212 1224 1330 1263 salva
1351 1223 1551 1263 orationis
1576 1223 1802 1276 elegantia.

270 1361 581 1426 Bernhardy
622 1362 741 1415 Synt.
786 1376 827 1416 p.
868 1365 962 1405 263.
1013 1364 1117 1403 Dein

273 1414 358 1467 εἰς
412 1412 471 1460 τὸ
523 1412 801 1461 ἐπέκεινα
849 1421 1032 1473 dictum,
1074 1431 1120 1460 ut

268 1475 595 1518 Thuc.V11.37
626 1469 677 1517 ἐκ
707 1475 807 1546 τοῦρ
814 1469 893 1518 ε’πὶ
915 1452 1118 1545 θάτερα.

267 1531 379 1572 Xen.
402 1532 539 1573 Anah.
563 1534 617 1575 V.
638 1534 678 1581 4,
691 1535 727 1580 3
758 1527 807 1573 οἷ
833 1526 883 1574 ἐκ
905 1532 990 1575 τοῦ
1013 1528 1119 1574 ε’πέ-

267 1600 429 1640 κεινα,
473 1590 545 1629 ubi
582 1589 706 1643 phua
746 1590 960 1642 Kriiger.
1005 1591 1117 1631 conf.

269 1644 539 1689 Sohaefer.
575 1646 631 1685 ad
666 1646 810 1690 Lami).
841 1646 937 1687 Bos.
969 1647 1116 1701 Ellips.

266 1715 309 1756 p
331 1703 428 1742 289.

327 1757 371 1798 G.
395 1750 535 1799 ὅταν
557 1770 613 1799 τε
635 1747 1119 1812 ουν[ορμησαν]-

270 1807 719 1868 ἔπαντλοῦντες]
743 1815 1116 1885 Wyttenbach.

299 1879 499 1911 raeeunte
563 1872 760 1912 Zeunio
832 1865 938 1913 τότε
1004 1868 1116 1914 κατ’

269 1930 431 1970 εκεῖνα
480 1941 520 1969 τ.
572 1922 610 1993 ῥ’.
659 1928 762 1981 legit
824 1928 904 1969 hoc
959 1942 1115 1970 sensu·

267 1985 471 2037 quando
512 1985 678 2036 igitur
718 1997 854 2037 aqua
894 1997 986 2038 per
1023 1988 1118 2026 im-

266 2048 444 2096 petum
479 2054 627 2081 suum
647 2042 916 2082 reced1t1n
942 2042 1115 2084 locum

250 2098 420 2138 'nobis
454 2110 476 2137 e
505 2098 761 2139 diametro
789 2100 1113 2152 oppositum,

269 2155 465 2205 quique
487 2155 861 2195 scilicetinfra
879 2164 1113 2207 vocatur,

265 2224 358 2252 nec
397 2218 567 2252 tamen
602 2211 743 2252 infra
774 2221 875 2262 est,
914 2213 961 2252 si
996 2214 1115 2264 qui-

266 2269 378 2309 dem
398 2268 449 2307 in
471 2275 612 2307 terra
636 2268 708 2308 nil
737 2269 952 2322 proprie
974 2269 1115 2309 infra

266 2332 314 2365 et
341 2337 506 2378 supra
537 2333 637 2376 est,
660 2326 752 2366 sed
773 2327 1113 2376 cumaquain

262 2381 412 2421 illum
443 2382 613 2421 locum
642 2382 892 2435 recessit,
918 2383 1113 2422 tuncin

263 2437 511 2489 flumina,
550 2450 682 2489 quae
716 2439 832 2478 illic
870 2448 1016 2490 sunt,
1055 2452 1113 2480 ex

262 2493 524 2534 inferiore
553 2505 695 2535 terra
716 2488 840 2547 (διὰ
862 2494 963 2549 τῆς
985 2494 1112 2560 γῇς)

263 2563 539 2603 emergens
579 2551 767 2591 influit
815 2564 982 2602 eaque
1022 2553 1114 2591 im-

261 2607 398 2671 plet,
427 2613 482 2646 ut
512 2607 658 2660 apud
686 2619 780 2648 nos
808 2607 1109 2661 faciunthi,

262 2663 348 2713 qui
378 2675 559 2714 aquam
594 2663 762 2703 antlia
796 2663 1111 2704 haurientes

264 2730 372 2758 eam
409 2718 566 2758 alteri
603 2731 771 2770 aquae
802 2719 1110 2760 affundunt.

263 2774 398 2814 Aliter
436 2776 511 2815 Fr.
540 2776 745 2826 Astius,
777 2776 847 2826 qui
879 2777 1109 2816 orationem

263 2836 503 2894 corruptam
540 2840 684 2871 censet
719 2832 898 2871 vocibus
935 2835 1035 2879 τοῖς
1072 2840 1111 2871 et

264 2879 348 2928 διά
369 2899 444 2940 per
465 2886 656 2927 fraudem
678 2887 818 2930 illatis.
856 2887 1016 2935 Quibus
1039 2901 1111 2928 ex-

262 2944 391 2984 trusis
423 2954 598 2983 sensum
637 2945 846 2984 exsistere
874 2951 995 2996 putat
1017 2945 1105 2984 ido-

262 2999 567 3041 neumhunee.
595 3001 804 3052 quando
833 3013 966 3051 aqua
995 3014 1109 3054 pro-

261 3069 509 3110 rumpens
540 3057 590 3096 in
620 3056 783 3097 locum
806 3058 888 3108 qui
914 3058 1108 3097 dicitur

262 3113 572 3154 inferiorem
594 3114 818 3165 recedit,
852 3115 898 3152 in
922 3114 1106 3153 flumi-

260 3182 323 3210 na
345 3178 540 3219 terrae,
564 3182 696 3221 quae
723 3170 837 3210 illic
859 3178 1001 3219 sunt,
1026 3172 1105 3209 in-

259 3226 385 3267 fluit
415 3239 576 3278 eaque
606 3226 805 3280 implet.
846 3226 974 3267 Nobis
1007 3240 1105 3267 vero

260 3295 315 3324 ne
345 3283 464 3322 litera
486 3283 656 3335 quidem
688 3284 778 3323 loco
800 3295 876 3323 suo
899 3285 1108 3323 movenda

262 3339 440 3382 videtui.
483 3340 588 3380 Nam
610 3342 710 3388 τοῖς
730 3352 820 3380 κατ
828 3331 1026 3381 ’ἐκεῖνα
1049 3339 1106 3380 τά

262 3390 476 3450 ῥεύματα
511 3396 844 3449 intellegendum
882 3397 931 3436 de
967 3398 1105 3436 ssumi-

261 3465 362 3492 num
397 3454 626 3494 inferorum
663 3454 886 3507 tractibus,
922 3454 962 3492 in
1001 3466 1106 3506 quos

1206 1376 1318 1416 aqua
1350 1376 1446 1403 cum
1475 1365 1638 1417 impetu
1669 1376 1722 1404 ex
1750 1364 1948 1418 supernis
1979 1374 2061 1405 ter-

1206 1433 1278 1460 rae
1299 1421 1488 1474 partibus
1505 1421 1709 1461 recedens
1730 1419 1985 1473 infunditur,
2001 1422 2060 1461 ita

1207 1483 1252 1517 ut
1271 1477 1358 1517 iam
1382 1477 1441 1516 illi
1463 1484 1622 1516 tantam
1654 1489 1862 1528 aquarum
1883 1477 1968 1518 vim
1990 1491 2061 1518 re—

1205 1534 1381 1586 cipiant,
1405 1539 1451 1572 ut
1472 1544 1651 1586 prorsus
1674 1533 1949 1585 impleantur.
1970 1533 2058 1574 Da·-

1206 1591 1321 1629 tivus
1344 1596 1484 1630 autem
1514 1597 1640 1643 aptus
1672 1602 1896 1642 nexusque
1918 1596 1983 1630 est
2004 1602 2060 1631 ex

1208 1642 1365 1700 εἰςρεῖ,
1390 1646 1503 1698 quod
1525 1659 1599 1686 cur
1620 1659 1715 1686 cum
1743 1659 1792 1687 eo
1815 1659 1917 1687 casu
1938 1647 2058 1701 iungi

1205 1716 1290 1743 non
1318 1715 1447 1758 posse
1477 1703 1714 1757 putandum
1745 1703 1814 1753 sit,
1835 1702 2057 1756 haudqua-

1206 1774 1332 1811 quam
1354 1759 1631 1824 intellegi-..tur
1661 1760 1824 1800 Similia
1843 1766 1958 1800 certe
1976 1759 2058 1800 hu—

1205 1818 1270 1858 ius
1322 1817 1647 1857 constructionis
1698 1817 1894 1870 exempla
1947 1817 2061 1858 bene

1203 1874 1337 1914 multa
1357 1872 1742 1913 affertMatthiae
1759 1871 2059 1924 §.402C.1ta-

1204 1943 1287 1982 que
1322 1942 1434 1980 aqua
1472 1923 1545 1980 (τὸ
1569 1920 1723 1981 υδωρ)
1760 1941 1855 1969 cum
1892 1930 2055 1983 impetu

1201 1988 1405 2027 recedens
1436 1987 1491 2026 ad
1518 1985 1686 2025 inferna
1715 1985 1868 2034 dicitur
1890 1985 2056 2026 infundi

1204 2044 1246 2083 in
1275 2043 1369 2084 loca
1398 2042 1613 2095 inferiora,
1644 2054 1721 2096 per
1750 2054 1859 2094 quae
1880 2042 2056 2083 flumina

1202 2107 1345 2140 meant
1373 2099 1525 2143 infera.
1567 2100 1615 2139 ld
1643 2106 1785 2139 autem
1820 2099 2055 2139 rectissime

1201 2157 1413 2197 iudicatur
1441 2156 1581 2195 facere
1613 2150 1696 2196 διὰ
1727 2153 1811 2208 τῆς
1836 2152 1941 2210 γῆς,
1962 2168 2059 2209 per

1202 2220 1421 2267 terram,
1453 2214 1612 2266 quippe
1639 2224 1735 2252 cum
1767 2224 1820 2251 ex
1856 2213 2056 2265 superio—

1202 2270 1321 2310 ribus
1349 2270 1598 2335 regionibus
1628 2281 1704 2321 per
1733 2277 1868 2308 terrae
1887 2275 2056 2309 meatus

1202 2327 1363 2366 feratur
1397 2327 1438 2366 in
1481 2327 1676 2379 regiones
1706 2323 1932 2365 inferiores
1963 2334 1997 2365 s.
2031 2337 2057 2365 e

1202 2384 1464 2423 diametro
1502 2383 1815 2436 oppositas,
1853 2388 1899 2421 ut
1929 2381 2053 2422 facile

1199 2446 1343 2493 pateat
1373 2434 1458 2480 διά
1489 2440 1636 2491 utique
1664 2438 1804 2478 locum
1833 2450 1959 2478 suum
1989 2446 2054 2478 te-
2096 2450 2107 2457 ’

1202 2509 1302 2536 nere
1322 2496 1577 2539 rectissime
1620 2494 1814 2545 Denique
1835 2493 1994 2534 facile‘
1985 2507 2049 2534 in—

1199 2553 1412 2605 tellegitur
1433 2553 1487 2592 ad
1518 2563 1669 2605 ωςπερ
1691 2546 1741 2591 οἷ
1759 2543 2054 2592 ἐπαντλοῦν-

1200 2621 1275 2656 τες
1293 2610 1548 2661 cogitatione
1564 2608 1806 2648 addendum
1827 2607 2052 2660 essentn—

1199 2663 1358 2717 ροῦσι,
1410 2665 1450 2706 li.
1497 2677 1532 2703 e.
1585 2663 2047 2716 quemadmodum,

1199 2722 1286 2771 qui
1327 2721 1493 2760 antlia
1542 2717 1751 2772 (Pumpe)
1799 2727 2049 2772 utuntur,

1198 2777 1405 2816 faciunt
1456 2789 1616 2827 aquas
1662 2776 1818 2825 aquis
1867 2775 2050 2815 affun-

1199 2833 1398 2875 dentes.
1457 2832 1703 2872 Tenendum
1741 2833 1851 2872 enim
1889 2825 2049 2873 ἐπαν-

1197 2886 1421 2937 τλοῦντες
1453 2901 1529 2929 nec
1561 2901 1661 2929 vero
1693 2881 2052 2939 ἕξαντλοῦντες

1197 2947 1399 3010 scriptum
1430 2958 1547 2996 esse,
1581 2946 1624 2986 id
1653 2945 1768 2997 quod
1797 2946 2048 2998 interpretes

1199 3015 1280 3042 non
1304 3003 1409 3043 satis
1441 3003 1664 3055 diligenter
1693 3001 2047 3042 animadvertisse

1197 3059 1405 3101 videntur.
1439 3058 1634 3100 Ceterum
1658 3058 1941 3125 rwespondent
1938 3057 2048 3098 inter

1197 3129 1244 3155 se
1274 3116 1372 3155 bina
1403 3117 1613 3156 membra:
1655 3108 1773 3156 ὅταν
1802 3126 1853 3155 τε
1882 3101 1969 3155 οὖν
1999 3107 2052 3155 οἱ

1197 3165 1546 3220 ἐπαντλοῦντες
1579 3179 1618 3212 et
1646 3184 1765 3213 οταν
1786 3183 1836 3212 τε
1858 3158 1924 3211 αὖ
1943 3183 1985 3213 κ.
2004 3184 2043 3210 τ.

1197 3229 1237 3269 λ.
1262 3229 1381 3270 Unde
1403 3229 1724 3283 explicationem
1742 3227 1870 3267 habet
1885 3226 2044 3279 duplex

1196 3298 1262 3337 τε,
1286 3287 1337 3325 de
1360 3298 1442 3337 quo
1461 3299 1499 3327 v.
1517 3285 1685 3327 Klotz.
1702 3285 1757 3324 ad
1773 3283 1925 3323 Devar.
1945 3282 2039 3325 Vol.

1196 3343 1246 3384 ΙΙ.
1272 3355 1314 3395 p.
1343 3343 1423 3383 739
1446 3355 1511 3394 sq.
1544 3348 1582 3381 et
1610 3340 1832 3383 Kiihner.
1855 3339 1910 3380 ad
1930 3338 2047 3379 Xen

1195 3399 1317 3441 Mem.
1343 3400 1374 3441 Ι.
1402 3400 1439 3448 1,
1465 3400 1534 3438 14.
