2158 3718
325 137 517 175 LXXIV
958 135 1406 174 PROLEGOMENA

326 262 632 334 Xenophon
677 281 816 333 quae
864 263 931 317 de
976 262 1246 316 Pausania
1290 263 1421 317 dicit
1465 263 1720 330 hauserit,
1775 274 1829 318 et
1871 264 2023 319 Plato

246 400 249 402 ‚
325 334 577 388 nonnulla
621 333 888 398 sumserit,
927 351 1248 403 quamquam
1280 334 1327 388 is
1365 335 1627 404 quaedam
1662 334 1901 389 indidem
1935 355 2022 389 re-

324 404 495 475 petita
528 423 628 475 pro
664 404 885 458 arbitrio
928 403 998 456 ad
1032 403 1338 457 Phaedrum
1380 406 1704 478 retulerit*).
1768 403 1876 459 Cui
1911 406 2024 477 opi-

324 474 476 528 nioni
522 475 654 545 quid
689 474 906 536 officiat,
953 474 1059 526 alio
1080 474 1214 546 loco
1251 477 1614 544 exposuimus.
1679 475 1857 529 Multo
1897 495 2027 547 pro-·

325 543 553 599 habilior
604 543 929 599 Boeckhii
982 552 1080 598 est>
1119 547 1404 610 sententia,
1460 547 1554 615 qui
1608 545 2026 616 Xenophontem

326 614 616 670 arbitratur
651 614 720 668 ob
756 614 938 668 oculos
973 613 1225 668 habuisse
1263 628 1400 684 quae
1434 616 1734 670 Pausanias
1759 617 1863 670 alio
1889 625 2025 670 tem-

325 705 454 755 pore
508 686 585 738 ad‘
628 685 928 739 masculum
971 704 1207 739 amorem
1250 686 1648 754 defendendum
1690 688 1747 741 in
1792 686 2027 740 medium

325 755 700 827 attulisset**).
747 755 933 810 Recte
968 754 1136 829 igitur
1175 756 1398 828 scriptor
1437 755 1710 811 Socratem
1756 757 1914 811 iussit
1948 757 2026 810 uti

327 826 910 896 tempore'praeteritO,
955 844 1061 896 quo
1099 826 1343 898 superior
1379 827 1570 896 aliquis
1607 845 1780 882 sermo
1817 828 2025 901 signifi-

327 905 560 950 caretur:
583 896 667 958 ,de
703 915 811 966 quo
834 897 1087 965 loquendi
1110 916 1215 951 usu
1246 897 1629 969 explicavimus
1652 898 1724 951 ad
1751 895 2026 952 Critonem

324 986 378 1036 p.
415 967 500 1019 45.
544 964 608 1020 C.
647 969 733 1020 47.
771 966 840 1022 Β.
882 966 946 1022 C.
1005 967 1170 1035 Quod
1212 969 1393 1021 autem
1427 968 1582 1023 Plato
1626 977 1681 1022 et
1714 964 2028 1040 Xenophon

323 1038 379 1089 in
416 1037 615 1102 multiS,
650 1056 790 1107 quae
826 1038 894 1093 de
929 1038 1205 1093 Pausania
1238 1039 1493 1103 referunt,
1531 1038 1870 1093 consentiunt
1892 1039 2051 1092 ami-‘

262 1133 275 1152 ι
326 1107 556 1172 cissime,
594 1117 820 1178 uterque
857 1109 1035 1163 virum
1058 1109 1129 1162 ad
1152 1110 1325 1180 ipsam
1349 1110 1492 1163 vitae
1517 1109 1798 1164 veritatem
1822 1108 2030 1163 studuit

326 1178 623 1249 depingere
664 1178 894 1249 ideoque
948 1198 1041 1233 eas
1090 1181 1380 1233 sententias
1429 1181 1478 1234 ei
1529 1180 1742 1244 tribuit,
1796 1196 1932 1250 quas
1980 1179 2029 1232 ei

327 1249 595 1319 placuisse
632 1250 844 1303 aliunde
882 1259 1166 1304 constaret.
1211 1249 1395 1320 Atque
1429 1250 1563 1304 haec
1600 1251 1645 1304 si
1680 1249 2030 1322 probabiliter

326 1319 728 1390 explicavimUS‚
766 1339 836 1374 ne
871 1320 974 1375 hoc
1008 1321 1225 1391 quidem
1249 1341 1308 1374 ar
1350 1330 1642 1387 umentum,
1682 1320 1897 1390 quoad
1928 1321 2026 1374 de·-

326 1391 724 1443 monstrandam
747 1391 988 1445 Platonis
1025 1400 1081 1445 et
1102 1391 1268 1446 Xeno
1345 1393 1484 1446 ontis
1508 1400 1750 1446 mutuam
1772 1390 2029 1447 invidiam

326 1461 412 1513 usi
455 1468 597 1526 sunt,
682 1461 934 1531 uidquam
970 1462 1224 1533 ponderis
1298 1462 1458 1516 abere
1495 1462 1652 1515 facile
1690 1461 2028 1516 concedetur.

326 1531 613 1585 Praeterea
714 1532 1020 1586 ornarius
1056 1532 1478 1603 Xenophontem
1528 1533 1585 1585 in
1635 1550 1699 1586 eo
1734 1530 1868 1586 dicit
1900 1530 2030 1585 Pla-

327 1603 440 1673 toni
475 1602 819 1656 adversatum
855 1621 990 1667 esse,
1027 1604 1190 1672 quod,
1229 1621 1397 1673 quum
1433 1603 1580 1674 apud
1613 1602 1758 1656 hunc
1791 1601 2033 1657 Achilles

329 1672 577 1726 Patroclo
603 1673 673 1725 sit
696 1681 905 1727 amatus
925 1674 1183 1746 (παιδικά)
1212 1682 1375 1743 atque
1401 1672 1707 1744 Aeschylus
1723 1672 2035 1727 Patroclum

328 1742 396 1796 ab
449 1740 658 1797 Achille
712 1753 948 1797 amatum
999 1745 1166 1799 fuisse
1222 1745 1535 1799 existimans
1589 1745 1880 1808 refutetur,
1943 1743 2032 1797 ille

328 1812 597 1867 Achillem
639 1812 829 1868 fecerit
873 1815 943 1869 de
984 1814 1234 1870 Patroclo
1278 1812 1529 1870 defuncto
1584 1833 1693 1869 non
1750 1823 1812 1868 ut
1857 1823 2034 1868 amato

329 1884 616 1955 quondam,
673 1885 769 1939 sed
811 1893 872 1939 ut
915 1886 1083 1940 amico
1137 1885 1429 1941 vindictam
1483 1893 1798 1940 sumentem.
1873 1883 2037 1952 Quod

328 1956 486 2023 quale
525 1954 611 2019 sit,
646 1956 922 2027 praeclare
946 1957 1179 2019 ostendit
1213 1956 1686 2011 Boeckhius***
1718 1997 1730 2009 .
1767 1955 2036 2020 Nimirum

328 2025 485 2079 Plato
530 2025 649 2095 ipse
684 2025 992 2081 Phaedrum
1026 2027 1254 2083 ridicula
1277 2035 1584 2081 narrantem
1618 2027 1674 2080 in
1715 2027 1858 2080 uxit:
1895 2044 2035 2098 quo-

330 2097 474 2150 circa
517 2096 858 2168 Xenophon,
917 2098 962 2151 si
1004 2098 1148 2152 illius
1197 2097 1546 2169 Symposium
1588 2097 1674 2152 ob‘
1704 2097 1888 2151 oculos
1934 2096 2033 2150 ha-

329 2166 550 2232 buisset,
598 2185 707 2221 non
741 2167 1043 2234 Platonem,
1092 2168 1190 2224 sed
1271 2170 1412 2223 otius
1446 2168 1756 2222 Phaedrum
1790 2167 2034 2222 Platoni-

331 2257 454 2290 cum
499 2238 691 2292 fuisset
735 2239 1174 2310 reprehensurus.
1301 2248 1323 2293 t
1370 2248 1516 2294 recte
1552 2238 1788 2311 Apolog.
1826 2237 2038 2292 Platon.

330 2328 383 2379 p.
423 2310 508 2363 28.
551 2306 615 2362 C.
651 2309 932 2364 Patroclus
969 2311 1170 2374 amicus
1205 2310 1437 2383 Achillis
1472 2310 1795 2363 nominatur.
1841 2307 2036 2362 Enim-

332 2397 461 2433 vero
485 2378 768 2434 Phaedrus
797 2380 1109 2437 Platonicus
1143 2400 1311 2452 quum
1333 2380 1435 2435 hoc
1468 2380 1599 2434 velit
1620 2379 1868 2453 probare,
1907 2379 2038 2434 deos

330 2468 565 2504 amorem
619 2451 781 2504 amati
835 2451 968 2524 (τῶν
987 2482 995 2490 -
1017 2451 1293 2524 τ’ταιδικῶν)
1342 2451 1654 2525 longissime
1708 2459 2039 2522 anteponere

331 2520 499 2574 amori
551 2522 781 2575 amantis
828 2523 955 2594 (τοῦ
992 2523 1271 2593 ἐραστοῦ),
1322 2531 1512 2594 argute
1565 2522 1722 2594 fingit
1767 2520 2040 2575 Achillem

331 2590 497 2645 fuisse
533 2590 771 2647 Patrocli
818 2594 1022 2646 παιδικὰ
1070 2611 1246 2663 neque
1283 2602 1496 2656 contra3
1544 2592 1858 2644 Patroclum
1899 2591 2039 2645 enim

333 2661 501 2714 fuisse
545 2661 728 2731 potius
777 2670 1080 2716 amatorem.
1157 2662 1321 2730 Quod
1370 2663 1575 2716 scilicet
1619 2661 1708 2714 ille
1756 2661 1833 2714 ita
1908 2661 2038 2724 onit,

333 2748 440 2798 quo
485 2731 660 2803 magis
706 2732 904 2785 diserte
947 2749 1181 2785 amorem
1217 2732 1467 2785 laudasse
1504 2731 1766 2785 videatur.
1898 2731 2041 2784 ttioit

335 2817 448 2852 rem
495 2800 654 2854 ctiam
699 2800 1043 2855 Iacobsius
1102 2801 1160 2854 in
1211 2799 1436 2872 Scriptt.
1485 2800 1715 2855 Miscell.
1762 2799 1886 2855 Vol.
1933 2775 2039 2854 ITI.

332 2888 384 2940 p.
424 2870 528 2922 228
566 2887 680 2940 sqq.
735 2871 987 2940 Denique
1036 2869 1399 2926 Cornarius
1446 2872 1578 2925 illud
1622 2889 1835 2942 quoque
1872 2890 2036 2943 argu-

333 2948 572 3006 mentum
606 2941 838 2995 invidiae
877 2949 929 2994 et
964 2942 1332 2996 aemulationis
1381 2943 1455 2996 ait
1493 2961 1628 3008 esse,
1677 2942 1822 3013 quod
1856 2942 2039 2996 Plato-

335 3011 488 3064 nicus
532 3010 828 3065 Pausanias
876 3012 1009 3065 duas
1058 3012 1299 3067 Veneres
1347 3033 1465 3068 esse
1514 3022 1730 3078 statuat,
1780 3012 2039 3066 Uraniam

410 3167 455 3220 ²¹⁸)
478 3169 610 3222 Spee.
641 3168 787 3223 Symp.
818 3170 927 3212 Plat.
959 3185 998 3223 p.
1037 3175 1056 3213 7
1091 3184 1180 3224 sqq.

396 3237 462 3290 ‘²¹‘*)
493 3239 540 3280 P.
578 3244 641 3281 15.
673 3240 702 3280 l.
735 3253 771 3279 c.

382 3306 472 3358 ***)
503 3310 549 3350 P.
588 3315 636 3351 16
669 3323 728 3362 sq.
762 3311 788 3351 l.
824 3324 855 3351 c,
890 3319 929 3352 ct
961 3313 1001 3352 in
1033 3314 1169 3364 Leges
1201 3327 1249 3354 ac
1282 3314 1383 3355 Min.
1419 3327 1458 3366 p.
1496 3319 1584 3355 183.
