2222 3762
381 142 493 196 LX

380 295 564 357 petere
627 287 804 341 liceat.
886 291 1014 342 Non
1058 288 1239 360 inepte
1289 309 1419 344 vero
1453 292 1782 351 iiudicarunt-
1826 296 1937 365 qui,
1975 295 2078 351 has

381 359 738 427 quaestiones
775 362 1010 433 principi
1061 360 1447 432 disputationi!
1466 363 1754 419 adiunctas
1793 385 2077 438 compara-³

380 438 576 484 verunt
614 450 734 483 cum
772 432 1077 488 actionibus
1115 431 1453 487 secundariis
1488 435 1792 491 tabularum
1820 439 2078 493 scenica--

378 522 510 555 rum.
576 501 1050 569 Quemadmodum
1075 504 1218 556 enim
1241 503 1364 557 illae
1390 524 1512 559 cum
1542 508 1826 562 universae
1854 509 2073 563 fabulae

378 582 700 645 argumento
728 635 731 639 Α
762 593 889 648 apte
947 574 1269 642 cohaerent,
1315 576 1394 628 ita
1429 585 1491 630 ut
1528 579 1578 631 ei
1614 579 1940 635 illustrando
1982 581 2072 634 vel

377 645 604 697 maxime
657 646 988 713 inserviant,
1040 647 1115 697 ita
1164 646 1326 699 etiam
1360 666 1470 702 veae
1516 657 1701 721 partes
1763 670 2073 706 sermonum

377 716 814 785 Platonicorum,
852 735 991 787 quae
1029 717 1238 769 animos
1275 717 1571 789 legentium
1607 741 1638 774 a
1674 722 1920 794 principe
1952 721 2073 778 dis-

375 788 656 857 putatione
695 807 922 842 avocare
960 787 1240 855 videntur,
1281 807 1404 842 cum
1439 791 1608 846 totius
1648 793 1829 863 operis
1865 813 2075 849 summa

374 868 483 910 tam
532 867 679 910 arcte
738 868 863 912 sunt
911 878 1194 912 connexae
1227 868 1283 912 et
1315 862 1638 932 copulatae,
1679 871 1740 916 ut
1777 865 1934 934 quasi
1970 885 2071 936 pro

372 929 625 982 membris
676 931 876 1003 integri
928 931 1174 1001 corporis
1220 931 1411 985 haberi
1468 933 1723 988 debeant,
1807 935 2072 990 Tendunt

373 1001 515 1053 enim
553 1002 733 1054 omnia
772 1003 1006 1071 denique
1046 1021 1271 1073 prorsus
1314 1004 1535 1070 eodem,
1579 1014 1774 1076 estque
1812 1009 2069 1062 universo

373 1074 523 1143 operi
570 1091 736 1125 unum
779 1073 1043 1144 ⁴quiddam
1091 1083 1351 1144 tanquam
1396 1096 1664 1130 summum
1719 1086 1773 1131 et
1819 1079 2066 1133 ultimum

371 1145 731 1214 propositum,
761 1144 929 1215 quod,
955 1146 1003 1199 si
1040 1164 1161 1198 cum
1200 1148 1593 1202 recentioribus
1630 1149 1779 1219 loqui
1814 1149 2067 1218 velimuS,

370 1214 603 1269 ideam
663 1218 845 1288 operis
892 1216 1073 1270 dicere
1119 1216 1319 1270 liceat.-
1387 1217 1544 1286 Quae
1595 1239 1761 1290 quum
1811 1221 1887 1275 ita
1937 1223 2066 1286 sint,

371 1286 626 1340 desinant
661 1287 882 1341 tandem
919 1287 1213 1357 aliquando
1241 1289 1526 1344 Platonem
1559 1291 1889 1363 vituperare,
1908 1294 2067 1363 quod

370 1377 432 1410 ea
460 1360 799 1413 sermonibus
827 1360 941 1413 suis
966 1360 1340 1430 immiscuerit,
1362 1380 1503 1430 quae
1529 1381 1560 1414 a
1596 1382 1654 1416 re
1693 1370 1747 1416 et
1784 1365 2067 1434 proposito

369 1430 546 1482 aliena
594 1430 915 1500 videantur,
957 1438 1122 1500 atque
1172 1450 1355 1485 secum
1410 1441 1667 1504 reputent
1702 1433 1907 1506 dialogi
1943 1435 2066 1489 dra-

368 1502 549 1554 matici
573 1502 829 1574 scriptori
850 1501 994 1556 idem
1019 1521 1140 1556 esse
1165 1503 1593 1572 concedendum,
1617 1506 1766 1575 quod
1795 1506 1851 1559 in
1884 1509 2066 1577 poetis

370 1573 602 1627 scenicis
641 1593 827 1627 omnes
865 1574 1158 1644 probamus
1196 1583 1366 1644 atque·
1395 1574 1699 1630 laudamus

392 1686 394 1688 .
510 1645 585 1698 Et
635 1645 769 1698 haec
821 1645 1043 1714 quidem
1093 1645 1160 1699 de
1214 1654 1328 1700 arte
1378 1665 1441 1700 ac
1489 1648 1699 1702 ratione
1738 1647 2060 1718 disserendi,

368 1716 543 1786 qualis
585 1718 640 1768 in
679 1717 926 1770 Platonis
963 1718 1301 1771 sermonibus
1341 1719 1599 1787 cernitur,
1637 1721 1693 1772 in
1730 1719 2063 1775 universum.

368 1787 524 1854 Quae
571 1808 639 1841 ne
692 1790 829 1858 quis
864 1789 1118 1860 opinetur
1166 1789 1232 1841 de
1282 1790 1530 1844 omnibus
1578 1792 1784 1860 pariter
1833 1791 2066 1853 iudicari¹

368 1867 638 1930 oportere,
662 1861 1062 1914 meminerimus
1088 1880 1181 1915 eos
1213 1869 1269 1913 et
1291 1860 1504 1916 diversa
1541 1870 1720 1916 aetate
1759 1882 1877 1917 esse
1915 1882 2064 1918 com-

366 1932 584 2002 positos
611 1939 667 1984 et
688 1927 788 2002 pro
815 1933 1119 2004 argumenti
1143 1938 1338 1985 natura
1364 1934 1569 1986 variam
1600 1933 1801 1988 habere
1836 1935 2063 1989 formam

367 2009 529 2071 atque
579 2003 834 2073 speciem.
911 2004 1056 2058 Nam
1113 2004 1207 2073 qui
1257 2004 1446 2073 scripti
1507 2016 1636 2058 sunt
1682 2024 1759 2059 eo·
1796 2013 2061 2077 tempore,

366 2094 474 2143 quo
524 2073 884 2146 philosophus
922 2074 1260 2129 Socraticam
1312 2075 1655 2147 disciplinam
1705 2085 1759 2130 et
1794 2077 2060 2133 rationem

366 2145 794 2216 amplexabatur,
819 2147 877 2200 in
914 2147 980 2200 iis
1017 2155 1210 2218 regnat
1245 2147 1356 2200 fere
1381 2148 1790 2218 Xenophontea
1822 2149 2059 2203 facilitas

365 2225 419 2269 et
457 2217 778 2287 simplicitas
804 2226 968 2288 atque
996 2218 1278 2288 aequabile
1313 2227 1365 2272 et
1391 2218 1727 2272 moderatum
1753 2219 2060 2280 disserendi

363 2308 562 2360 genus3
624 2290 800 2343 minus
869 2289 1028 2343 adest
1074 2297 1296 2344 ornatus
1345 2291 1576 2361 poetici,
1628 2290 1946 2345 subtilitatis
1979 2300 2059 2345 ac

362 2360 902 2430 sublimitatis-quasi
941 2360 1208 2430 quaedam
1243 2361 1424 2426 initia3
1465 2381 1777 2431 quanquam
1804 2363 1898 2432 qui
1934 2372 2061 2434 pro'-

362 2431 520 2484 ximis
546 2433 704 2485 annis
730 2440 857 2485 ante
878 2431 1123 2486 Socratis
1148 2432 1351 2486 obitum
1380 2434 1467 2486 vel
1491 2433 1674 2503 paullo
1702 2438 1827 2503 post
1851 2433 2059 2487 condi-ti

362 2501 631 2569 videntur,
669 2503 725 2554 in
763 2503 830 2555 iis
868 2503 1099 2555 virtutes
1135 2521 1320 2556 omnes
1359 2504 1563 2575 ingenii
1590 2503 1862 2556 Platonici
1901 2505 2059 2574 quasi

362 2573 683 2643 promicant·
721 2573 1001 2643 paullatim
1050 2579 1103 2625 et
1153 2574 1638 2644 exsplendescunt,
1676 2582 1741 2627 ut
1775 2574 1936 2628 facile
1972 2575 2056 2629 in—

361 2644 574 2715 telligas
631 2643 1015 2715 philosophum
1065 2642 1138 2696 ad
1184 2663 1391 2698 summa
1440 2663 1689 2715 quaeque
1725 2645 2056 2701 contendere

363 2733 540 2783 neque
577 2715 633 2767 in
657 2723 960 2768 ceterorum
987 2715 1314 2785 scriptorum
1337 2715 1713 2770 mediocritate
1737 2717 2052 2772 subsistere.

362 2786 558 2855 Itaque
597 2794 753 2855 patet
787 2787 843 2839 in
880 2786 1002 2840 illos
1040 2785 1261 2856 quidem
1296 2807 1406 2840 non
1440 2788 1649 2856 omnia,
1688 2806 1828 2858 quae
1866 2787 2053 2860 dispu-

361 2857 616 2925 tavimus,
656 2857 974 2926 convenire,
1018 2857 1457 2927 quandoquidem
1495 2859 1702 2913 minore
1738 2866 1853 2914 arte
1881 2878 2052 2930 vquarn

359 2928 526 2981 ceteri
579 2929 867 2999 compositi
915 2936 970 2982 et
1021 2930 1299 2983 elaborati.
1334 2938 1490 2998 sunt,
1531 2930 1779 3001 adeoque
1818 2928 1888 2983 ad
1925 2930 2052 2986 sim·-

361 3000 658 3070 plicitatem
711 3001 970 3054 sermonis
1010 2999 1279 3055 Socratici
1324 3020 1496 3072 prope
1546 3001 1830 3056 accedunt.
1905 3001 2051 3057 Sunt

358 3090 487 3124 vero
524 3073 685 3124 etiam
748 3071 836 3124 alii
887 3072 1038 3140 libri,
1092 3073 1184 3141 qui
1234 3072 1335 3126 etsi
1370 3092 1402 3125 a
1442 3074 1670 3128 Platone
1706 3074 2049 3144 provectiore

357 3149 533 3195 aetate
601 3143 788 3215 scripti
861 3150 1019 3210 sunt,
1070 3154 1248 3197 tamen
1308 3146 1483 3198 minus
1528 3146 1731 3199 habent
1759 3145 1926 3213 artis,
1964 3145 2047 3198 id-

360 3213 487 3283 que'
513 3222 832 3284 propterea,
894 3213 1042 3284 quod
1116 3213 1320 3287 dialogi
1379 3216 1551 3270 forma
1608 3215 2047 3281 subtilitatidis-

360 3286 682 3354 putationis,
710 3305 851 3357 quae
891 3286 945 3339 in
970 3285 1037 3339 iis
1060 3286 1320 3355 cernitur,
1346 3287 1523 3342 minus
1565 3297 1647 3342 est
1683 3294 2049 3341 consentanea

356 3364 421 3408 et
449 3357 867 3412 accommodata,
945 3355 1217 3424 Quorsum
1255 3359 1528 3428 pertinent
1565 3360 1915 3426 Theaetetus,
1945 3357 2046 3413 So-
