2158 3718
765 108 1030 162 ‘PHAEDO
1062 123 1107 164 p.
1140 111 1210 150 58.
1304 157 1308 160 ,
1565 137 1570 143 ,
1827 107 1894 160 77

107 250 357 321 μάζομέν
391 269 475 318 γε,
515 247 618 317 ὅτι,
657 247 829 301 πάλαι
865 249 1168 349 γενομένης
1193 245 1395 316 αὐτῆς,
1434 250 1624 317 πολλῷ
1652 245 1894 315 ὕστερον

117 339 378 405 φαίνεται
403 331 731 387 ἀποθανών.
785 335 842 385 τί
863 325 971 385 οὖν
996 334 1066 402 ἡν
1092 336 1290 400 τοῦτο,
1319 333 1361 385 ὠ
1391 332 1647 395 Φαίδων;
1679 334 1893 384 ΦΑΙΔ.

124 419 276 489 Τυχη
322 439 404 482 τις
449 416 628 487 αὐτῷ,
679 411 725 470 ὠ
766 415 1110 486 Ἐχέκρατες,
1165 417 1400 485 συνέβη·
1467 417 1628 484 ἔτυχε
1673 413 1779 485 γὰρ
1827 419 1896 486 τῇ

106 507 422 574 προτεραίᾳ
466 507 562 572 τῆς
609 504 766 571 δίκης
809 499 844 571 ἡ
890 502 1120 571 πρύμνα
1170 501 1473 570 ἐστεμμένη
1523 504 1624 552 τοῦ
1671 502 1895 568 πλοίου,

115 587 150 641 ὃ
187 590 265 652 εἰς
299 591 496 657 Δῆλον
529 585 814 656 Ἀθηναῖοι
851 587 1186 656 πέμπουσιν.
1251 589 1368 638 ΕΧ.
1416 588 1595 637 Τοῦτο
1635 584 1697 638 δὲ
1735 582 1803 653 δὴ
1843 587 1901 637 τί

94 673 297 736 “-ἐστιν;
339 676 549 725 ΦΑΙΔ.
598 672 776 725 Τοῦτό
805 672 921 725 ε’στι
947 670 1009 724 τὸ
1036 675 1263 738 πλοῖον,
1291 668 1366 732 ὥς
1391 684 1567 738 φασιν
1589 667 1895 738 Ἀθηναῖοι,

112 756 181 810 ἐν
229 748 273 827 ᾧ
311 756 530 825 Θησεύς
576 774 710 809 ποτε
758 757 835 819 εἰς
871 756 1102 826 Κρήτην
1147 753 1279 817 τοὺς
1327 755 1412 817 δὶς
1458 752 1592 807 ἑπτὰ
1641 754 1897 815 ἐκείνους

114 838 286 911 ᾤχετο
335 839 491 908 ἄγων
536 842 628 893 καὶ
677 842 855 894 ἔσωσέ
898 861 957 894 τε
1014 841 1107 893 καὶ
1159 838 1327 902 αὐτὸς
1375 839 1583 907 ἐσώθη.
1659 842 1736 908 τῷ
1788 831 1952 891 οῧνΒ

106 923 417 978 Ἀπόλλωνι
445 924 696 993 εὔξαντο,
724 923 798 987 ὣς
823 926 1060 993 λέγεται,
1099 925 1242 991 τότε,
1284 926 1335 976 εἰ
1358 929 1627 990 σωθεῖεν,
1656 922 1894 976 ἑκάστου

107 1011 274 1072 ἔτους
317 1012 568 1078 θεωρίαν
618 1009 847 1071 άπάξειν
897 1010 974 1071 εἰς
1009 1012 1227 1077 Δῆλον·
1293 1006 1365 1076 ἣν
1412 1005 1479 1075 δὴ
1529 1005 1614 1059 ἀεὶ
1655 1007 1748 1059 καὶ
1785 1011 1895 1059 νῦν

226 1179 285 1222 τί
309 1169 426 1234 οὖν]
458 1181 586 1221 Deest
613 1194 701 1222 ουν
728 1181 770 1219 in
803 1179 930 1224 Coisl
962 1181 1072 1223 Veu
1103 1181 1143 1220 Λ
1169 1180 1210 1220 Τ
1234 1180 1329 1219 Par.
1363 1178 1513 1219 CEHI
1538 1192 1600 1232 pr.
1626 1178 1660 1217 G
1690 1179 1800 1219 Flor.
1833 1191 1855 1218 a
1875 1192 1898 1218 c

112 1250 155 1277 m
184 1238 280 1278 Zitt.
312 1245 352 1276 et
386 1238 531 1290 paucis
568 1237 673 1278 aliis.
724 1238 811 1277 Abs
794 1246 981 1290 sorptum
1021 1237 1185 1276 videtur
1223 1236 1417 1289 proximo
1454 1250 1537 1289 ην,
1572 1236 1684 1286 quod
1723 1236 1821 1278 Vat.
1852 1236 1895 1276 Δ

107 1294 282 1337 omittit.

226 1361 568 1417 πέμπουσιν]
595 1364 714 1412 Quod
736 1364 861 1416 vulgo
891 1367 993 1416 post
1019 1360 1290 1417 πέμπουσιν
1326 1362 1494 1402 additur
1524 1355 1634 1403 κατ’
1659 1357 1760 1410 ε’τος
1797 1375 1894 1402 cum

114 1420 236 1463 Bodl.
280 1418 408 1463 Coisl.
447 1421 555 1461 Ven.

597 1419 818 1466 ΛΞΠΤ
854 1421 1032 1472 Tubing.
1063 1423 1173 1473 Aug.
1210 1419 1318 1459 Flor.
1349 1430 1371 1457 a
1394 1421 1418 1459 b
1440 1431 1462 1457 c
1483 1419 1545 1458 di
1575 1419 1669 1459 Par.
1702 1418 1893 1460 CEIHL

111 1477 210 1517 Zitt.
234 1477 384 1529 Angel.
409 1477 643 1520 omisimus
669 1479 713 1516 In
736 1476 855 1519 Bodl.
876 1484 1018 1516 tamen
1038 1485 1150 1516 teste
1172 1476 1410 1517 Gaisfordio
1433 1477 1612 1528 margini
1628 1476 1893 1529 'adscriptum

113 1533 280 1586 legitur.
324 1532 410 1574 Sed
431 1534 624 1572 nimirum
645 1546 714 1573 res
735 1534 968 1573 accuratius
990 1534 1033 1572 in
1056 1533 1331 1584 sequentibus
1354 1532 1603 1573 declaratui.

229 1597 449 1657 Θησευς
489 1601 665 1669 apta]
694 1604 791 1645 Vat.
831 1604 926 1646 Par.
953 1604 988 1644 G
1016 1604 1144 1644 Vind.
1176 1605 1201 1644 6
1230 1604 1376 1644 Ambr.
1407 1615 1521 1644 ποτε
1553 1597 1750 1656 Θησεύς.
1793 1602 1895 1642 Mox

112 1660 207 1700 Par.
229 1660 263 1699 E
285 1662 302 1700 1
324 1660 431 1700 Flor.
455 1662 479 1700 b
502 1653 706 1714 ἀγαγών.
732 1681 784 1688 —
806 1652 1017 1714 ηὔξαντο
1038 1661 1076 1700 V
1079 1668 1133 1702 at.
1155 1659 1283 1701 Vind.
1308 1660 1332 1698 6
1354 1661 1497 1702 Ambr.

111 1813 285 1841 causam
315 1801 625 1841 declaravimus
654 1801 707 1841 ad
733 1801 889 1844 Criton.
914 1815 956 1855 p.

107 1858 168 1899 43
187 1857 223 1897 D
245 1850 365 1898 ἀλλὰ
395 1856 537 1898 δοκεῖ
558 1854 646 1911 μέν
666 1871 746 1911 μοι
767 1848 918 1923 η’ξειν.

169 1912 357 1970 πολλῷ
399 1906 668 1968 ὕστερον]
732 1915 959 1968 triginta

111 1969 301 2011 diebus
329 1979 471 2023 post,
499 1971 543 2010 id
570 1971 683 2022 quod
713 1972 814 2011 satis
837 1971 960 2012 docet

110 2026 230 2067 locus
270 2026 380 2067 Xen.
417 2027 541 2068 Mem.
572 2029 643 2068 ΠΙ.
683 2029 731 2076 8,
762 2030 802 2070 2.
845 2028 956 2068 conf.

110 2082 286 2136 Epistol.
296 2082 428 2149 '‘Socr.
459 2086 525 2126 14.
566 2083 665 2124 Sen.
689 2084 823 2137 Epist.
846 2086 915 2125 70.

168 2138 226 2179 τί
249 2135 354 2180 οὐν
380 2128 449 2192 ἦν
476 2138 670 2193 τοῦτο]
703 2141 827 2191 quid
861 2140 958 2180 hoc

114 2203 225 2234 erat
252 2196 357 2235 rei?
384 2208 635 2247 quaenam
657 2205 769 2235 erat
799 2197 956 2236 buius

113 2252 185 2291 rei
206 2252 340 2291 ratio
363 2261 521 2320 atque
543 2256 730 2293 causa²

169 2300 199 2373 ᾖ
221 2300 453 2362 πρύμνα
475 2302 581 2349 ε’στ.
605 2323 644 2349 τ.
673 2308 881 2350 πλοίου
904 2331 956 2336 -

111 2360 421 2418 πέμπουσι]
465 2364 526 2405 De
566 2365 642 2406 hac
681 2378 726 2405 re
767 2379 809 2408 v.
850 2379 956 2416 quae

112 2421 376 2460 narravimus
394 2421 449 2460 ad
470 2421 626 2465 Criton.
648 2434 741 2475 cap.
766 2424 796 2462 I.
822 2431 926 2462 extr.

170 2469 503 2531 εστεμμένη]
546 2478 587 2517 h.
612 2491 646 2521 e.
677 2479 829 2519 lauro
872 2491 953 2518 or-

113 2545 139 2572 n
153 2539 259 2584 ata,
283 2546 392 2585 quae
412 2546 535 2573 sacra
557 2543 646 2574 erat
666 2535 867 2589 Apollini.

168 2585 477 2644 πέμπουσι]
501 2591 815 2632 solemniter
846 2593 954 2631 mit-

111 2653 241 2686 tunt.
282 2646 505 2700 Proprium
532 2647 611 2687 hac
636 2649 679 2687 in
700 2661 745 2687 re
766 2649 956 2689 vocabu-

111 2702 199 2742 lum
242 2714 337 2742 esse
378 2703 537 2744 dudum
582 2705 726 2744 docuit
765 2704 954 2758 Spanh.

106 2758 166 2798 ad
189 2758 350 2799 Gallim.
372 2759 526 2812 Hymn.
547 2761 588 2799 in
612 2761 702 2802 Del.
724 2774 762 2803 v,
785 2763 882 2803 279.

170 2807 234 2855 έν
273 2804 308 2871 ᾧ
351 2809 571 2869 Θησεύς
599 2814 673 2871 —]
719 2817 955 2868 „Nimirum

112 2870 262 2922 Minos,
293 2884 370 2911 rex
391 2871 553 2924 Cretae,
584 2875 696 2914 necis
726 2874 955 2927 Androgei,

111 2926 187 2966 filii
226 2928 307 2980 sui,
349 2905 624 2969 vindicandae
663 2942 793 2970 causa
821 2931 952 2971 Athe-

113 2983 286 3022 nienses
322 2994 610 3036 oppugnatum
643 2995 834 3027 venerat.
878 2987 955 3026 sed

113 3039 310 3079 discessit
338 3041 508 3080 tandem
538 3040 617 3080 hac
643 3041 760 3094 lege,
801 3049 847 3083 ut
874 3044 956 3096 ipsi

113 3108 225 3136 nono
247 3107 414 3147 quoque
435 3108 546 3138 anno
567 3098 710 3138 tributi
737 3099 830 3139 loco
855 3099 956 3139 Cre-

111 3160 199 3191 tam
220 3153 431 3193 mitterent
451 3162 652 3218 septenas
678 3155 859 3207 virgines
888 3164 953 3195 to-

111 3208 327 3260 tidemque
355 3222 533 3262 pueros,
557 3211 628 3261 qui
655 3210 957 3252 devorarentur

113 3276 139 3303 a
160 3265 426 3305 Minotauro
416 3278 460 3306 m
481 3266 755 3318 Labyrintho.
785 3268 836 3307 Hi
857 3275 956 3308 sunt

113 3315 164 3361 oc
201 3318 278 3369 δὶς
319 3313 437 3362 επτοὶ
479 3315 670 3366 ἐκεῖνοι.
749 3323 954 3375 Theseus,

111 3389 246 3427 quum
275 3378 395 3417 tertia
422 3379 565 3419 tributi
592 3379 765 3432 periodo
801 3376 957 3432 (ποτέ)

112 3432 193 3474 hoc
219 3434 263 3474 in
284 3447 458 3475 numero
482 3445 620 3488 esset,
652 3436 804 3477 occidit
823 3436 957 3477 Mino-

1046 1810 1238 1853 tamum,
1281 1802 1488 1869 rediitque
1530 1814 1626 1840 cum
1668 1801 1892 1840 comitibus

1047 1859 1206 1906 salvus,
1228 1834 1272 1898 ’h.
1297 1872 1333 1898 e.
1356 1854 1438 1898 καὶ
1462 1852 1602 1899 ἔσωσέ
1626 1870 1676 1898 τε
1697 1854 1780 1898 καὶ
1806 1851 1893 1897 αὖ·

1046 1909 1125 1963 τὸς
1154 1908 1329 1968 ἐσώθη.
1379 1915 1492 1954 Plut.
1524 1913 1647 1954 Thes
1681 1926 1715 1954 c.
1746 1915 1799 1954 15
1828 1925 1893 1964 sq.

1045 1972 1229 2012 Pausan.
1261 1973 1291 2013 Ι.
1324 1973 1392 2011 27.
1422 1984 1463 2024 p.
1496 1971 1580 2013 67.ι
1587 1970 1597 1990 ⁴
1647 1969 1893 2010 FISCHER.

1045 2028 1108 2071 Cf.
1132 2029 1237 2068 Plat.
1268 2028 1401 2080 Legg.
1432 2028 1502 2069 IV.
1533 2040 1575 2079 p.
1607 2027 1689 2067 706
1719 2028 1770 2066 Α.
1811 2025 1894 2066 Ca-

1045 2085 1137 2125 tull.
1166 2084 1308 2137 Epith.
1335 2084 1421 2123 Pel.
1452 2091 1492 2123 et
1512 2083 1676 2123 Thetid.
1699 2096 1740 2122 v.
1761 2083 1890 2133 76sq.

1043 2142 1163 2194 Virg.
1210 2143 1317 2180 Aen.
1359 2140 1431 2180 VI.
1474 2141 1528 2181 20
1566 2152 1629 2190 sq.
1679 2139 1754 2180 Ov.
1791 2138 1890 2178 Met.

1044 2198 1261 2240 V111.170
1282 2210 1347 2247 sq.

1100 2253 1147 2293 B.
1198 2252 1457 2305 θεωρίαν
1500 2245 1769 2303 ἀπάξειν]
1829 2252 1892 2291 De

1043 2308 1274 2362 θεωρίαις
1315 2323 1349 2350 s
1389 2310 1556 2349 sacris
1596 2309 1888 2361 legationi-

1043 2368 1069 2407 b
1083 2379 1159 2417 us,
1186 2367 1310 2406 etiam
1329 2365 1523 2410 Deliacis,
1546 2365 1744 2405 dixerunt
1764 2377 1889 2418 prae-

1043 2432 1106 2463 ter
1133 2423 1238 2463 alios
1269 2421 1446 2476 Spanh
1458 2435 1546 2463 em.
1567 2422 1622 2461 ad
1644 2420 1890 2462 Callimach.

1041 2480 1186 2532 hymn.
1217 2480 1259 2518 in
1302 2479 1456 2519 Delum
1484 2480 1581 2519 314.
1620 2478 1805 2518 Duker.
1837 2478 1892 2517 ad

1041 2536 1231 2588 Thucyd.
1257 2538 1329 2576 ΙΙΙ.
1363 2537 1456 2577 104.
1495 2536 1549 2576 V.
1587 2535 1627 2575 6.
1670 2533 1890 2577 Boeckh.

1044 2591 1386 2633 Staatshaushalt
1406 2593 1439 2632 Ι.
1457 2605 1498 2645 p.
1511 2593 1594 2632 230
1606 2591 1753 2642 sqq.M
1765 2591 1886 2631 eier.

1041 2649 1103 2690 De
1130 2650 1262 2689 sacris
1290 2649 1573 2701 legationibus
1604 2647 1891 2687 Commentat.

1041 2706 1157 2746 Halis
1199 2705 1299 2746 sax.
1352 2706 1474 2746 1837.
1524 2707 1565 2747 4.
1616 2705 1888 2745 Hermann.

1043 2761 1359 2806 Gottesdienstl.
1377 2761 1659 2802 Alterthiimer
1679 2761 1751 2801 der
1773 2761 1890 2802 Grie·

1043 2819 1150 2859 chen
1179 2820 1219 2869 ἕ.
1253 2821 1321 2861 31.
1366 2819 1557 2859 Nominis
1593 2818 1654 2857 sio
1695 2818 1892 2880 usurpati

1042 2876 1159 2940 origo
1195 2876 1423 2940 repetenda
1451 2875 1620 2915 videtur
1649 2886 1674 2913 a
1701 2866 1820 2922 θεὸς
1850 2882 1891 2913 et

1041 2945 1182 2998 ωρα,
1180 2944 1324 2980 cura,
1349 2924 1522 2985 ὥρεύω,
1546 2942 1692 2980 curo,
1716 2939 1889 2980 tueor,

1041 2989 1109 3027 vel
1149 2981 1290 3041 ωρέω,
1333 2989 1446 3040 quod
1478 2987 1631 3028 Suidas
1669 2993 1887 3036 memorat,

1042 3045 1100 3084 ita
1119 3053 1166 3085 ut
1188 3057 1236 3084 eo
1258 3057 1425 3085 rerum
1448 3056 1717 3085 sacrarum
1741 3055 1889 3082 cura-

1042 3101 1113 3141 tio
1137 3102 1406 3154 designatum
1436 3101 1548 3141 unde
1570 3101 1695 3140 etiam
1724 3099 1805 3151 ipsi
1826 3099 1891 3138 le-

1041 3158 1129 3209 gati
1177 3158 1279 3197 dicti
1319 3163 1418 3198 sunt
1457 3155 1642 3210 θεωροί
1674 3164 1714 3195 et
1751 3156 1890 3205 navis,

1044 3226 1126 3263 qua
1166 3213 1440 3262 vehebantur,
1484 3211 1675 3266 θεωρίς.
1732 3212 1891 3260 Quam-

1042 3282 1168 3320 quam
1197 3271 1268 3310 alii
1294 3270 1399 3309 illud
1428 3271 1585 3320 ubique
1612 3282 1637 3307 a
1665 3267 1888 3309 θεᾶσθαι

1044 3326 1273 3366 deducunt.
1294 3326 1600 3366 v.Valcken.
1623 3325 1678 3364 ad
1689 3327 1885 3364 Ammon.

1044 3382 1447 3434 p.92.Ruhnken.
1471 3380 1717 3435 Epist.'crit.
1741 3394 1784 3432 p.
1806 3382 1888 3421 100

1045 3444 1086 3478 et
1104 3437 1613 3489 Lobeck.Pathol.ling.
1633 3435 1702 3477 Gr.
1727 3450 1768 3488 p.
1788 3437 1885 3486 275,
