2158 3718
1149 3 1170 15 Ι

767 124 1028 170 PHAEDO
1062 130 1106 180 p:
1139 127 1209 167 90.
1787 121 1894 175 209

95 278 219 334 σαι,
269 262 354 318 ὅτι
391 251 629 317 ’πάντων
675 267 792 317 τῶν
828 263 1102 318 τοιούτων
1138 260 1207 316 τοὶ
1244 263 1349 332 μὲν
1387 260 1534 332 ἄκρα
1570 264 1686 315 τῶν
1726 261 1893 329 ἐσχά-
1942 255 1946 257 ’

95 368 211 403 των
249 348 487 450 σπάνιοις
495 349 590 402 καὶ
627 347 809 418 ὀλίγα,
848 346 916 402 τὰ
955 348 1018 403 δὲ
1054 345 1260 418 μεταξὺ
1288 344 1523 416 ἄφθονοι
1549 347 1643 400 καὶ
1680 346 1891 409 πολλά;

95 434 267 488 Πάνυ
311 453 404 503 γε,
450 425 524 503 ἦν
573 432 626 486 δ’
679 434 808 502 ἐγώ.
889 432 1122 488 Οὐκοῦν
1159 436 1294 501 οῖ’,ει
1335 433 1472 501 ἔφη,
1525 432 1577 484 εἰ
1611 433 1889 500 πονηρίας

95 515 253 587 ἄγων
306 518 639 595 προτεθείη,
696 519 850 572 πάνυ
898 518 969 573 ἂν
1024 515 1252 586 ὀλίγους
1298 516 1394 570 καὶ
1451 516 1705 570 ἐνταῦθα
1759 514 1894 578 τούς
1916 527 1949 568 Β

97 604 357 673 πρώτους
407 606 687 671 φανῆναι;
746 603 918 666 Εἰκός
963 622 1057 671 γε,
1111 594 1184 672 ἦν
1232 598 1287 654 δ’
1340 599 1469 669 ἐγώ.
1547 600 1719 663 Εἰκὸς
1762 598 1892 667 γάρ,

95 689 233 756 ἔφη·
299 683 443 739 ἀλλὰ
476 687 653 757 ταύτῃ
702 689 806 757 μὲν
844 687 949 757 οὐχ
986 685 1171 757 όμοιοι
1221 686 1282 740 οὗ
1314 685 1474 754 λόγοι
1510 693 1628 748 τοῖς
1663 681 1895 753 ἀνθρώ-

93 787 224 839 ποις
261 771 434 839 εἰσίν,
481 768 625 825 ἀλλὰ
674 775 780 825 σοῦ
829 776 940 825 νῦν
979 770 1047 842 δὴ
1096 770 1449 840 προάγοντος
1490 767 1600 839 ἐγώ
1641 769 1890 838 ἐφεσπόν

93 875 235 926 μην,
284 853 412 909 ἀλλ’
453 857 674 927 ἐκείνῃ,
724 849 790 927 ᾗ,
842 855 1075 911 ἐπειδάν
1123 874 1207 918 τις
1255 854 1531 926 πιστεύσῃ
1584 854 1734 925 λόγῳ
1781 854 1895 908 τινὶ

95 937 304 1009 ἀληθεῖ
337 936 543 993 εἶναι’
520 939 660 994 ἄνευ
697 944 796 1010 τῆς
831 941 962 1009 περὶ
998 938 1134 1002 τούς
1160 939 1366 1007 λόγους
1402 940 1616 1008 τέχνης,
1656 937 1893 992 κᾶπειτα

96 1022 293 1092 ὀλίγον
330 1021 573 1093 ὕστερον
611 1023 765 1095 αυτῷ
804 1024 939 1094 δόξῃ
965 1023 1180 1093 ψευδὴς
1220 1019 1384 1092 εἶναι,
1427 1024 1609 1077 ἐνίοτε
1629 1023 1751 1092 μὲν
1789 1020 1893 1090 ω’ν,

97 1107 280 1162 ἐνίοτε
326 1106 382 1159 δ’
430 1105 537 1162 οὐκ
584 1105 695 1178 ω’ν,
744 1128 840 1162 και
886 1101 1058 1171 αὖθις
1103 1108 1292 1176 ἕτερος
1337 1108 1431 1160 και
1467 1106 1656 1175 ἕτερος
1690 1138 1763 1146 —
1799 1108 1893 1160 καὶ

93 1191 336 1263 μάλιστα
383 1191 452 1262 δὴ
499 1193 560 1246 οἷ
601 1194 755 1263 περὶ
788 1190 919 1256 τοὺς
969 1188 1362 1261 ἀντιλογικούς
1416 1190 1622 1259 λόγους
1677 1192 1894 1261 διατρί-

96 1286 304 1342 ψαντες
349 1273 505 1331 οἷσθ’
554 1275 641 1331 ὅτι
686 1280 1060 1342 τελευτῶντες
1105 1281 1323 1331 οἴονται
1370 1275 1690 1345 σοφώτατοι
1726 1295 1893 1344 γεγο-
1915 1284 1946 1327 C

210 1434 258 1477 B.
292 1428 468 1483 Εἰκός
489 1433 570 1490 γε]
597 1431 653 1477 δέ
673 1435 797 1478 Bodl.
818 1436 918 1478 V.at
939 1436 1048 1476 Ven.
1072 1435 1247 1478 HTub
1271 1432 1766 1477 Ven.'1‘Par.CGHL.

212 1487 437 1590 dclv}
402 1450 524 1534 εἰσίν
546 1504 628 1533 om.
640 1492 765 1535 Bodl.
776 1492 882 1537 Tub
894 1492 992 1536 Zitt.
1015 1497 1056 1532 et
1077 1504 1102 1532 a
1121 1505 1188 1546 pr.
1201 1504 1258 1535 m.
1270 1492 1381 1533 Ven.
1396 1490 1504 1538 ΞΠ.
1528 1491 1660 1531 Recte
1680 1490 1888 1535 fortasse:

96 1553 140 1588 et
160 1547 317 1588 abiecit
338 1560 360 1590 ε
385 1547 461 1590 σίν
480 1549 622 1589 Herm.
971 1571 973 1576 ι

211 1610 572 1672 ἔφεσπόμην]
612 1618 666 1660 V.
699 1610 986 1673 ε’φεποίμην.
1028 1619 1183 1659 Pa1.H
1219 1618 1329 1659 Flor.
1353 1619 1380 1658 d
1418 1624 1458 1658 et
1493 1610 1890 1671 eo1r.Vat.5qost-

95 1666 273 1728 πόμην.
311 1673 435 1715 Multi
456 1668 722 1744 ἐφεπόμην.
765 1677 813 1716 In
837 1674 964 1720 Coisl.
994 1674 1087 1719 Par.
1110 1672 1195 1717 AC
1224 1674 1336 1716 Flor.
1362 1687 1386 1714 a
1409 1687 1430 1714 c
1453 1687 1495 1714 m
1526 1686 1661 1727 marg
1692 1674 1814 1718 Bodl
1850 1680 1888 1714 et

97 1741 205 1773 corr.
227 1731 337 1773 Ven.
361 1730 495 1773 Hest
517 1723 811 1786 ἔφεσπόμην.
853 1732 959 1776 Tub.
985 1744 1081 1772 cum
1109 1731 1203 1773 aliis
1234 1724 1565 1785 ἐφεσποίμην,
1596 1731 1710 1783 quod
1737 1742 1886 1784 recep—

97 1791 185 1826 tam
204 1787 434 1828 lectionem
453 1788 688 1829 confirmat.

211 1837 367 1909 δόξῃ]
396 1844 504 1886 Tub.
529 1840 679 1910 δόξει,
702 1845 818 1897 quod
838 1845 1034 1910 placebat
1053 1843 1317 1886 Heiinomfio

211 1891 642 1966 ἀντιλογικούς]
673 1902 728 1944 V.
752 1896 1053 1957 αἰτιολόγους
1084 1915 1244 1952 errore3
1276 1902 1320 1941 in
1350 1901 1515 1952 aliquot
1536 1900 1660 1943 codd
1684 1901 1888 1953 scriptum
1926 1917 1954 1924 ν

99 1952 465 2011 αἰτιολογικούς.

212 2011 259 2057 C.
292 2011 607 2068 γεγονέναι
630 2027 688 2056 τε
709 2013 828 2069 καί]
855 2006 1153 2069 Interpositam
1174 2019 1273 2068 post
1293 2007 1545 2069 γεγονέναι
1567 2011 1820 2066 particulam
1841 2023 1891 2054 τε

155 2149 346 2208 τὰμὲν
369 2146 945 2210 ακρατωνεσχατων]
1522 2166 1581 2197 sc.
1603 2145 1768 2205 ομοιοί
1786 2148 1892 2195 εἰσι

1095 2147 1216 2195 αλλ’
1259 2149 1476 2209 ἐκείνῃ]

101 2211 186 2252 die
214 2211 341 2251 Exn
354 2223 476 2254 eme

1037 2211 1140 2251 Post
1167 2208 1197 2265 ᾖ
1226 2211 1493 2252 desideratur
1514 2210 1692 2251 ve1bum
1713 2209 1894 2250 finitum.

156 2295 204 2336 B.
237 2288 415 2343 Εἰκὸς
455 2288 588 2350 γάρ,
631 2290 762 2348 ἔφη·
805 2287 950 2336 αλλα

100 2345 474 2422 ταύτῃμὲνκ.
499 2365 540 2395 τ.
561 2349 622 2407 λ,]
649 2351 873 2392 Sednon
900 2352 951 2391 in

102 2421 158 2450 eo
187 2403 245 2450 οἷ
259 2394 433 2463 λόγοι
461 2407 767 2449 hominibus
801 2408 951 2448 simi·

101 2465 178 2506 les
219 2471 364 2529 stunt,
406 2465 546 2516 quod
584 2464 799 2505 illorum
830 2476 952 2518 per-

99 2521 256 2576 pauci
331 2522 705 2562 extiemitates
784 2521 951 2561 attin-

36 2621 37 2625 ,
99 2583 249 2632 gant,
288 2577 508 2631 plurimi
536 2578 759 2618 mediam
799 2585 949 2618 tene-

101 2642 191 2675 ant
210 2634 472 2675 rationem
494 2641 542 2674 et
570 2635 727 2684 viam3
751 2646 864 2674 nam
887 2634 950 2674 ad

99 2690 230 2732 hano
259 2702 364 2731 rem
394 2703 475 2742 eo,
500 2691 639 2743 quod
660 2703 683 2731 a
705 2698 752 2731 te
779 2691 948 2731 inter-

101 2747 329 2801 rogabar
356 2745 470 2796 πῶς
501 2743 692 2802 λέγεις
722 2745 787 2801 (p.
812 2747 948 2798 90A),

103 2803 315 2844 delatus
373 2815 503 2854 sum3
574 2803 669 2845 sed
726 2811 949 2844 eatenus

105 2871 214 2899 oum
251 2859 364 2900 illis
402 2860 602 2900 habent
641 2859 847 2912 aliquid
879 2861 950 2900 si-

104 2914 454 2966 militudinis,
484 2916 621 2967 quod
650 2917 734 2968 qui
764 2917 836 2956 iis
873 2924 953 2956 te-

103 2983 240 3011 mere
260 2971 504 3023 credunt,
529 2984 619 3013 eos
640 2971 799 3012 facile
820 2983 954 3026 μισο-

105 3020 274 3082 λόγους
295 3026 545 3078 reddunt,
568 3028 643 3067 ita
663 3035 717 3068 ut
745 3031 953 3071 omnino

105 3084 167 3125 de
225 3057 633 3136 cognoscen'dae
700 3085 953 3126 veritatis

103 3139 367 3181 facultate
396 3140 695 3193 despeient.
735 3139 807 3181 De
831 3154 952 3195 repe-

102 3197 178 3238 tito
200 3189 323 3238 οἳλλοῖ
343 3208 386 3239 V.
406 3197 460 3237 ad
469 3194 704 3249 Euthyphr.
726 3195 952 3251 Lps.1823

105 3266 150 3307 p.
174 3254 226 3295 15
248 3265 314 3304 sq.

164 3337 266 3379 σοῦ
313 3329 698 3404 προάγοντος]
759 3347 807 3379 te
859 3339 958 3380 du—

44 3412 47 3413 r
109 3399 260 3434 cente
297 3405 358 3439 sc
386 3395 713 3448 interrogatione
751 3395 821 3435 illa
858 3394 958 3444 πῶς

110 3446 278 3503 λέγεις.

195 3531 328 3561 Pur.
360 3532 532 3565 raum.

1039 2267 1162 2316 Quod
1184 2280 1236 2307 ne
1258 2268 1444 2332 deesset,
1467 2265 1815 2307 Heindorfius
1840 2278 1894 2306 ex

1038 2324 1132 2364 cod.
1156 2324 1262 2364 Tub.
1284 2317 1418 2389 δόξέι
1449 2323 1623 2376 recepit,
1665 2334 1752 2390 quo
1781 2321 1892 2362 facto

1039 2371 1247 2422 κᾶπειτα
1285 2381 1472 2434 positum
1511 2385 1576 2420 est
1615 2391 1693 2432 plo
1726 2373 1893 2420 ἔπειτα

1040 2449 1121 2476 usu
1142 2436 1257 2478 haud
1278 2435 1552 2488 infrequenti.
1566 2449 1608 2478 v.
1619 2434 1892 2477 Heindorf

1037 2492 1156 2534 adh.
1175 2493 1207 2537 1.
1234 2492 1565 2535 etSchaefei.
1590 2491 1747 2535 Melett.
1769 2505 1811 2546 p.
1822 2491 1893 2535 86.

1039 2548 1124 2590 Sed
1144 2561 1249 2589 cave
1269 2549 1504 2602 quidquam
1525 2549 1770 2591 mutaveris.
1808 2548 1895 2589 Lo-

1038 2618 1134 2646 cum
1159 2606 1270 2646 enim
1291 2611 1487 2660 apertum
1511 2611 1576 2646 est
1597 2617 1694 2645 esse
1715 2596 1895 2646 ανακό-

1038 2662 1236 2704 λουθον.
1265 2662 1433 2717 Quippe
1455 2670 1555 2732 post
1575 2650 1603 2715 ᾗ
1626 2660 1775 2701 inferii
1795 2673 1892 2714 pro-

1036 2720 1128 2772 prie
1159 2719 1324 2760 debuit.
1357 2713 1408 2760 οῖ
1431 2715 1541 2772 περὶ
1569 2730 1682 2766 τους
1705 2711 1892 2759 αντιλο-

1037 2788 1203 2830 γικους
1233 2768 1404 2829 λόγους
1444 2773 1789 2839 διατρίψαντες
1821 2786 1892 2816 τε·

1039 2831 1300 2880 λευτῶντες
1322 2831 1508 2875 οἴονται
1527 2824 1798 2884 σοφώτατοι
1819 2843 1895 2885 γε·

1039 2885 1293 2942 γονένοιικ.
1312 2903 1350 2931 τ.
1370 2890 1410 2932 λ.
1434 2888 1521 2930 Sed
1540 2887 1779 2942 hocipsum
1796 2900 1893 2942 pro—

1039 2951 1134 2999 pter
1161 2946 1398 2999 longiorem
1429 2945 1631 2986 orationis
1654 2946 1892 3010 intercape-

1040 3002 1183 3041 dinem
1223 3002 1343 3043 aliter
1385 3002 1643 3044 enuntiatur.
1685 3002 1753 3049 Ad
1777 2999 1894 3066 δοξῃ

1040 3051 1518 3128 ψευδὴςεῖναιίηιοὶὶ.
1530 3051 1725 3106 αὐτόςε.
1739 3054 1895 3105 οὗτος.

1097 3109 1154 3156 οι
1200 3114 1334 3170 περὶ
1401 3111 1534 3163 τούς
1590 3107 1895 3168 αντιλογι-

1040 3163 1178 3220 nobs
1240 3173 1278 3213 λ.
1340 3171 1404 3223 δ]
1460 3171 1553 3221 Qui
1592 3171 1792 3211 rationi
1833 3171 1894 3211 dc

1046 3227 1290 3269 omnibus
1321 3230 1368 3269 in
1392 3234 1668 3278 utramque
1690 3235 1893 3280 partem

1046 3283 1363 3338 disputandi
1413 3296 1621 3349 operam
1681 3291 1892 3324 navant

1044 3339 1159 3380 Infra
1179 3353 1223 3406 p.
1248 3342 1327 3383 101
1350 3342 1382 3382 Ε
1383 3332 1511 3410 ἅμα
1535 3335 1588 3382 δὲ
1610 3352 1697 3381 ουκ
1720 3330 1780 3381 ὃὶν
1803 3352 1894 3391 φυ-

1045 3408 1147 3448 ροιο
1177 3409 1330 3451 ωςπερ
1351 3392 1400 3439 οἵ
1419 3394 1729 3452 αντιλογικοί,
1760 3397 1831 3436 ubi
1851 3408 1894 3436 v.

1043 3464 1142 3495 ann.

1490 3520 1556 3571 14
