2158 3718
378 149 483 199 144
991 146 1423 198 PLATo-Nts

375 295 488 347 τῶν
531 290 988 363 ὡμολογημένων,
1049 292 1195 364 εἴπερ
1256 295 1358 347 τοῦ
1413 291 1648 360 ἀγαθοῦ
1693 293 1870 361 ἑαυτῷ
1913 287 2053 345 εἶναι

367 376 469 432 ’ἀεὶ
514 380 644 445 ἔρως
687 382 852 430 ἐστίν.
895 373 1207 447 ἀναγκαῖον
1265 373 1331 442 δὴ
1364 381 1446 431 ’ἐκ
1490 373 1691 431 τούτου
1735 377 1837 431 τοῦ
1881 371 2053 443 λόγου

374 464 467 516 καὶ
513 464 612 527 τῆς
654 458 985 524 ἀθανασίας
1027 457 1128 515 τὸν
1169 464 1347 532 ἔρωτα
1392 459 1549 515 εἶναι.

502 541 644 620 Cap.
692 538 920 598 XXVI.
1011 543 1202 598 Ταῦτα
1248 565 1305 598 τε
1350 535 1450 598 οὖν
1489 543 1674 598 πάντα
1705 544 1948 598 ἐδίδασκέ
1970 562 2053 611 με,

376 626 545 684 ὁπότε
589 630 711 696 περὶ
760 630 870 681 τῶν
915 631 1186 697 ἐρωτικῶν
1241 627 1440 696 λόγους
1481 638 1727 691 ποιοῖτο,
1787 631 1881 681 καί
1921 645 2054 680 ποτε

370 709 565 783 ἤρετο,
630 714 697 765 Τί
751 711 880 777 οἴει,
944 705 983 766 ὦ
1031 710 1357 781 Σώκρατες,
1414 711 1595 767 αἴτιον
1654 710 1794 767 εἶναι
1851 707 2056 765 τούτου

371 799 472 851 τοῦ
516 799 721 866 ἔρωτος
764 798 857 850 καὶ
899 799 1000 864 τῆς
1041 800 1376 868 ἐπιθυμίαςς
1419 793 1454 863 ἢ
1502 794 1602 852 οὐκ
1645 793 1935 859 αἰσθάνει,
1981 793 2055 860 ὡς

373 882 559 943 δεινῶς
607 882 925 935 διατίθεται
970 881 1158 936 πάντα
1201 878 1270 936 τὰ
1318 885 1531 951 θηρία,
1570 876 1813 939 ,ἐπειδὰν
1853 881 2054 948 γεννᾶν

369 963 722 1041 ἐπιθυμήσῃ,
782 968 875 1020 καὶ
933 963 1003 1020 τὰ
1063 963 1198 1032 πεζοὶ
1261 968 1352 1021 καὶ
1396 964 1467 1019 τὰ
1511 961 1724 1031 πτηνά,
1779 962 2055 1018 νοσοῦντά

368 1069 426 1115 τε
471 1046 659 1103 πάντα
704 1051 799 1109 καὶ,
843 1052 1108 1122 ἐρωτικῶς
1134 1053 1513 1120 διατιθέμενα,
1557 1050 1781 1121 πρῶτον
1802 1050 1903 1119 μὲν
1931 1054 2074 1119 περὶ·

367 1130 452 1206 τὸὶ
493 1133 828 1203 ξυμμιγῆναι
885 1132 1179 1205 ἀλλήλοις,
1249 1138 1436 1189 ἔπειτα
1500 1136 1622 1205 περὶ
1679 1129 1782 1198 τὴν
1837 1129 2055 1207 τροφὴν

364 1219 466 1272 τοῦ
518 1223 842 1288 γενομένου,
898 1221 990 1274 καὶ
1046 1218 1241 1289 ἕτοιμοί
1298 1225 1447 1274 ἐστιν
1498 1215 1637 1288 ὑπὲρ
1695 1213 1906 1271 τούτων
1961 1220 2058 1272 καὶ

347 1299 749 1373 »διαμάχεσθαι
806 1298 876 1357 τὰ
922 1301 1315 1358 ἀσθενέσταῗα
1374 1311 1495 1366 τοῖς
1540 1298 1922 1373 ὶσχυροτάτοις
1961 1304 2056 1358 καὶ

364 1383 920 1456 ὑπεραποθνήσκειν,
963 1390 1056 1442 καὶ
1099 1384 1245 1442 αὐτὰ
1291 1389 1368 1456 τῷ
1406 1387 1546 1455 λιμῷ
1589 1382 2057 1456 παρατεινόμενα,

282 1476 287 1483 “
366 1466 492 1535 (3ςῖ
543 1475 721 1526 ἐκεῖνα
766 1475 1059 1547 ἐκτρέφειν,
1103 1473 1195 1526 καὶ
1238 1467 1378 1526 ἄλλο
1425 1472 1540 1524 πᾶν
1564 1471 1881 1539 ποιοῦντα,·
1925 1465 2056 1536 τοὺς
2096 1464 2101 1473 ’

480 1634 535 1677 Ρ.
567 1633 668 1678 207.
728 1634 880 1689 εἴπερ
927 1638 1028 1674 τοῦ
1075 1633 1297 1688 ἀγαθοῦ
1346 1635 1522 1690 ἑαυτῷ
1573 1634 1722 1675 εἶναι
1759 1629 1843 1673 οἷεὶ
1894 1631 2054 1688 ἔρως]

367 1691 496 1734 Haec
537 1697 605 1733 est
644 1693 816 1743 vulgata
857 1691 988 1732 lectio
1031 1691 1233 1734 librorum
1265 1693 1519 1746 optimorum
1550 1692 1917 1746 plurimorumque
1947 1703 2055 1734 con-

365 1751 533 1792 firmata
571 1749 799 1802 suffragiis.
849 1749 976 1790 Vind.
996 1748 1037 1791 2.
1081 1749 1209 1792 habet
1240 1749 1291 1790 τὸ
1333 1747 1551 1802 τάγαθόν.
1614 1749 1740 1791 Unde
1773 1748 1946 1790 Bantius
1979 1761 2056 1789 ex·-

369 1807 573 1861 sculpsit:
607 1809 729 1861 εἴπερ
761 1804 843 1847 τοῦ
869 1804 1078 1860 τάγαθὸν
1106 1808 1258 1863 ἑαυτῷ,
1294 1807 1411 1861 quod
1446 1812 1514 1849 est
1542 1809 1584 1854 in
1617 1807 1722 1848 Ven.
1747 1806 1794 1848 Ξ.
1853 1805 1901 1846 ld
1932 1818 2058 1846 rece-—

367 1869 528 1918 petunt
559 1864 812 1914 Bekkerus‚
854 1865 1028 1915 Astius,
1068 1866 1147 1907 alii.
1217 1865 1306 1906 Sed
1344 1868 1462 1907 recte
1491 1866 1714 1918 vulgatam
1754 1867 1901 1905 tuetur
1928 1862 2056 1908 Rak-

363 1924 513 1964 kertus
544 1922 840 1963 consentiente
869 1921 1102 1963 Sommero
1141 1924 1167 1965 l.
1195 1936 1230 1964 c.
1252 1936 1294 1976 p.
1324 1923 1423 1966 559.
1457 1927 1500 1964 et
1530 1923 1572 1963 in
1603 1920 1793 1963 Seebod.
1826 1921 1926 1962 bibl.
1959 1920 2053 1961 crit.

366 1978 496 2024 1828.
537 1978 664 2020 Fasc.
708 1978 742 2021 1.
785 1978 837 2022 N.
884 1978 949 2022 12.
991 1993 1032 2034 p.
1065 1979 1134 2023 92.
1175 1979 1385 2033 siquidem
1426 1980 1626 2034 primaria
1677 1978 1917 2019 sententiae
1957 1991 2057 2031 pars

364 2037 469 2079 haec
503 2042 592 2078 est:
627 2038 745 2088 εἴπερ
779 2039 890 2076 ἔστιν
921 2037 1023 2091 ἔρως
1053 2042 1136 2078 τοῦ
1166 2037 1374 2092 ἀγαθοῦ,
1406 2038 1558 2090 quibus
1591 2035 1888 2090 explicationis
1918 2035 2055 2088 gratia

363 2094 539 2136 additur
567 2095 711 2149 ἑαυτῷ
739 2093 850 2134 εἶναι
879 2091 958 2135 ἀεί.
1021 2095 1223 2137 Ceterum
1259 2095 1484 2137 Bekkerus
1528 2100 1627 2136 ante
1667 2094 1770 2148 ἔρως
1797 2093 2058 2146 interposuit

366 2151 389 2193 ὁ
424 2152 676 2201 articulum,
712 2164 839 2204 quem
872 2163 954 2193 neo
983 2153 1077 2194 libri
1097 2152 1264 2194 'habent
1292 2166 1375 2195 nec
1405 2157 1606 2206 putamus
1635 2149 1945 2192 necessarium.

481 2209 534 2250 B.
578 2213 678 2249 τοῦ
708 2212 979 2264 γενομένο
998 2209 1040 2264 υ]
1070 2214 1331 2264 γεννωμένου
1365 2210 1579 2254 Par.DK.
1602 2209 1694 2250 Vat-
1712 2222 1752 2262 p.
1775 2207 1896 2250 Vind.
1918 2206 2056 2251 1.2.7.

480 2265 596 2315 «ὅς-τ’
631 2267 810 2308 ἐκεῖνα
842 2269 1151 2324 ἐκτρέφειν]
1187 2266 1597 2310 Schleiermacher.:
1638 2279 1720 2309 um
1753 2266 1832 2308 sie
1860 2277 1962 2307 nur
1992 2277 2057 2306 zu

366 2336 458 2374 ern
472 2323 654 2367 ahten.
722 2324 879 2367 Recte.

951 2324 1134 2369 Fallitur
1185 2326 1296 2367 enim
1336 2326 1558 2368 Hommel.
1605 2322 1707 2372 ὥςτε
1754 2322 1820 2364 sic
1864 2322 2059 2378 usurpari

365 2394 528 2436 negans
569 2381 757 2434 ideoque
796 2383 994 2425 voculam
1035 2383 1219 2426 eiectam
1250 2383 1439 2438 cupiens.
1471 2381 1582 2426 conf·
1625 2381 1692 2424 De
1721 2379 1835 2435 Rep·
1870 2379 1981 2423 Vlll.
2013 2394 2058 2436 p.

362 2439 461 2485 549.
493 2440 542 2482 C.
574 2440 629 2481 al.

487 2497 535 2542 C.
598 2495 714 2538 Καὶ
755 2496 850 2553 ἐγὼ
892 2491 966 2538 αὖ
1005 2496 1215 2552 ἔλεγον]
1257 2497 1307 2541 V.
1340 2494 1394 2540 ἂν
1423 2496 1588 2553 ἔλεγον,
1634 2493 1751 2550 quod
1781 2499 1996 2540 mutatum
2033 2508 2059 2539 e

421 2637 477 2680 P.
517 2635 614 2681 207.
688 2642 838 2694 εἴπερ
890 2643 989 2679 τοῦ
1045 2635 1173 2691 ἄγα-

366 2697 477 2735 θοῦ
506 2695 654 2735 faur.
688 2719 746 2726 —
777 2694 802 2735 ὁ
836 2697 966 2751 ἔρως
998 2695 1168 2744 ἐστίν]

365 2749 405 2793 h.
451 2764 491 2793 e.
533 2752 651 2806 εἴπερ
692 2751 714 2792 o‘
757 2751 860 2807 ἔρως
915 2750 1028 2790 ἐστὶν
1068 2752 1171 2804 ἔρως

363 2804 449 2848 τοῦ
501 2805 682 2860 ἀγαθοῦ
732 2809 869 2862 ἑαυτῷ
917 2807 1028 2847 εἶναι
1087 2805 1167 2847 ἀεί.

363 2862 471 2907 Nam
498 2864 739 2906 subiectum
770 2863 795 2905 o‘
826 2867 930 2918 ἔρως
961 2877 1014 2906 ex
1045 2868 1169 2906 ante-

366 2921 622 2964 cedentibus
650 2921 950 2976 repetendum.

422 2978 475 3021 B.
562 2977 759 3032 ἓτοιμοὲ
821 2979 974 3019 ἐστιν
1035 2977 1167 3030 ὑπὲρ

363 3034 608 3088 τούτων]
645 3036 888 3088 „Pertinet
918 3033 1083 3078 τούτων
1113 3035 1168 3078 ad

353 3089 450 3135 ’τοῦ
478 3099 732 3148 γενομένους
771 3093 890 3148 quod
921 3106 1048 3146 quum
1087 3107 1168 3147 po-

365 3152 496 3193 situm
530 3151 587 3193 sit
616 3156 664 3193 ut
694 3164 850 3193 nomen
873 3152 1166 3204 collectivum,

366 3214 414 3250 ut
445 3209 715 3265 grammatici
746 3213 927 3259 vocant3
964 3214 1084 3251 recte
1106 3209 1168 3250 'il-

368 3266 441 3307 lud
473 3279 694 3310 numerum
715 3267 920 3321 pluralem
942 3266 1060 3319 sequi
1092 3280 1170 3319 ap-

363 3329 512 3376 paret,
556 3337 596 3365 v.
640 3324 871 3366 Dorvill.
908 3323 963 3365 ad
1009 3322 1168 3364 Charit.

368 3394 408 3433 p.
445 3379 580 3424 353.“
632 3380 951 3424 Fischer-ns.
1013 3381 1169 3422 Paullo

1257 2643 1360 2680 ante
1403 2643 1542 2680 νοσεῖν
1581 2638 1682 2689 περί
1712 2650 1756 2676 τι
1803 2634 1961 2677 dictum
2002 2634 2058 2676 de

1255 2694 1498 2737 vehementi
1546 2693 1803 2747 eupiditate,
1867 2691 1921 2733 de
1971 2704 2057 2746 quo

1255 2764 1336 2832 u'su
1367 2764 1407 2791 v.
1440 2751 1494 2792 ad
1529 2749 1776 2808 Phaedrum
1808 2762 1849 2804 p.
1869 2749 1968 2795 228.
2006 2750 2055 2793 Β.

1309 2863 1391 2904 καὶ
1442 2863 1584 2905 αὐτὰ
1618 2867 1689 2920 τῷ
1727 2863 1858 2919 λιμῷ
1887 2876 2058 2920 παρα·

1253 2937 1278 2962 τ
1293 2936 1310 2962 ε
1323 2939 1337 2962 ι
1351 2938 1373 2961 ν
1386 2921 1450 2976 όμ
1463 2936 1481 2963 ε
1493 2923 1573 2974 να]
1608 2922 1810 2964 Pendent
1827 2922 1931 2964 haec
1961 2935 2059 2964 ver-

1254 2979 1307 3021 ba
1347 2992 1400 3020 ex
1444 2977 1661 3020 αἰσθάνει.
1719 2979 1830 3029 Nam
1870 2984 2059 3022 mutatur

1254 3037 1460 3091 orationis
1514 3039 1805 3091 constructi03
1863 3050 1979 3089 quae
2021 3038 2057 3078 si

1252 3094 1537 3146 retineretur,
1571 3095 1633 3135 sic
1662 3094 1754 3136 sere
1785 3094 1889 3135 haee
1919 3093 2058 3135 adde-

1252 3157 1419 3193 rentur:
1471 3152 1541 3192 καὶ
1585 3150 1639 3200 ὥς
1685 3149 1797 3191 αὐτὰ
1842 3155 1901 3206 τῷ
1949 3151 2057 3206 λιμῷ

1253 3211 1572 3264 παρατείνεται.
1628 3209 1830 3250 Ceterum
1853 3206 1966 3249 αὐτὰ
1988 3213 2057 3250 est

1254 3273 1469 3320 sponte..
1531 3268 1595 3309 De
1634 3267 1817 3307 articulo
1856 3269 1916 3322 τῷ
1953 3270 2056 3307 ante

1256 3326 1366 3381 λιμῷ
1394 3337 1433 3365 v.
1468 3324 1520 3365 ad
1552 3338 1594 3379 p.
1621 3324 1714 3368 191.
1738 3324 1789 3367 Α.
1845 3323 1957 3365 Dein
1986 3321 2055 3362 at·-

1255 3383 1326 3422 τία
1356 3394 1452 3423 cnm
1492 3381 1695 3423 infinitivo
1734 3381 1922 3423 iunctum
1952 3380 2055 3421 atti-
