2158 3718
373 179 408 229 ο
511 140 513 144 ’
1016 175 1437 229 ΡιΑΤοΝιε

377 319 497 393 ἦγε
549 319 655 390 τὴν
708 322 1010 377 συνουσίαν
1068 325 1351 392 γεγονέναι
1406 318 1618 390 ταύτην
1636 364 1652 395 ‚
1710 318 1796 390 ἢν,
1839 324 2060 396 ἐρωτᾷς,

379 403 514 472 dicte
566 404 707 478 κάμὲ
761 407 1206 476 παραγενέσθαι.

382 488 437 545 δ’
504 488 638 562 ἐγώ,
698 479 738 543 ὦ
797 491 853 544 Γ
849 484 1104 562 stafiacum
1165 485 1269 544 οὐκ
1305 486 1466 545 οἶσθ’

1273 401 1479 475 ’Ἔγωγε
1532 403 1619 474 δή.
1707 402 1947 474 Πόθεν,
1989 400 2065 474 ἦν

1478 540 1491 563 ,
1535 487 1625 547 ὅτι
1667 486 1888 547 πολλῶν
1929 493 2067 546 ἐτῶν

376 570 644 644 Ἁγάθων
685 569 897 628 ἐνθάδε
954 570 1056 628 οὐκ
1113 570 1534 646 ὲπιδεδήμηκεν;
1589 572 1699 651 ἀφ’
1751 567 1818 631 οὗ
1862 572 1915 630 δ’
1965 576 2066 645 ἐγώ

322 709 324 711 ,
386 655 688 730 Σωκράτει
730 658 1102 730 συνδιατρίβω
1163 659 1260 713 καὶ
1302 660 1547 730 ἐπιμελὲς
1589 663 1898 732 πεποίημαι
1942 656 2070 714 ἑκα-

387 761 521 810 στης
561 738 770 813 ἡμέρας
811 742 1013 797 εἰδέναι
1035 762 1083 805 9
1124 762 1180 797 τι
1220 761 1295 796 αν
1336 745 1462 819 λέγῃ
1503 738 1543 809 ἢ.
1582 764 1817 822 πραττη,
1859 741 2069 799 οὐδέπω

250 825 353 874 173
389 831 517 899 τρία
560 828 655 893 ἐτη
697 827 863 881 ἐστίν.
919 820 1028 900 πρὸ
1072 827 1176 882 τοῦ
1222 827 1278 882 δὲ
1323 830 1652 900 περιτρέχων
1690 823 1801 906 ὅπη
1849 824 2071 900 τύχοιμι

387 1057 460 1087 rus
490 1042 690 1099 perhibet
724 1043 768 1086 in
799 1044 903 1087 solis
933 1044 1037 1088 Par.
1066 1042 1120 1086 E.
1151 1045 1279 1088 Amb.
1299 1046 1408 1101 Ang.
1441 1058 1483 1088 u.
1515 1058 1568 1092 w.
1602 1051 1647 1089 et
1677 1052 1785 1091 vett.
1812 1047 1934 1092 editt.
1968 1047 2077 1090 scri-

387 1109 478 1145 tum
508 1102 700 1156 reperiri.
759 1102 893 1146 Quod
931 1115 1038 1146 cave
1075 1103 1323 1145 credideris
1385 1103 1493 1147 Nam
1534 1117 1615 1146 nec
1655 1119 1679 1146 e
1710 1105 1967 1148 Florentinis
1998 1119 2077 1147 no-

389 1160 491 1201 stris
526 1161 613 1202 ulla
652 1163 828 1202 enotata
858 1160 1053 1202 lectionis
1091 1160 1381 1215 discrepantia
1421 1167 1514 1214 est,
1553 1174 1634 1203 nec
1664 1162 1843 1205 Bastius
1873 1169 1918 1206 et
1947 1163 2078 1204 Gais-

389 1217 541 1259 sordus
578 1217 621 1258 in
658 1216 787 1259 Bodl.
826 1222 872 1260 et
912 1218 1011 1260 Vat.
1048 1217 1103 1260 A.
1131 1218 1360 1272 quidquam
1389 1223 1665 1273 repererunt,
1705 1220 1821 1273 quod
1851 1234 1875 1262 a
1904 1222 2078 1274 vulgata

393 1274 611 1328 scriptura
639 1273 831 1317 recedat.
901 1273 1054 1329 Raque
1093 1275 1180 1317 noli
1222 1289 1319 1319 cum
1360 1275 1527 1319 editore
1570 1276 1841 1320 Berolinensi
1875 1254 2002 1334 Ἐγὼυ
2025 1276 2074 1329 δ)

391 1331 606 1401 probare²

508 1387 609 1445 πρὸ
651 1391 752 1430 τοῦ
790 1387 846 1431 δὲ
882 1387 1120 1444 nepotc-J
1160 1389 1212 1432 V.
1243 1393 1416 1443 προτοῦ
1426 1389 1587 1443 ‚quod
1624 1403 1649 1432 e
1680 1390 1776 1434 vat.
1811 1389 1866 1436 A.
1893 1391 2012 1435 Flor.
2041 1405 2080 1433 a.

393 1448 435 1493 b.
468 1459 506 1489 c.
539 1447 565 1489 i.
596 1458 639 1489 ιι.
665 1451 895 1489 mutatum.
959 1447 1096 1489 Bekk.
1129 1452 1275 1518 tamen
1305 1461 1329 1489 e
1360 1447 1451 1488 suis
1481 1447 1577 1489 nihil
1609 1449 1789 1492 notavit.

507 1504 561 1548 P.
596 1503 691 1550 173Δ
753 1519 857 1562 οπῃ
887 1501 1142 1560 τύχοιμι]
1176 1503 1283 1545 ὃίιοι
1311 1505 1412 1547 Par.
1443 1504 1535 1546 DK·
1571 1504 1669 1549 vat.
1698 1520 1741 1562 p.
1774 1504 1902 1550 vind.
1930 1505 1972 1549 7.

397 1660 480 1699 se,
510 1645 795 1687 Socratem
835 1657 962 1688 vero
997 1657 1096 1687 non
1126 1645 1203 1687 in·

398 1703 679 1746 troivisse.
708 1701 814 1744 lbid.
851 1705 912 1744 A.
943 1704 1020 1756 ἔφη
1049 1700 1201 1744 ἀπονί-

399 1763 486 1812 ζειν
514 1775 594 1810 τον
627 1759 778 1801 παῖδα.
811 1759 865 1804 Ρ.
901 1759 997 1804 176
1030 1763 1090 1803 A
1121 1760 1201 1816 ἲφη

399 1841 456 1851 -
495 1808 688 1864 σπονδάς
726 1831 772 1858 τε
815 1821 935 1887 σφᾶς
964 1815 1197 1870 ποιήσα-

400 1878 540 1918 σθαι
568 1891 643 1916 και
669 1873 858 1944 ᾄσαντας
887 1890 968 1915 τον
947 1874 1104 1916 vetar
1132 1891 1184 1916 κα
1159 1874 1204 1915 αὶ

401 1930 540 1975 τᾶλλα
579 1919 843 2003 νομιζόμενα
892 1936 1203 1988 τρέπεσθαι

401 1990 532 2045 πρὸς
554 2007 603 2031 το
582 1988 633 2030 ὂν
669 1988 829 2042 πότον,
870 2002 923 2031 ex
962 2003 1047 2044 quo
1088 1991 1204 2042 loco,

403 2048 506 2103 quid
566 2046 752 2090 aoristus
812 2051 944 2100 atque
1001 2061 1206 2102 praesens

405 2113 577 2160 tempus
617 2102 927 2158 significatione
966 2118 1043 2147 sua
1082 2105 1205 2149 diffe-

404 2169 516 2215 rant,
544 2162 671 2204 facile
702 2174 954 2216 cognoscas.
993 2162 1207 2205 ibid-152

406 2237 488 2262 ουν
507 2219 615 2260 Hm
619 2221 770 2261 amam
801 2221 878 2274 ἔφη
902 2217 954 2259 20'
928 2220 1206 2272 ογουτοιού-

404 2293 484 2320 του
516 2294 608 2319 τιιο
616 2292 636 2323 ς
663 2274 906 2342 κατάρχειν.
941 2276 991 2319 Ρ.
1018 2275 1111 2322 178.
1147 2281 1206 2320 A:

404 2340 578 2392 πρῶτον
609 2336 687 2389 μὲν
713 2333 795 2389 γὰρ
819 2357 873 2364 -—
899 2335 980 2388 ἔφη
1013 2338 1080 2375 ‘Im
1085 2336 1153 2376 ῖιδι
1161 2352 1208 2375 ον
1224 2345 1227 2357 ’

405 2415 461 2424 —
510 2393 658 2447 λέγι.εν
706 2392 868 2447 Cratyl.
917 2405 958 2446 p.
1007 2390 1103 2435 397
1156 2395 1206 2435 C.

406 2451 549 2504 Gorg.
578 2463 619 2504 p.
650 2448 751 2494 489.
783 2449 860 2502 0.
903 2449 975 2490 ubi
1008 2450 1209 2493 Coraes

407 2506 573 2553 ἐδόκεις
639 2507 941 2548 ἐνδείκνυσθαι
1007 2510 1210 2562 malebat,

408 2564 520 2607 conf.
553 2563 816 2606 Matthiae
847 2564 925 2606 Gr.
955 2563 992 2616 §.
1020 2564 1122 2610 499.

467 2622 514 2663 C·
568 2614 887 2662 Ho'oev-w
864 2621 1208 2678 υΓλαύκωνς]

409 2677 746 2731 Distinguendus
794 2676 860 2718 llic
901 2682 970 2719 est
1006 2691 1030 2719 a
1073 2679 1210 2720 Glau-

409 2748 519 2776 cone
563 2735 658 2785 illo,
706 2733 902 2774 Platonis
941 2733 1097 2786 fratre,
1137 2736 1208 2788 qui

410 2792 454 2833 in
491 2790 607 2832 libris
644 2790 699 2831 de
738 2789 975 2844 Republica
1015 2804 1208 2834 comme-

410 2852 613 2891 moratur.
676 2846 1048 2888 Commemoratur
1078 2850 1208 2891 etiam

410 2902 626 2947 Charmid.
666 2916 708 2957 p.
749 2903 844 2947 154.
885 2909 936 2945 A.
1013 2904 1078 2946 De
1118 2907 1208 2948 eius

411 2966 542 3016 gente
579 2973 621 3001 v.
660 2959 891 3002 Procius
929 2960 982 3002 ad
1023 2960 1135 3004 Tim.
1169 2977 1210 3018 p.

409 3019 467 3063 25
530 3017 1207 3071 Schol.1³1at.p.201.ed.

409 3064 584 3120 Ruhnk.
619 3079 665 3117 et
701 3080 849 3117 nostra
895 3076 950 3117 ad
991 3075 1206 3119 Charmid-

409 3148 453 3190 p.
480 3132 553 3178 84.
614 3132 851 3174 Hominem
892 3132 1027 3176 fuisse
1063 3148 1087 3176 a
1120 3134 1212 3189 phi-

410 3189 631 3246 losophiae
661 3188 805 3231 studio
835 3190 1018 3233 alienum
1053 3191 1213 3235 docent

409 3261 522 3302 quae
552 3246 710 3290 deinde
739 3245 958 3292 dicuntur·
996 3248 1087 3320 πρὸ
1130 3252 1213 3291 τοῦ

409 3306 458 3347 δὲ
486 3307 753 3373 περιτρέχων
772 3327 831 3335 -·
859 3303 958 3357 ουχ
988 3299 1156 3357 ἧττον
1187 3307 1213 3360 ἢ

410 3360 468 3405 σὺ
504 3363 643 3415 νυνί,
681 3358 908 3432 οἰόμενος
932 3363 1019 3404 δεῖν
1070 3363 1213 3406 πάντα

409 3419 574 3476 μᾶλλον
626 3417 833 3476 πράττειν
879 3417 908 3473 οἷ
947 3419 1176 3477 φιλοσοφεῖ
1179 3439 1209 3463 ν.

1286 1645 1494 1687 Ceterum
1530 1643 1675 1688 πόθεν
1713 1647 1771 1690 ita
1809 1645 1988 1698 dicitur,
2035 1650 2083 1687 nt

1286 1701 1445 1744 habeat
1471 1704 1557 1746 vim
1590 1705 1790 1760 negandi,
1825 1718 1864 1746 v-
1885 1704 2020 1758 Gorg.
2039 1716 2080 1756 p.

1284 1758 1386 1803 471.
1427 1761 1480 1802 D.
1520 1762 1654 1816 Hipp.
1698 1763 1795 1805 mai.
1830 1774 1871 1816 p.
1898 1760 1997 1806 285.
2031 1761 2083 1801 Ι).

1285 1817 1457 1860 Menex.
1504 1832 1546 1872 p.
1587 1819 1687 1865 235.
1727 1820 1778 1863 C.
1813 1817 2083 1872 Aris-toph.

1287 1875 1400 1918 Ran.
1427 1889 1467 1918 v.
1497 1875 1596 1920 968.
1638 1877 1876 1919 Ecclesiaz-
1912 1889 1953 1918 v.
1985 1875 2084 1921 330-

1279 1931 1411 1976 1021.

1346 1988 1548 2032 ἐνθάδε
1601 1988 1697 2031 ουίι
1755 1987 2085 2044 ἐπιδεδήμη-

1288 2047 1421 2102 κενς]
1455 2047 1623 2101 Agatho
1651 2047 1786 2100 enim,
1817 2060 1945 2101 quum
1971 2052 2087 2088 esset

1291 2104 1420 2147 homo
1449 2106 1590 2147 mollis
1619 2118 1670 2146 ac
1701 2105 1935 2157 delicatus,
1973 2104 2083 2145 dici-

1290 2167 1361 2203 tur
1398 2163 1438 2204 in
1482 2162 1782 2205 Macedoniam
1828 2162 2087 2215 aliquamdiu

1293 2219 1515 2274 profectus
1556 2233 1653 2262 esse
1698 2221 1751 2262 ad
1789 2221 1967 2274 opipara
2008 2223 2088 2260 Ar-

1291 2276 1424 2319 chelai
1461 2278 1625 2331 tyranni
1662 2278 1852 2319 convivia
1891 2278 2088 2318 concele-

1291 2334 1469 2388 branda,
1498 2347 1539 2380 v,
1573 2333 1750 2376 Schol.
1784 2334 1838 2376 ad
1871 2332 2088 2387 Aristoph.

1293 2392 1404 2434 Rari.
1437 2405 1473 2432 v.
1504 2391 1576 2437 85.
1634 2391 1764 2436 Quod
1794 2391 1964 2446 quidem
2006 2403 2089 2431 non

1294 2455 1395 2504 post
1459 2450 1629 2503 olymp.
1698 2449 1778 2499 93.
1836 2449 1872 2491 Ι.
1927 2447 2087 2489 factum

1294 2506 1430 2548 videri
1505 2506 1787 2560 probabiliter
1854 2505 2091 2559 disputavit

1296 2562 1526 2606 Ritschl.
1567 2564 1631 2606 De
1664 2562 1901 2617 Agathonis
1934 2563 2015 2602 vita
2048 2574 2087 2614 p.

1299 2622 1349 2664 19
1377 2634 1470 2673 sqq.
1533 2620 1598 2661 Ad
1642 2619 1748 2661 lianc
1783 2618 2091 2672 peregrinatio-

1293 2689 1389 2718 nem
1431 2677 1510 2718 lioc
1548 2678 1643 2718 loco
1681 2676 1835 2730 respici
1871 2676 1960 2717 veri
2006 2687 2090 2716 non

1297 2733 1501 2775 dissimile
1561 2737 1641 2774 est.
1692 2756 1747 2764 —-
1836 2734 2092 2787 ἐπιμελὲς

1295 2791 1619 2844 πεποίημαι,
1685 2788 1766 2832 iel·
1831 2790 1976 2832 lasse
2036 2803 2092 2832 es

1296 2848 1465 2889 meine
1495 2848 1670 2899 Sorge
1699 2847 1826 2890 sein.

1355 2905 1406 2946 P.
1444 2905 1539 2947 173.
1598 2903 1701 2961 δ’πῃ
1731 2902 1983 2959 τύχοιμι]
2025 2902 2092 2946 Ne

1296 2964 1391 3016 quis
1425 2961 1528 3003 ὖήοι
1553 2962 1880 3015 praeferendum
1900 2966 2091 3011 censeat,

1297 3019 1413 3073 quod
1452 3020 1492 3061 in
1531 3021 1697 3072 aliquot
1735 3019 1852 3061 libris
1882 3019 2091 3087 scriptum

1297 3082 1454 3128 exstat,
1485 3083 1586 3131 apte
1609 3076 1875 3130 comparavit
1906 3075 2093 3117 Astius

1298 3135 1518 3177 Phaedon.
1540 3147 1584 3188 p.
1610 3133 1707 3179 113.
1729 3133 1788 3175 B:
1824 3149 1910 3190 οπη
1940 3148 1993 3172 αν
2013 3130 2094 3172 ‘tv‘-

1294 3208 1402 3244 χωσι
1430 3196 1508 3244 τῆς
1534 3195 1625 3246 γῆς.
1683 3177 1893 3233 Nimirum
1917 3194 2094 3232 seuten-

1297 3251 1355 3292 tia
1400 3248 1506 3291 haec
1557 3252 1646 3290 est·
1704 3253 1929 3299 temere,
1982 3246 2094 3287 ubi-

1296 3319 1500 3360 cunque
1546 3317 1706 3348 casus
1752 3304 1965 3348 ferebat
2002 3303 2095 3344 ob-

1297 3377 1497 3406 errans.
1569 3361 1636 3406 Ad
1682 3360 1862 3417 τύχοιμι
1919 3365 2094 3416 repetas

1295 3427 1563 3477 περιτρέχων.
