2158 3718
769 205 1024 250 PHAEDo
1056 220 1103 264 p.
1135 207 1230 250 118.

534 285 553 302 Ο

1776 204 1882 259 309

111 362 215 409 πος
253 345 594 412 ἐξεκάλυψεν
630 340 823 414 αὐτόν,
862 347 956 399 καὶ
993 343 1054 409 ὃς
1088 343 1156 399 τά
1193 343 1409 415 ὄμματα
1447 347 1700 415 ἔστησεν·
1744 343 1884 398 ἰδών

113 428 174 484 δὲ
213 428 242 484 ὁ
268 433 492 501 Κρίτων
517 430 786 504 ξυνέλαβε
823 429 884 484 τὸ
924 430 1098 501 στόμα
1135 450 1194 483 τε
1230 431 1324 483 καὶ
1361 427 1492 493 τοὺς
1529 428 1878 499 ὀφθαλμούς.

253 519 365 584 Cap.
393 519 577 569 LXVII.
617 514 644 534 ‘'

643 518 760 569 Ηδε
797 513 830 587 ἡ
869 516 1118 585 τελευτή,
1158 508 1202 568 ὦ
1223 512 1555 585 Ἐχέκρατες,
1594 519 1696 568 τοῦ
1735 513 1881 568 ἑταί-

114 618 218 668 ρου
254 598 387 670 ἡμῖν
427 600 665 670 ἐγένετο,
706 600 928 672 ἅνδρόςρ
958 598 1031 664 ὡς
1055 599 1210 671 ἡμεῖς
1236 610 1444 670 φαῖμεν
1469 597 1560 668 ἄν,
1598 603 1713 652 τῶν
1737 599 1880 668 τότε,

223 785 324 841 Cap.
356 786 526 828 LXVII.
570 787 674 830 τῶν
713 781 859 843 τότε]
902 788 1066 829 Desunt
1092 788 1195 829 haec
1223 788 1266 829 in
1289 787 1414 829 Coisl.
1460 788 1572 830 Idem
1604 789 1757 829 deinde
1785 801 1880 828 cum

112 843 235 884 Vind.
259 844 297 886 Φ
321 838 679 900 φρονιμωτάτου
701 858 750 887 τε
771 842 855 886 καὶ
876 844 970 887 δικ.

111 999 347 1050 tiquissimo
377 1014 427 1041 ae
455 1002 702 1042 fidelissimo
733 1009 950 1054 peractum

109 1068 206 1096 esse
235 1064 438 1099 narratur.
489 1060 592 1099 Rem
622 1070 785 1098 omnem
828 1059 951 1098 docte

110 1113 393 1154 dilucidarunt
420 1114 752 1155 Kirchmann.
792 1115 852 1154 De
882 1115 948 1154 fu-

111 1170 280 1209 neribus
311 1171 341 1211 Ι.
371 1171 409 1211 6
439 1184 483 1225 Ρ
503 1172 559 1212 45
588 1178 628 1210 et
657 1170 949 1215 Gasaubon.

107 1226 161 1265 ad
185 1225 299 1268 Suet.
322 1226 462 1270 Oct-,av
486 1229 555 1269 99.

165 1281 284 1337 Cap.
299 1283 473 1325 LXVII.
536 1282 645 1326 τῶν
683 1279 836 1336 τότε,
880 1273 952 1327 ὧν

108 1331 530 1404 ἐπειράθημεν,
563 1333 828 1395 άρίστου,
851 1339 950 1382 καὶ

107 1387 289 1445 ἄλλως
319 1394 430 1452 φρ.]
466 1398 806 1451 Hirsehigius
836 1399 950 1438 clau—

107 1453 245 1493 sulam
286 1454 442 1507 dialogi
480 1455 612 1496 fuisse
621 1463 784 1524 putat
820 1454 950 1518 banc.

108 1501 194 1563 ἥδ’
223 1503 252 1576 ᾗ
290 1485 484 1565 τελευτὴ
518 1534 570 1540 -
607 1505 723 1566 ἡμῖν
762 1504 950 1566 ἐγένετο

108 1567 259 1607 ceteris
283 1568 475 1608 omnibus
498 1569 671 1609 abiectis
695 1575 734 1608 et
756 1568 949 1609 funditus

109 1623 271 1665 deletis.
295 1624 499 1664 Nimirum
522 1626 578 1666 ita
599 1626 659 1665 vil
682 1626 830 1666 doctus
853 1626 950 1665 effe-

107 1680 217 1720 cisse
233 1680 312 1721 sibi
329 1681 495 1727 videtur
516 1683 691 1723 eandem
714 1682 826 1722 illius
848 1683 949 1723 sim-

106 1736 348 1789 plicitatem,
379 1751 486 1790 quae
518 1747 580 1779 est
608 1739 778 1792 propria
805 1739 950 1780 Xeno·

105 1792 278 1847 phontei
326 1793 563 1848 Symposii‚
626 1797 746 1836 cuius
806 1796 951 1836 ultima

109 1850 233 1892 verba
273 1850 377 1891 haec
410 1860 530 1892 sunt:
572 1844 698 1917 αὕτη
728 1851 813 1894 τοῦ
843 1847 950 1894 τότε

107 1907 373 1961 συμποσίου
401 1903 430 1962 ἡ
459 1903 719 1975 κατάλυσις
750 1904 949 1963 ἐγένετο.

107 1964 191 2005 Sed
213 1966 306 2017 quis
329 1974 393 2006 est
413 1967 512 2018 quin
536 1967 678 2006 videat
704 1967 746 2006 in
776 1978 949 2019 sympo-

106 2022 160 2062 sii
209 2022 496 2076 descriptione
553 2024 716 2062 nullum
766 2024 950 2075 amplius

107 2091 215 2132 opus
244 2078 379 2120 fuisse
407 2080 704 2133 praeconium3
735 2079 853 2119 aliter
874 2092 948 2119 au-

106 2143 191 2174 tem
218 2148 306 2175 rem
336 2148 381 2175 se
408 2135 584 2190 habere,
627 2136 700 2176 ubi
737 2143 948 2175 narratum

108 2199 172 2231 est
192 2192 244 2231 de
264 2200 397 2231 morte
419 2192 632 2232 Socratis?
662 2192 714 2232 Et
743 2193 837 2242 quis
870 2193 950 2232 sibi

106 2248 361 2302 persuadeat
390 2256 602 2302 postrema
631 2248 736 2288 haec
758 2248 947 2289 Phaedo·

109 2305 176 2344 nis
199 2305 331 2344 verba
354 2305 406 2344 de
428 2304 560 2346 nihilo
583 2312 671 2345 orta
695 2317 803 2355 esse,
825 2317 948 2358 prae-

109 2361 253 2401 sertim
284 2373 381 2400 cum
411 2363 451 2401 in
483 2363 677 2402 omnibus
709 2362 825 2402 libris
847 2374 950 2402 cou-

106 2418 366 2458 stantissime
388 2426 551 2458 servata
583 2418 697 2459 sint?
737 2418 822 2458 Nec
849 2431 949 2459 vero

107 2474 336 2526 quidquam
359 2475 401 2514 in
423 2475 530 2529 ipsis
553 2475 692 2516 verbis
716 2474 951 2529 deprehen-

106 2531 197 2584 das,
221 2532 334 2583 quod
356 2531 635 2571 adulterinam
658 2544 801 2572 eorum
824 2533 951 2584 origi--

108 2601 202 2628 nem
229 2595 395 2654 arguat.
435 2587 541 2628 Nam
572 2589 686 2639 quod
707 2589 755 2630 H.
777 2588 951 2628 albitra-

107 2652 171 2684 tur
190 2645 304 2685 istud
325 2638 387 2692 ὡς
408 2638 545 2700 ἡμεῖς
567 2648 749 2698 φαῖμεν
770 2637 831 2686 άν
852 2646 951 2685 alie-

108 2707 205 2741 num
228 2714 325 2741 esse
344 2703 396 2742 ab
419 2714 497 2741 usu
519 2701 740 2754 loquendi,
760 2702 951 2754 quando-

106 2758 273 2809 quidem
315 2770 392 2798 nec
422 2757 592 2798 Phaedo
633 2759 734 2799 alibi
775 2771 949 2799 numeio

106 2813 259 2867 plurali
284 2822 427 2854 utatur
455 2827 532 2855 nec
561 2816 772 2868 optativus
813 2817 951 2856 locum

107 2883 230 2909 suum
255 2878 365 2910 recte
386 2879 540 2921 teneat,
571 2873 730 2925 quippe
758 2873 827 2924 qui
850 2885 948 2926 pro-

107 2926 260 2966 babilia
281 2934 441 2967 tantum
463 2928 634 2979 indicet,
658 2939 850 2969 neutrum
875 2941 950 2969 nos

107 2990 263 3033 movet,
295 2991 341 3023 ut
370 2983 421 3022 de
449 2985 682 3037 scripturae
712 2986 953 3026 sinceritate

107 3051 199 3078 eum
223 3038 315 3091 ipso
340 3039 594 3083 dubitemus,
620 3040 724 3080 Nam
747 3042 949 3094 pluralem

109 3107 326 3134 numerum
356 3096 427 3136 ubi
466 3096 739 3148 respicimus,
770 3098 954 3150 loquitur

106 3151 274 3192 Phaedo
305 3164 476 3192 suorum
516 3151 785 3192 familiarium
817 3155 957 3193 omni-r

107 3221 177 3248 um
219 3209 387 3248 nomine
430 3209 615 3260 graviter
650 3209 775 3249 etiam
811 3204 951 3263 ἡμεῖς

106 3265 280 3305 addens.
324 3263 567 3318 Optativum
609 3272 748 3304 autem
788 3274 952 3306 constat

107 3334 181 3374 per
212 3321 392 3361 Atticam
430 3321 710 3360 urbanitatem
748 3322 871 3361 etiam
908 3324 949 3362 in

107 3387 314 3418 certarum
364 3390 501 3418 rerum
552 3379 860 3418 asseveratione
912 3388 951 3419 et

107 3433 423 3474 confirmatione
501 3434 710 3488 usurpari.
806 3437 951 3486 Itaque

105 3490 228 3530 istam
271 3490 439 3540 quidem
491 3491 679 3530 criticam
729 3491 948 3532 damnato-

107 3546 209 3586 riam
231 3547 459 3588 mittamus.
484 3547 768 3600 Exploremus
788 3548 947 3600 potius,

1037 1002 1248 1054 quomodo
1277 1002 1409 1042 verba
1435 1002 1653 1043 tractanda
1675 1002 1758 1042 sint
1778 1003 1881 1042 sub·
1927 1020 1929 1022 ·

1037 1060 1167 1101 tilius,
1209 1058 1445 1098 Haeserunt
1465 1070 1565 1099 vero
1587 1059 1630 1098 in
1651 1059 1733 1098 illis
1758 1060 1878 1098 etiam

1037 1115 1190 1155 summi
1207 1115 1298 1159 viri
1313 1114 1433 1155 Dan.
1440 1115 1880 1167 Wyttenbaehius

1039 1179 1079 1211 et
1108 1171 1153 1214 L.
1185 1171 1229 1211 F.
1261 1171 1623 1212 Heindolfius.
1675 1171 1779 1211 Nam
1811 1171 1881 1211 ille

1039 1228 1211 1278 quidem
1252 1228 1522 1268 scribendum
1571 1237 1749 1281 censetg
1789 1225 1882 1270 τῶν

1036 1296 1247 1335 πωποτε,
1289 1285 1357 1324 hie
1395 1293 1534 1325 autem
1570 1291 1703 1325 totum
1743 1284 1881 1324 locum

1037 1342 1097 1382 sic
1137 1341 1327 1408 refingit:
1388 1334 1586 1407 άνδρός,
1635 1334 1721 1406 ὡς
1744 1334 1882 1408 ἡμεῖς

1079 1401 1220 1453 αῖμεν
1253 1390 1329 1447 ἅν,
1371 1391 1625 1464 πάντων,
1667 1390 1773 1439 τότε
1814 1412 1882 1448 ως

1062 1442 1376 1522 πειράθημεν,
1407 1448 1604 1505 άρίστου
1624 1452 1708 1496 καὶ
1729 1446 1883 1504 άλλως

1038 1507 1402 1582 φρονιμωτάτου
1431 1512 1596 1552 collatis
1626 1513 1710 1552 illis
1733 1524 1777 1564 p.
1802 1513 1882 1553 116

1038 1570 1068 1612 C
1104 1565 1153 1612 σε
1190 1562 1239 1611 δ’
1278 1562 1365 1624 εγὼ
1397 1566 1480 1610 καὶ
1510 1559 1662 1617 ἄλλως
1698 1564 1882 1635 ἔγνωκα

1038 1621 1089 1670 ἐν
1111 1640 1260 1682 τουτῳ
1283 1625 1346 1692 τῷ
1370 1619 1520 1680 χρόνῳ
1543 1638 1882 1694 γενναιοτάτον

1038 1681 1197 1726 -καὶ
1233 1670 1299 1737 ’δὴ
1336 1682 1428 1725 νῦν
1462 1669 1546 1724 καὶ
1584 1671 1637 1725 εὖ
1673 1677 1772 1724 οἷδ’
1808 1696 1883 1724 οτι

1040 1737 1127 1784 οὐκ
1158 1734 1263 1795 ἐμοὶ
1272 1698 1593 1794 ηχαλεπανεῖς.
1636 1739 1797 1788 Quibus
1820 1747 1882 1780 ta-

1037 1811 1134 1839 men
1168 1798 1472 1838 mutationibus
1502 1809 1666 1849 vereor,
1698 1803 1744 1836 ut
1774 1809 1882 1850 opus

1036 1857 1103 1904 sit,
1137 1854 1364 1895 dummodo
1396 1853 1538 1894 omnia
1575 1862 1688 1893 recte
1728 1853 1883 1893 fuerint

1036 1912 1259 1952 intellecta.
1301 1910 1480 1951 Videtur
1501 1917 1641 1949 autem
1672 1910 1882 1950 sententia

1036 1969 1140 2009 haec
1171 1980 1289 2007 esse:
1330 1967 1430 2006 viri
1469 1974 1650 2006 nostro
1678 1967 1880 2006 iudicio

1037 2024 1364 2076 aequalium,
1389 2035 1519 2075 quos
1550 2022 1759 2074 quidem
1782 2035 1881 2062 usu

1037 2080 1404 2135 cognovimus,
1455 2079 1881 2132 praestantissi—

1036 2139 1101 2178 mi
1140 2146 1187 2178 et
1217 2137 1376 2177 aliter
1406 2148 1613 2188 quoque
1641 2137 1698 2187 (si
1726 2137 1778 2176 ab
1808 2148 1879 2176 ae·

1037 2195 1232 2247 qualibus
1256 2193 1575 2234 discesserimus
1597 2193 1719 2233 nobis
1741 2190 1883 2246 cogni—

1038 2249 1114 2303 tis)
1138 2250 1535 2303 sapientissimi
1567 2257 1614 2289 et
1634 2250 1880 2290 iustissi-

1038 2309 1116 2349 mi.
1183 2306 1346 2347 Etenim
1389 2304 1480 2346 τῶν
1519 2299 1624 2347 τότε
1665 2306 1881 2346 sollemnis

1040 2371 1103 2404 est
1125 2363 1334 2405 formula'
1326 2376 1368 2402 ιιι
1399 2362 1608 2403 eiusmodi
1628 2363 1881 2427 praeconiis.

1037 2422 1135 2461 Her.
1167 2422 1195 2460 1.
1227 2422 1280 2461 23
1316 2411 1572 2487 Ἀρίονα-
1602 2414 1882 2474 κιθαρῳδὸν

1038 2477 1147 2519 τῶν
1168 2470 1299 2518 τότε
1322 2433 1751 2524 ἐόντωνοῦδενός
1762 2462 1882 2517 δεύ-

1036 2547 1187 2587 τερον.
1219 2534 1324 2573 Plat.
1355 2533 1512 2600 Epist
1529 2533 1621 2573 VH.
1666 2545 1706 2586 p.
1739 2534 1822 2574 324
1840 2530 1882 2582 ΙΕ

1038 2584 1267 2655 Σωκράτη
1290 2611 1341 2618 --
1364 2583 1451 2631 οὐκ
1481 2603 1542 2631 αν
1566 2586 1883 2643 αἰσχυνοίμην

1038 2641 1185 2690 εἰπων
1239 2641 1548 2688 δικαιότατον
1604 2640 1727 2688 εἶναι
1777 2645 1884 2687 τῶν

1037 2699 1168 2746 τότε
1189 2703 1308 2755 (den
1332 2702 1708 2756 gerechtesten
1732 2702 1880 2743 Manu

1038 2762 1215 2802 seiner
1255 2758 1404 2826 Zeit).
1468 2759 1616 2825 Symp.
1657 2772 1700 2813 Ρ.
1746 2761 1826 2800 173
1848 2758 1880 2798 Β

1040 2807 1287 2883 ἐραστὴς
1261 2809 1325 2858 ω“ν
1347 2810 1399 2858 ἐν
1419 2819 1518 2865 τοῖς
1540 2809 1758 2881 μάλιστα
1774 2815 1883 2858 τῶν

1039 2868 1179 2916 τότε.
1203 2874 1316 2914 Xen.
1329 2874 1465 2914 Anah.
1485 2874 1535 2913 ΙΙ.
1558 2875 1598 2922 2,
1622 2874 1676 2914 20
1696 2865 1882 2926 κήρυκα

1039 2922 1234 2983 ἄριστον
1255 2928 1363 2972 τῶν
1384 2923 1481 2971 τότ
1495 2943 1529 2973 ε.
1562 2903 1673 2984 A’pte
1693 2942 1793 2970 vero
1815 2929 1883 2969 hic

1036 2988 1222 3040 positum
1251 2980 1373 3040 τότε,
1405 2987 1519 3038 quod
1548 2987 1670 3026 etiam
1701 2986 1752 3026 de
1774 2993 1878 3025 tem·

1037 3057 1141 3097 pore
1161 3056 1247 3084 non
1277 3044 1403 3097 longe
1428 3044 1655 3098 praeterito
1687 3043 1882 3094 usurpari

1037 3108 1216 3143 constat.
1258 3114 1302 3141 ν.
1343 3101 1396 3141 ad
1435 3101 1598 3140 Politic.
1639 3111 1678 3151 p.
1720 3100 1802 3138 263
1829 3098 1879 3138 Ε.

1036 3156 1201 3197 Phileb.
1250 3170 1292 3210 p.
1338 3159 1419 3198 114
1469 3157 1535 3199 ed.
1585 3156 1700 3207 Lips.
1756 3155 1877 3194 1820.

1037 3213 1255 3257 Brunck.
1283 3214 1348 3279 rad
1383 3214 1512 3255 Arist
1550 3211 1878 3264 Lysistr.1023.

1036 3269 1122 3309 Nee
1145 3282 1244 3310 vero
1266 3259 1332 3311 ὧν
1353 3262 1680 3321 ἐπειράθημεν
1702 3278 1876 3316 quomo-

1037 3325 1089 3365 do
1127 3327 1417 3378 accipiendum
1456 3326 1509 3364 sit
1540 3324 1713 3363 dubium
1745 3322 1875 3362 videri

1036 3389 1190 3447 potest.
1211 3382 1320 3423 Xen.
1344 3383 1479 3422 Anab.
1504 3383 1535 3423 I.
1558 3382 1598 3431 9,
1620 3383 1641 3420 1
1664 3393 1725 3426 ως
1746 3371 1876 3443 παρά

1036 3431 1229 3479 πάντων
1257 3432 1561 3507 ὁμολογεῖται
1593 3432 1685 3477 τῶν
1715 3429 1878 3484 Κύρου

1038 3488 1309 3536 δοκούντων
1350 3507 1400 3535 εν
1429 3492 1581 3559 πείρᾳ
1631 3488 1878 3559 γενέσθαι.

1038 3551 1142 3592 lbid
1169 3552 1219 3593 11
1240 3553 1319 3597 6,1
1343 3545 1599 3602 Κλέαρχος,
1622 3548 1880 3601 ομολογου-
