2158 3718
1986 18 2071 45 ⁷²t³.·*,
2098 19 2158 43 .s..*2

2035 45 2062 51 -ο
2084 43 2126 54 *η
2150 49 2155 52 ,

305 125 411 178 306
1037 123 1365 170 PLATONIS
1424 131 1426 133 ’

305 264 502 330 ἐξέπιε.
579 266 672 319 καὶ
717 262 876 336 ἡμῶν
924 266 982 319 οἱ
1022 265 1223 318 πολλοὶ
1267 265 1402 328 τέως
1448 265 1553 335 μὲν
1592 265 1850 328 ἐπιεικῶς
1885 256 1999 318 οἶοί
2029 283 2090 318 τε

266 342 451 422 «ἦσαν
500 350 752 420 κατέχειν
798 346 861 403 τὸ
907 346 982 419 μὴ
1031 348 1328 419 δακρύειν,
1381 346 1454 412 ὥς
1493 349 1554 403 δὲ
1595 349 1817 418 εἴδομεν
1853 344 2090 402 πίνοντά

276 425 364 488 οτε
409 435 504 488 καὶ
550 435 874 502 πεπωκότα,
923 433 1139 501 ου’κέτι,
1190 431 1317 486 ἀλλ’
1358 434 1497 504 ἐμοῦ
1543 454 1607 502 γε
1645 436 1740 504 βία
1778 433 1871 486 καὶ
1909 429 2088 486 αὐτοῦ

305 518 535 573 άστακτὶ
562 519 761 589 ἐχώρει
786 516 853 571 τοὶ
881 518 1119 588 δάκρυα,
1161 515 1295 581 dign
1324 518 1782 588 ἐγκαλυψάμενος
1808 515 2090 571 άπέκλαον

307 603 579 675 ἐμαυτόν·
632 603 702 657 οὐ
738 594 858 672 γὰρ
885 600 953 671 δὴ
994 601 1216 656 ἐκεῖνόν
1253 621 1335 670 γε,
1375 600 1516 655 ἀλλὰ
1555 600 1656 672 τὴν
1706 604 1952 672 ἐμαυτοῦ
1989 601 2089 654 τύ-

241 705 274 745 D
306 709 440 758 χην,
489 689 615 742 οἵου
652 685 872 758 ἀνδρὸς
890 686 1122 757 ,ἑταίρου
1163 687 1526 757 ἐστερημένος
1565 691 1703 757 εἴην.
1780 685 1809 740 ὁ
1849 687 1910 741 δὲ
1947 689 2090 756 Κρί-

253 775 270 782 ”
303 792 417 826 των
463 761 544 827 ἔτι
580 772 853 843 πρότερος
892 772 1060 842 ἐμοῦ,
1111 770 1303 841 ἐπειδὴ
1343 770 1447 840 ούχ
1485 766 1602 834 οἷός
1638 770 1689 824 τ’
1729 766 1800 842 ἦν
1839 771 2091 840 κατέχειν

303 855 370 911 τά
422 857 670 928 δάκρυα,
723 857 1003 926 ἐξανέστη.
1066 854 1485 926 Ἀπολλόδωρος
1533 856 1594 909 δὲ
1644 857 1737 909 καὶ
1777 857 1840 910 ἐν
1878 859 1954 927 τῷ
1993 857 2089 925 ἔμ-ζ

303 948 560 1013 προσθεν
597 940 783 1014 χρόνῳ
810 940 981 996 οὐδὲν
1009 942 1247 996 ἐπαύετο
1287 941 1573 1011 δακρύων,
1614 941 1706 994 καὶ
1744 938 1812 1010 δὴ
1849 940 1942 994 καὶ
1966 940 2090 993 τότε

303 1025 839 1098 άναβρυχησάμενος
884 1026 1075 1080 κλάων
1122 1027 1214 1079 καὶ
1263 1024 1596 1095 ἀγανακτῶν
1651 1025 1857 1078 οὐδένα
1895 1022 2092 1078 ὅντινα

304 1109 374 1166 ού
411 1112 718 1166 κατέκλασε
755 1116 871 1165 τῶν
907 1111 1226 1181 παρόντων,
1265 1112 1414 1181 πλήν
1439 1131 1501 1180 γε
1529 1108 1705 1164 αὐτοῦ
1734 1109 2090 1179 Σωκράτους.

421 1269 466 1313 C.
497 1262 619 1312 ἀλλ’
662 1263 799 1324 ἐμοῦ
841 1284 901 1325 ’γε
943 1269 1040 1326 βίᾳ
1080 1267 1177 1311 καὶ
1209 1264 1390 1312 αὐτοῦ
1423 1263 1690 1321 άστακτί]
1721 1265 1805 1310 καὶ
1826 1260 1975 1310 αὐτοῦ
2008 1266 2091 1322 βίᾳ

303 1329 450 1370 Ambr.
475 1320 627 1369 αὐτοῦ
650 1326 732 1381 βίᾳ
753 1320 854 1369 άστ.
876 1329 1033 1368 omisso
1055 1327 1144 1369 καί
1159 1329 1266 1370 Vcn.
1288 1327 1334 1374 Ξ
1351 1327 1595 1370 Vind.'1'‹1>.
1619 1320 1735 1379 ἐμοῦ
1757 1338 1810 1380 γε
1833 1318 1984 1366 αὐτοῦ
2008 1323 2090 1379 βίᾳ

304 1383 389 1427 καὶ
418 1377 518 1426 άστ.
552 1386 662 1437 Aug.
691 1385 819 1427 Vind.
844 1386 865 1425 1
898 1385 1133 1429 Zitt..Ven.
1157 1385 1207 1426 H
1233 1397 1327 1424 cum
1359 1385 1459 1425 Bas.
1483 1386 1507 1424 2
1536 1377 1643 1425 ἀλλ’
1668 1376 1782 1436 ἐμοῦ
1815 1395 1866 1436 γε
1899 1378 1983 1423 καὶ
2004 1375 2090 1422 αὐ·
2147 1431 2154 1438 Χ

304 1441 389 1484 τοῦ
431 1435 632 1483 οἷστακτὶ
670 1438 755 1483 καὶ
794 1440 878 1496 βίᾳ
920 1440 1051 1483 Coisl.
1094 1443 1189 1482 Vat.
1221 1442 1316 1483 Par.
1347 1440 1395 1481 G.
1449 1441 1644 1481 Ceterum
1683 1440 1802 1484 Bodl,
1838 1447 1879 1479 et
1908 1439 2015 1478 Ven.
2045 1438 2095 1479 H

302 1491 545 1540 ἄστακτεί.
1468 1496 1469 1499 ’

417 1547 728 1606 άπέκλαον]
769 1555 821 1594 V.
851 1547 1132 1597 άπέκλαιον.
1177 1554 1306 1599 Coisl.
1337 1547 1606 1596 ἐπέκλαιον.
1647 1554 1740 1596 Par.
1765 1552 1799 1594 G
1831 1546 2090 1605 άπέκλαον,

294 1612 418 1664 ,quod
442 1612 622 1654 Bekker.
648 1612 845 1652 restituit.
870 1625 908 1651 v,
932 1625 1031 1655 ann.
1057 1624 1120 1662 sq.

416 1682 465 1722 D.
497 1675 706 1733 κλάων]
747 1683 798 1722 V.
829 1682 1009 1724 κλαίων
1037 1690 1186 1722 eontra
1215 1683 1508 1733 Atticismum;
1551 1682 1729 1721 mutavit
1755 1680 1934 1722 Bekker.
1968 1693 2006 1724 v.
2037 1679 2089 1719 ad

305 1752 347 1794 p.
374 1739 706 1837 11ἰῗι>ιΕ’τ.ἐκλασ
718 1792 754 1848 ε]
780 1795 850 1835 Sic
873 1795 999 1836 Coisl.
1022 1795 1119 1838 Vat.
1138 1769 1250 1838 Ven.
1267 1794 1434 1842 ,E‘Hcd
1458 1796 1583 1836 Vind.
1607 1795 1754 1836 TPar.
1775 1793 1923 1835 CGHI
1945 1792 2088 1834 Ambr.

306 1853 413 1894 Flor.
440 1854 463 1891 b
486 1853 511 1891 d
535 1865 574 1891 m
607 1862 646 1892 et
674 1863 778 1892 corr.
809 1852 929 1892 Bodl.
954 1853 1060 1893 Ven.
1086 1852 1195 1894 ΛΠ.
1243 1854 1376 1905 Vulgo
1398 1848 1707 1894 κατέκλαυσε.

1243 1994 1594 2048 interpretationi,
1627 1988 1942 2044 siquidemmotl
1962 1984 2090 2046 μάλα

1241 2052 1299 2091 ita
1329 2052 1493 2100 dicitur,
1528 2059 1570 2090 ut
1598 2049 1687 2092 καί
1712 2051 1751 2089 νί
1784 2050 1965 2089 aurrcndi
1998 2050 2086 2100 pol-

1242 2108 1339 2157 leat,
1364 2117 1405 2148 et
1427 2120 1523 2147 cum
1557 2099 1756 2161 εὐχερῶς
1777 2081 1863 2147 καῖ
1886 2098 2089 2154 εὐκόλως

1240 2165 1451 2205 cohaeret.
1491 2163 1676 2217 Sophist.
1698 2176 1740 2217 p.
1765 2165 1848 2204 240
1869 2160 1901 2204 C
1921 2160 2089 2204 κινδυ-

1238 2214 1368 2263 νεύει
1392 2243 1444 2250 -
1473 2216 1556 2262 καὶ
1584 2213 1715 2274 μάλα
1743 2211 1937 2262 ἄτοπον.
1981 2219 2089 2260 Ibid.

1228 2271 1347 2332 ‘0905
1376 2275 1460 2319 καὶ
1482 2271 1621 2330 μάλα.
1657 2276 1813 2318 Aesch.
1835 2289 1870 2316 c.
1901 2275 2087 2330 Ctesipli,

303 2006 349 2033 re
378 1993 534 2034 liaustu
573 1993 777 2034 bibentes.
822 1994 943 2041 Quod
987 1995 1154 2048 egregie

304 2063 417 2090 nunc
438 2051 490 2090 de
513 2049 685 2091 Socrate
707 2059 913 2103 narratur,
931 2051 1002 2102 qui
1022 2063 1155 2105 pocu-

304 2106 390 2147 lum
423 2114 676 2146 veneuatum
703 2106 824 2164 fortis
852 2110 1057 2161 potatoris
1086 2108 1152 2147 iu—

293 2171 389 2204 astar
410 2164 640 2204 admodum
661 2162 838 2203 firmiter
860 2165 922 2204 ori
942 2165 1148 2204 adhibue-

302 2220 357 2260 rit
379 2228 419 2261 et
439 2220 677 2260 admirabili
706 2220 908 2264 facilitate
929 2228 1057 2272 atque
1078 2232 1148 2262 co-

303 2278 449 2317 mitate
470 2276 751 2317 vacuefecerit
776 2277 1009 2318 sorbitione
1035 2278 1149 2317 cicu-

303 2342 370 2374 tae
391 2346 475 2374 non
495 2333 749 2386 interrupta.
778 2334 952 2377 Lucian.
977 2335 1149 2377 Tox.37

304 2380 404 2443 ἅμα
433 2382 699 2444 ἀμφότεροι
731 2383 1038 2455 ἐπισχόμενοιτ
1073 2390 1152 2431 πί-

304 2459 474 2500 νωμεν.
508 2447 646 2500 Apoll.
676 2446 819 2488 Rhod.
842 2450 873 2488 l.
896 2450 980 2489 472
1008 2462 1038 2501 η
1069 2445 1152 2489 καὶ

304 2495 613 2557 ἐπισχόμενος
642 2499 788 2544 πλέον
819 2500 970 2553 δέπας
992 2497 1149 2558 ἄμφω

302 2555 461 2614 τέρῃσι
483 2562 607 2603 πῖνε.
645 2559 876 2601 Stesichor.
900 2574 968 2615 ap.
995 2561 1151 2603 Athen.

306 2615 384 2658 Xl.
407 2629 446 2669 p.
468 2618 551 2657 499
574 2617 605 2657 Β
627 2609 896 2669 σκύπφειον
918 2612 972 2659 δὲ
996 2611 1154 2671 λαβὼν

303 2674 413 2713 πῖεν
434 2666 758 2726 ἐπισχόμενος.
784 2673 829 2714 C.
844 2674 887 2713 F.
900 2674 932 2713 H
946 2686 1048 2713 erm
1062 2687 1086 2713 a
1097 2687 1119 2713 n
1135 2695 1150 2699 -

306 2741 401 2768 nus
432 2728 529 2771 Ges.
559 2728 671 2768 Abll.
703 2742 745 2772 u.
777 2729 902 2769 Beitr.
927 2742 968 2782 p.
990 2731 1043 2771 89
1074 2729 1152 2769 hac

305 2785 651 2837 interpretatione
682 2785 906 2838 repudiata
935 2787 1061 2825 verba
1093 2787 1153 2826 sic

306 2841 510 2894 explicat:
554 2841 684 2888 „den
717 2840 898 2881 Atheni
939 2855 998 2881 au
1039 2842 1149 2881 sicli

305 2896 390 2937 hul
405 2904 486 2937 ten
500 2897 575 2950 (1⁴⁴,
595 2897 685 2938 also
700 2898 780 2946 „in
800 2898 960 2938 einem
975 2898 1003 2937 Z
1018 2900 1148 2951 uge.“

305 2954 429 3003 Quod
459 2954 579 2995 nobis
612 2966 695 2994 non
726 2953 877 3008 placet.
930 2954 1033 2995 Nam
1066 2956 1153 3008 pri—

304 3023 421 3050 mum
462 3010 628 3063 quidem
671 3003 956 3064 ἐπίσχεσθαι
994 3012 1047 3052 de
1087 3026 1149 3052 re—

304 3068 525 3122 pressione
556 3067 729 3121 spiritus
759 3080 967 3117 nusquam
991 3069 1147 3109 dictum

304 3124 504 3178 reperias.
545 3123 706 3164 Deinde
735 3116 925 3178 ἐπέχειν
957 3126 1009 3166 de
1030 3125 1150 3166 adhi-

305 3182 444 3223 bendo
505 3188 576 3222 otu
606 3189 669 3221 est
697 3180 820 3221 etiam
852 3182 978 3225 Arist.
1012 3182 1149 3223 Nubb.

306 3194 602 3303 1382”εἷ”μέν
631 3250 683 3291 γε
713 3235 831 3292 βρῦν
861 3236 1029 3292 εἴποις,
1061 3232 1150 3292 ἐγώ

304 3290 448 3349 γνοὺς
488 3309 550 3337 αν
584 3297 744 3336 πιεῖν
781 3287 1041 3349 ἐπέσχον.
1087 3297 1148 3335 Ex

306 3363 388 3403 qno
411 3353 683 3406 perspicuum
703 3351 768 3405 fit,
791 3363 874 3402 quo
897 3365 1024 3393 sensu
1047 3345 1147 3394 ἐπι-

305 3401 532 3463 σχόμενος
554 3408 687 3462 accipi
709 3415 914 3463 oporteat.
959 3409 1147 3460 Denique

306 3478 382 3510 nec
411 3464 498 3507 καί
521 3473 618 3506 ante
646 3458 775 3520 μάλα
812 3466 944 3507 officit
982 3474 1149 3507 nostrae

1241 2337 1289 2374 11
1314 2332 1396 2376 καὶ
1417 2331 1546 2402 μάλα
1567 2332 1736 2382 καλῶς.
1759 2334 1813 2373 al.

1295 2404 1571 2446 κατέχειν
1598 2383 1658 2432 τὸ
1688 2384 1760 2445 μὴ
1793 2387 1977 2446 δακρ.]
2002 2391 2087 2432 vix

1242 2449 1398 2489 nobis
1428 2456 1727 2502 temperare
1755 2454 2086 2501 poteramus,

1239 2518 1337 2556 quo
1415 2506 1588 2545 minus
1669 2505 2084 2547 lacrimat-emur.

1241 2561 1372 2616 Soph.
1403 2561 1509 2604 Phil.
1532 2562 1613 2602 349
1643 2553 1700 2602 οὗ
1730 2554 1885 2603 πολὺν
1916 2553 2087 2616 χρόνον

1239 2611 1292 2671 μ’
1315 2611 1514 2672 ἐπέσχον
1533 2611 1598 2671 μή
1619 2630 1678 2669 με
1705 2617 1984 2659 ναυστολεῖν
2006 2630 2087 2658 τα-

1239 2668 1312 2727 χύ.
1337 2687 1377 2714 ν.
1401 2676 1677 2715 Hermann.
1700 2674 1754 2713 ad
1772 2673 1916 2726 Viger.
1938 2687 1980 2727 p.
2004 2675 2087 2715 810

1240 2743 1302 2781 sq.
1335 2730 1531 2770 Proxima
1563 2731 1621 2770 sic
1656 2731 1962 2783 interpreteris:
1996 2731 2085 2771 sed

1241 2786 1362 2826 mihi
1405 2796 1452 2826 et
1483 2786 1586 2840 ipsi
1617 2786 1789 2826 invito
1830 2788 2084 2840 guttatim

1240 2844 1525 2882 manabant
1546 2843 1811 2884 lacrimae.

1296 2892 1799 2953 ἐγκαλυψάμενος]
1831 2912 1885 2941 os
1916 2900 2083 2955 pallio

1240 2969 1346 2997 meo
1379 2957 1690 3004 obvolvens.
1726 2970 1763 2997 ν.
1792 2957 2006 3001 Dorvill.
2030 2957 2084 2998 ad

1240 3013 1393 3055 Charit.
1416 3027 1459 3067 p.
1479 3014 1576 3055 274.

1295 3069 1425 3111 οἵου
1456 3062 1687 3123 ἀνδρός]
1720 3070 1746 3110 i.
1773 3083 1808 3112 e.
1832 3062 1905 3112 ὅτι
1926 3063 2084 3112 τοιού-

1239 3140 1336 3169 του.
1364 3141 1402 3170 ν.
1425 3128 1476 3167 ad
1503 3126 1657 3169 Criton.
1682 3140 1724 3180 p,
1749 3128 1804 3167 43
1825 3127 1873 3171 Β.

1298 3185 1343 3228 Ι).
1375 3180 1715 3234 κατέκλασε]
1747 3183 1881 3232 Quam
1913 3184 2080 3224 codices

1237 3242 1383 3295 optimi
1411 3240 1661 3281 confirmant
1688 3240 1910 3280 lectionem
1945 3235 2082 3281 κατέ-

1236 3299 1380 3339 κλασε
1409 3310 1434 3337 a
1463 3296 1729 3351 Stephano
1760 3308 1835 3350 pro
1858 3296 1972 3348 vulg.
1997 3310 2080 3339 κα·

1236 3351 1465 3397 τέκλαυσε
1487 3355 1540 3394 de
1562 3354 1804 3394 coniectura
1825 3354 2078 3406 restitutam,

1235 3413 1410 3452 eandem
1433 3412 1607 3451 adiuvat
1624 3411 1748 3451 etiam
1766 3410 1964 3462 loquendi
1981 3423 2080 3452 con-

1234 3470 1416 3509 suetudo
1442 3480 1575 3518 neque
1604 3477 1716 3508 reete
1735 3468 1916 3521 negavit
1937 3466 2079 3521 Wyt-
