2158 3718
324 132 738 188 APOLOGIA
778 130 1182 187 soceArls.
1224 131 1284 211 P,-
1329 133 1413 184 30.
1452 134 1537 184 31.
1586 131 1668 186 st.
1751 135 1848 185 191

150 287 384 337 ἕκαστον
430 281 612 336 οὐδὲν
649 280 901 350 παύομαι
957 279 1059 347 τὴν
1118 278 1323 353 ἡμέραν
1381 277 1518 345 ὅλην
1564 282 1851 348 πανταχοῦ
1893 278 1955 329 31

149 368 557 438 προςκαθίζων.
603 368 859 429 τοιοῦτος
903 357 1004 420 οὖν
1036 364 1203 428 ἄλλος
1241 364 1307 418 ού
1353 361 1554 436 ῥᾳδίως
1596 361 1725 432 ὑμῖν
1769 384 1854 429 γε·

151 449 394 516 νήσεται,
440 443 479 503 ὦ
526 449 740 519 ἄνδρες,
784 448 899 509 ἀλλ’,
934 446 1033 502 ἐὰν
1082 452 1200 520 ἐμοὶ
1241 453 1546 515 πείθησθε,
1592 451 1856 521 φείσεσθε

149 555 276 603 μου.
321 531 473 602 ὑμεῖς
517 532 556 588 δ’
609 535 737 598 ἴσως
780 533 891 604 τοὲχῗ
943 530 1015 586 ἂν
1058 532 1406 604 ἀχθόμενοι,
1453 531 1626 602 ὥςπερ
1675 536 1727 585 οἱ
1761 552 1855 585 νυ-

149 617 444 684 στάζοντες
487 618 835 689 ἐγειρόμενοι,
881 617 1211 687 κρούσαντες
1271 615 1346 670 ἄν
1390 639 1474 686 με,
1520 614 1855 684 πειθόμενοι

145 700 372 767 Ἀνύτῳ,
417 700 620 773 ῥᾳδίως
667 700 740 757 ἂν
780 701 1180 767 ἀποκτείναιτε,
1223 702 1338 756 εἶτα
1369 699 1467 755 τὸν
1492 697 1691 754 λοιπὸν
1730 702 1856 770 βίον

150 784 525 850 καθεύδοντες
571 786 849 841 &ardulf
904 784 994 852 ἄν,
1045 793 1090 841 εὶ
1132 786 1207 856 μή
1257 807 1378 839 τινα
1423 783 1594 857 ἄλλον
1638 781 1858 846 ‹iti-sim

149 867 279 940 ὑμῖν
325 877 642 945 ὲπιπέμψειε
686 872 990 941 κηδόμενος
1035 869 1205 939 ὑμῶν.
1252 868 1341 924 ὅτι
1380 868 1420 923 δ’
1463 867 1563 939 ἐγώ
1609 867 1855 939 τυγχάνω

184 1036 265 1076 ..li
298 1037 421 1079 Parr.
456 1036 579 1077 DST.
626 1037 763 1089 Vulgo
797 1035 1072 1094 νωθροτέρω,
1105 1037 1220 1087 quod
1245 1044 1384 1077 ortum
1415 1049 1465 1076 er
1486 1035 1857 1087 interpretatione.

154 1094 435 1134 Grammatici
467 1093 636 1144 quidem
672 1098 789 1133 certe
822 1091 976 1163 νωθὴς
1010 1094 1158 1133 Atticis
1191 1095 1421 1134 vindicant.

270 1151 319 1190 P.
350 1150 419 1194 31
483 1148 688 1204 ρᾳδίωε·
731 1147 790 1190 ἄν
841 1146 1250 1205 ἆποκτειιαιτε]
1318 1152 1361 1192 V.
1403 1147 1698 1201 ἀποκτείνητε,
1739 1147 1858 1199 quod

154 1221 179 1248 e
209 1207 348 1253 Bodl.
369 1209 478 1248 Ven.
512 1210 566 1258 b„
605 1211 716 1259 aliis,
750 1217 1010 1250 correctum.

271 1262 366 1305 τὸν
396 1263 590 1305 λοιπὸν
621 1266 776 1318 βίον]
844 1268 899 1307 V.
943 1264 1019 1306 τὸν
1056 1265 1209 1307 λοιπὸν
1245 1264 1427 1320 χρόνον,
1467 1264 1583 1316 quod
1627 1277 1649 1303 e
1675 1246 1782 1310 BaS.
1820 1263 1861 1305 2.

153 1323 256 1364 Vat.
289 1324 401 1364 Ven.
437 1324 475 1363 b.
506 1324 630 1364 Vinci.
665 1325 704 1367 1.
735 1323 777 1366 4.
811 1324 852 1368 6.
888 1324 1000 1365 Flor.
1037 1326 1076 1366 d.
1141 1326 1223 1371 li
1263 1328 1359 1366 Par.
1387 1323 1560 1364 DHST.
1594 1323 1683 1362 aliis
1718 1327 1858 1361 muta-

153 1386 256 1423 tum.
277 1381 403 1422 Bodl.
428 1379 587 1434 χρόνον
606 1384 943 1435 superscriptum
964 1340 1138 1433 ΙιειῐὶεῑῐξὲΓ
1139 1396 1250 1436 qnae
1273 1384 1442 1435 vulgata
1479 1382 1577 1422 olim
1614 1381 1740 1420 lectio
1769 1379 1857 1421 luit.

153 1507 237 1548 que
264 1495 402 1536 verba
431 1495 737 1548 προςκεῖσθαι,
777 1507 953 1549 προετε-

152 1552 347 1593 θεικὲναι
404 1559 447 1593 et
505 1553 831 1606 προςκαθιζειν,
902 1556 955 1594 de

153 1613 300 1663 equite
331 1612 460 1659 dicta,
495 1613 654 1652 multas
685 1612 847 1652 habent
870 1612 953 1651 dif-

1044 1512 1135 1537 τινα
1166 1499 1473 1550 προςκείμενον
1516 1511 1547 1536 τ.
1580 1508 1646 1542 π.,
1687 1497 1734 1536 id
1770 1509 1858 1535 non

1044 1556 1226 1596 difficile
1286 1562 1352 1596 est
1410 1557 1467 1596 ad
1535 1554 1857 1606 explicandum.

1044 1615 1222 1654 Etenim
1253 1614 1498 1665 praemisso
1532 1613 1609 1652 illo
1641 1612 1857 1652 vocabulo

150 1669 390 1724 ficultates3
438 1670 493 1709 de
533 1670 694 1710 tabano
735 1668 982 1710 intellecta

152 1727 362 1767 facillima
402 1732 504 1766 sunt
540 1728 597 1767 ad
635 1729 955 1780 explicandum.

152 1785 330 1824 Etenim
383 1785 503 1824 istud
555 1787 861 1837 προςκείμενον
911 1785 959 1836 τῇ

155 1839 274 1882 πόλει
314 1844 565 1894 neutiquam
607 1845 862 1895 simpliciter
903 1844 960 1883 si-

154 1901 354 1955 gnificat:
386 1901 660 1952 additum,
687 1903 874 1942 datum
894 1902 958 1941 ci-

155 1959 324 2000 vitati
357 1971 382 1997 a
416 1959 540 2008 deo,
583 1972 695 2011 quae
729 1966 794 1999 est
823 1960 960 1998 inter·

152 2022 324 2071 pretum
363 2018 603 2067 sententia3
649 2019 725 2057 sed
765 2020 959 2067 προεκεῐ-

158 2073 264 2115 σθαι
323 2074 657 2125 comprehendit
734 2077 963 2114 notionem

154 2132 442 2185 premendi
490 2138 542 2170 et
585 2133 856 2183 urgendi,
898 2133 962 2170 ita

156 2196 204 2231 ut
247 2190 406 2229 Latine
451 2190 636 2228 reddere
676 2191 843 2241 possis:
886 2191 960 2228 in-

158 2248 495 2288 cumbentem
527 2259 754 2298 urgere,
787 2248 840 2286 de
873 2259 960 2298 quo

158 2318 240 2345 usu
257 2305 380 2344 verbi
411 2316 450 2342 v.
486 2303 722 2344 Thomas
755 2304 894 2356 Mag.
928 2318 962 2345 s.

158 2377 199 2403 v.
242 2367 285 2402 et
331 2360 519 2401 Sturzi
566 2361 715 2401 Lexic.
758 2360 961 2413 Xenoph.

159 2421 212 2460 T.
244 2419 330 2459 111.
361 2432 404 2470 p.
437 2418 533 2460 725.
589 2417 721 2466 Quod
748 2420 875 2458 sicuti
907 2420 961 2459 de

157 2477 418 2521 animalibus
431 2477 519 2516 alia
530 2477 844 2516 lacessentibus
859 2478 963 2516 alibi

159 2548 334 2588 quoque
353 2535 516 2574 dictum
527 2535 757 2586 reperitur,
773 2535 836 2574 ita
854 2547 964 2573 non-

159 2594 262 2633 dum
294 2593 384 2632 vidi
413 2592 572 2642 locum,
604 2593 648 2630 in
681 2605 765 2644 quo
806 2593 858 2632 de
890 2605 964 2631 au-

160 2652 258 2702 riga
290 2650 361 2690 vel
391 2650 537 2701 equite
565 2654 811 2701 usurpetur.
844 2650 964 2689 Ean-

162 2709 258 2748 dem
306 2707 396 2747 fere
443 2708 785 2758 explicationem
831 2708 966 2748 habet

160 2766 340 2805 verbum
359 2764 676 2816 προςκαθιζων,
709 2778 795 2816 quo
829 2767 966 2805 utitur

162 2824 367 2864 Socrates
411 2824 467 2863 ad
505 2835 622 2872 eam,
665 2835 796 2874 quam
837 2830 966 2863 antea

70 2892 93 2900 ‘⁴
160 2882 436 2927 adhibuerat,
457 2881 692 2931 imaginem
711 2881 963 2932 respiciens.

161 2939 364 2991 Denique
394 2938 515 2990 quod
543 2938 838 2989 interponitur
868 2952 966 2978 ver-

161 2997 263 3036 bum
296 2994 661 3046 προετεθεικέναι,
692 2995 739 3034 id
759 3001 800 3035 et
824 2997 966 3048 ipsum

163 3055 402 3094 sententiae
451 3054 536 3093 isto
585 3052 716 3092 modo
763 3060 968 3106 acceptae

162 3112 291 3163 plane
331 3110 704 3152 accommodatum
736 3116 820 3160 est3
871 3125 971 3151 con-

163 3170 283 3221 gruit
322 3170 436 3208 enim
477 3168 654 3220 egregie
702 3180 798 3207 cum
843 3180 970 3222 προς-

165 3228 361 3275 κείμενον
391 3231 434 3265 et
463 3224 781 3278 προς-καθίζων.
814 3225 970 3278 ltaque

166 3285 312 3324 omnia
351 3296 456 3323 sane
493 3284 625 3335 plana
669 3289 782 3322 sunt.
853 3284 968 3325 Nam

165 3343 287 3394 quod
321 3354 413 3381 non
446 3342 607 3381 dictum
629 3346 712 3379 est:
747 3339 789 3380 εἰ
803 3341 870 3381 καὶ
899 3356 965 3394 γε·

167 3395 390 3451 λοιότερον
427 3397 583 3445 εἰπεῖν,
632 3394 770 3451 ὥςπερ
811 3396 966 3449 atim-mi

1046 1673 1316 1724 comparatio
1348 1672 1485 1711 multo
1518 1671 1670 1710 durior
1707 1670 1858 1710 nimis-

996 1758 1012 1774 .
1047 1742 1130 1782 que
1177 1730 1363 1769 ridicula
1405 1730 1499 1769 visa
1544 1735 1680 1768 esset:
1724 1740 1857 1779 quare

1046 1789 1216 1839 mitigat
1249 1801 1344 1827 eam
1384 1793 1426 1827 et
1456 1788 1564 1827 lenit
1601 1786 1856 1838 praemissis

1045 1848 1099 1886 iis
1131 1846 1301 1895 verbis,
1343 1858 1455 1897 quae
1495 1845 1619 1897 quasi
1649 1844 1855 1895 pedeten-

1045 1906 1123 1943 tim
1138 1904 1300 1943 ducant
1320 1904 1481 1944 adeam
1506 1902 1852 1949 similitudinem,

1049 1975 1135 2014 qua
1164 1963 1228 2000 uti
1260 1963 1564 2001 constituerat.
1612 1959 1759 1998 Unum
1791 1965 1855 1998 ta-

1047 2032 1145 2059 men
1176 2024 1312 2059 restat
1345 2019 1465 2070 quod
1481 2023 1655 2058 moveat
1679 2016 1852 2056 dubita-

1048 2078 1228 2116 tionem.
1289 2075 1545 2127 Importune
1575 2076 1691 2115 enim
1717 2075 1852 2114 inter-

1050 2135 1243 2186 positum
1273 2135 1447 2173 videtur
1481 2128 1567 2172 ὑπὸ
1611 2133 1691 2171 τοῦ
1721 2132 1852 2181 θεοῦ,

1053 2193 1171 2243 quod
1202 2203 1333 2243 quum
1374 2192 1576 2243 imaginis
1611 2190 1855 2242 elegantiae

1051 2250 1207 2288 mirum
1255 2254 1465 2299 quantum
1522 2249 1711 2297 officiat,
1761 2253 1854 2286 tum

1051 2311 1182 2346 etiam
1239 2313 1475 2357 propterea
1537 2307 1726 2346 otiosum
1776 2310 1856 2355 est,

1052 2365 1169 2415 quod
1228 2364 1386 2404 deinde
1427 2365 1599 2403 demum
1651 2363 1857 2412 declarat,

1051 2435 1097 2461 se
1130 2434 1156 2460 a
1194 2422 1276 2460 deo
1321 2422 1488 2461 civitati
1521 2422 1783 2460 monitorem
1813 2426 1856 2460 et

1050 2480 1356 2530 instigatorem
1389 2480 1534 2518 datum
1563 2491 1671 2520 esse.
1707 2478 1855 2530 ltaque

1052 2537 1182 2576 Hirs
1201 2537 1368 2588 chigii
1399 2538 1584 2576 consilio
1616 2535 1750 2576 verba
1776 2549 1855 2574 un-

1053 2596 1114 2635 cis
1147 2596 1317 2634 seclusi
1339 2619 1394 2624 -
1428 2591 1758 2647 νωθεστέρῳ
1790 2601 1855 2633 est

1051 2650 1329 2721 βραδυτέρῳ,
1394 2651 1535 2693 Suida
1598 2653 1851 2703 interprete

1113 2723 1236 2749 οιον
1268 2707 1328 2763 δή
1365 2724 1454 2760 μοι
1498 2733 1550 2740 --
1595 2707 1856 2749 τοιοῦτόν

1055 2768 1204 2821 τινα]
1249 2768 1298 2808 In
1332 2766 1391 2808 his
1427 2765 1627 2808 τοιοῦτόν
1660 2781 1749 2807 τιια
1781 2779 1857 2820 per

1053 2828 1386 2878 appositionem,
1419 2839 1545 2877 quam
1578 2831 1746 2873 vocant,
1781 2824 1858 2864 ad·-

1053 2883 1185 2926 ditum
1221 2890 1287 2923 est
1325 2885 1563 2935 pronomini
1609 2879 1728 2931 οἷον,
1773 2895 1858 2935 quo

1054 2941 1224 2980 facilius
1257 2952 1368 2992 quae
1400 2947 1640 2993 sequuntur
1659 2942 1857 2990 subiungi

1056 3004 1249 3050 possent.

1113 3055 1162 3095 P
1185 3056 1255 3099 31.
1295 3052 1452 3106 ιῖμεῑε·
1484 3051 1527 3096 δ’
1562 3055 1751 3094 ι”σως-ἡ
1778 3049 1856 3108 ῥᾳ-

1059 3110 1187 3154 δίως
1234 3110 1295 3154 ἂν
1338 3110 1742 3167 ἀποκτείναιτε]
1788 3113 1858 3152 De

1056 3169 1135 3223 linc
1195 3173 1514 3224 participiorum
1569 3172 1855 3210 cumulatione

1054 3241 1091 3268 v.
1105 3241 1216 3280 quae
1229 3229 1413 3270 diximus
1433 3230 1487 3269 ad
1503 3242 1597 3280 cap.
1613 3229 1731 3270 XIV.
1746 3233 1852 3267 extr.

1055 3284 1321 3328 wolfius:
1360 3289 1438 3328 At
1482 3300 1597 3334 νος,
1643 3284 1853 3326 offensi

1053 3341 1318 3396 forsitan,
1361 3347 1516 3385 velut
1547 3344 1851 3384 dormitan-

1052 3405 1136 3441 tes
1174 3414 1327 3453 quum
1369 3402 1716 3451 excitantur,
1775 3410 1851 3438 me
