2158 3718
341 162 440 214 108

957 159 1436 216 PLATONIS

333 311 529 378 ἔχοντα
586 305 943 380 ἀνθρώπων,
986 307 1058 372 ὡς
1106 306 1245 383 [οὐ]
1307 311 1405 363 τοῦ
1450 307 1625 364 αὐτοῦ
1669 309 1877 380 ἀνδρός
1918 309 2032 366 ἐστι

336 395 425 446 καὶ
458 390 715 462 δαιμόνια
752 396 843 448 καὶ
869 397 1004 448 θεῖα
1032 391 1318 462 ἡγεῖσθαι,
1353 415 1442 447 και
1469 383 1540 474 αὖ
1569 395 1668 448 τοῦ
1698 393 1875 448 αὐτοῦ
1897 394 2032 466 μήτε

333 567 499 615 ἐστιν.

231 471 297 524 28
336 478 606 545 δαίμονας
647 498 785 546 μητε
847 475 1023 541 θεους
1066 475 1204 545 μήτε
1262 473 1471 547 ἥρωας,
1527 476 1756 545 οὐδεμια
1811 477 2030 549 μηχανή

457 640 596 718 Cap.
630 641 792 698 XVI.
818 643 983 698 Ἀλλὰ
1018 642 1141 713 γάρ,
1183 634 1222 696 ὦ
1252 640 1449 717 ἄνδρες
1474 645 1796 713 Ἀθηναῖοι,
1831 643 1903 709 ὡς
1933 650 2033 715 μὲν

331 726 431 798 ἐγώ
455 726 553 783 οὐκ
571 727 739 783 demes>
766 727 907 782 κατὰ
929 726 1031 794 τὴν
1058 726 1323 793 Μελήτου
1354 730 1593 803 γραφήν,
1620 728 1684 786 οὐ
1704 733 1915 798 πολλῆς
1937 753 2032 799 μοι

331 815 479 867 δοκεῖ
501 812 640 867 εἶναι
663 811 986 879 ἀπολογίας,
1009 811 1122 866 ἀλλ’
1157 811 1323 866 ἱκανὰ
1347 816 1438 867 καὶ
1466 817 1673 868 ταῦτα·
1709 812 1739 870 ὃ
1773 817 1830 870 δὲ
1856 820 1947 870 καὶ
1975 822 2032 889 εν

330 888 447 958 τοῖς
470 900 797 965 ἔμπροσθεν
819 901 1020 965 ἔλεγον,
1038 893 1126 950 ὅτι
1140 894 1425 966 πολλήμοι
1445 895 1724 968 ἀπέχθεια
1739 907 1925 968 γέγονε
1942 902 2034 953 καὶ

331 971 802 1053 πρὸςπολλούς,εὗ
818 980 930 1036 ἰ’στε
945 979 1033 1036 ὅτι
1048 979 1263 1047 ἀληθές
1278 988 1407 1038 ἐστι.
1448 987 1539 1035 καὶ
1569 980 1713 1038 τοῦτ’
1738 979 2040 1053 ἕστινὸὲμὲ,

329 1064 560 1134 αἱρήσει,
585 1064 786 1136 ἐάνπερ
819 1069 948 1142 αἱρῇ
991 1064 1056 1121 οὐ
1094 1068 1365 1132 Μέλητος,
1407 1062 1797 1132 οὐδὲ”Ανυτος,
1842 1066 1953 1122 ἀλλ’
1999 1066 2030 1133 ἡ

445 1227 578 1275 Emis·
603 1226 668 1271 οὐ
692 1232 790 1271 τοῦ
811 1226 1158 1285 αὐτοῦ[ἇνδρ
1176 1228 1293 1283 όςΙ]
1317 1227 1383 1279 οὐ,
1406 1233 1533 1285 vulgo
1553 1233 1758 1273 omissum
1778 1232 1902 1274 Bodl.
1929 1234 2032 1275 Ven.

390 1348 442 1387 E.
503 1342 570 1386 ὥς
612 1341 673 1386 οὐ
717 1347 818 1386 τοῦ
860 1342 1035 1386 αὐτοῦ
1085 1367 1137 1375 -

335 1401 569 1455 οὐδεμία
654 1401 866 1457 μηχανή
957 1402 1139 1456 ἐστιν]

337 1465 434 1505 Hoc
492 1462 617 1504 dicit:
678 1463 841 1503 nuliis
909 1473 1140 1514 unquam

334 1522 557 1564 artibus
606 1519 827 1572 poteris
889 1521 1140 1572 cuiquam

335 1581 519 1635 paullo
553 1576 896 1631 prudentiori
926 1589 1140 1630 persua—

336 1638 480 1687 dere,
540 1637 831 1677 convenire
887 1637 938 1676 in
988 1647 1140 1675 unum

335 1694 671 1746 eundemque
737 1693 1025 1743 hominem,
1088 1698 1144 1732 nt

335 1751 616 1796 daemonia
669 1764 728 1792 ac
786 1751 967 1792 divina
1015 1764 1142 1792 esse

336 1816 577 1860 statuat,
609 1815 662 1850 et
693 1821 876 1849 rursus
895 1821 990 1850 nec
1009 1807 1144 1862 deos

335 1883 435 1912 nec
469 1868 764 1909 daemones
805 1879 903 1908 nec
942 1866 1143 1908 heroas

338 1939 466 1968 esse
499 1924 790 1973 credat5l1.
813 1938 849 1965 e.
880 1936 963 1964 non
982 1925 1144 1977 poteris

337 1983 569 2027 ostendere
602 1996 652 2024 ac
673 1982 850 2034 docere,
880 1983 970 2022 fieri
997 1995 1142 2035 posse,

336 2050 384 2084 ut
414 2042 528 2084 idem
571 2038 698 2082 bomo
731 2039 958 2080 daemonia
999 2052 1048 2080 ac
1080 2039 1142 2080 di-

335 2102 428 2142 vina
473 2113 570 2141 esse
590 2098 754 2144 credat,
787 2103 832 2138 et
861 2102 1003 2138 tamen
1028 2097 1142 2139 idem

337 2159 443 2200 deos
468 2170 518 2199 ac
537 2154 768 2198 daemones
797 2161 839 2196 et
861 2154 1016 2196 heroas
1044 2167 1142 2196 esse

336 2223 492 2270 neget,
547 2211 896 2267 quandoquidem
945 2212 1017 2265 qui
1070 2225 1139 2253 res

337 2274 502 2315 divinas
532 2285 584 2313 ae
616 2270 867 2312 daemonias
914 2284 1010 2311 esse
1052 2269 1143 2311 exi—

337 2333 497 2383 stimat,
519 2343 614 2372 eum
640 2341 821 2370 necesse
840 2333 908 2370 est
929 2329 1052 2369 etiam
1074 2340 1144 2368 ea-

335 2403 428 2431 rum
451 2395 653 2431 auctores
674 2399 770 2428 esse
794 2385 986 2429 credere.
1023 2385 1148 2426 Haec

337 2461 440 2489 vero
479 2458 612 2500 quum
668 2445 750 2485 loci
799 2443 1014 2486 sententia
1072 2443 1141 2494 sit,

336 2511 491 2558 sponte
522 2503 788 2570 intelligitur,
823 2501 1066 2568 importune
1101 2501 1141 2541 in

337 2561 462 2604 codd.
495 2566 592 2602 ante
618 2560 697 2600 τοῦ
720 2554 860 2598 αὐτοῦ
891 2553 1051 2611 ἑνδρός
1081 2557 1142 2597 in-

337 2620 549 2661 calcatum
573 2630 671 2659 esse
704 2612 774 2667 οὐ,
807 2627 892 2668 qno
921 2628 991 2656 re(
996 2620 1039 2655 te
1071 2627 1142 2655 ca-

337 2683 436 2719 rent
467 2682 569 2718 vett.
605 2675 728 2718 editt.
793 2673 995 2714 Nimirum
1031 2671 1141 2712 inse-

338 2738 513 2776 ruerunt
542 2733 739 2774 voculam
771 2735 940 2771 temere
968 2729 1037 2782 qui
1067 2733 1142 2769 ne‘-

338 2791 577 2845 glexissent
636 2789 676 2830 in
743 2788 881 2828 altero
942 2785 1146 2828 orationis

341 2850 535 2891 membro
567 2859 651 2887 non
682 2845 744 2886 sic
786 2845 992 2899 scriptum
1026 2855 1145 2886 esse·

340 2908 408 2947 καὶ
440 2919 495 2947 av
528 2906 608 2946 τοῦ
636 2898 774 2944 αυτοῦ
815 2903 901 2943 καὶ
943 2901 1149 2952 δαίμονας

341 2964 432 3005 καὶ
463 2961 604 3004 θεοὺς
635 2962 723 3003 καὶ
759 2956 839 3014 ἡρη
871 2962 946 3002 sed
976 2973 1051 3014 pro
1081 2960 1148 3000 καὶ

341 3025 425 3064 iam
448 3023 588 3063 inferri
610 3020 727 3073 μήτε.
790 3019 1020 3060 Ceterum·
1013 3030 1051 3058 in
1086 3019 1149 3058 al-

340 3087 435 3121 tero
478 3080 671 3121 membro
721 3077 910 3118 oratoria
967 3074 1150 3128 quadam

341 3138 539 3180 ubertate
571 3138 650 3178 τοῦ
684 3129 822 3176 αὐτοῦ
848 3133 988 3175 denuo
1021 3145 1146 3186 repe—

347 3196 472 3248 titur,
512 3207 598 3247 quo
637 3193 788 3234 fortius
828 3191 1038 3232 indicetur
1082 3197 1144 3230 te·

347 3253 560 3296 meritatis
600 3248 874 3305 magnitudo,
915 3262 1026 3302 quae
1068 3250 1148 3290 ista

346 3316 500 3365 utpote
540 3312 649 3355 inter
692 3321 740 3348 se
793 3307 1026 3359 pugnantia
1081 3307 1149 3347 uni

347 3367 575 3422 eidemque
607 3365 762 3409 homini
797 3363 969 3406 tribnat.

405 3425 511 3480 Cap.
531 3423 646 3468 XVl.
680 3424 731 3466 P.
751 3422 819 3467 28
853 3419 998 3463 Ἀλλὰ
1031 3421 1149 3476 γάρ,

1227 1339 1262 1385 ὦ
1293 1342 1567 1399 &Mose—J
1596 1346 1813 1389 Absoluta
1835 1348 1931 1400 ipsa
1951 1348 2031 1390 de—

1227 1403 1420 1444 fensione
1483 1403 1689 1445 Socrates
1747 1404 1930 1445 instituit
1980 1405 2035 1447 de

1227 1461 1318 1501 aliis
1349 1461 1479 1502 rebus
1500 1461 1719 1503 disserere
1753 1462 1906 1503 eodem
1936 1476 2034 1517 per-

1229 1518 1473 1560 tinentibus.
1566 1519 1627 1559 Et
1683 1519 1868 1572 primum
1940 1521 2033 1574 qui—

1230 1575 1327 1616 dem
1386 1578 1577 1628 queritur
1629 1577 1864 1628 periculum
1921 1591 2035 1631 esse,

1229 1646 1283 1674 ne
1321 1633 1467 1674 odium
1513 1634 1802 1675 multitudinis
1849 1635 1930 1676 sibi
1969 1637 2036 1678 in·

1229 1692 1404 1732 nocenti
1444 1697 1628 1733 mortem
1661 1692 1840 1744 affernt3
1878 1692 2036 1736 deinde

1230 1761 1333 1790 vero
1380 1749 1570 1790 ostendit
1618 1749 1748 1791 etiam
1799 1763 1846 1792 se
1891 1751 1933 1792 in
1985 1765 2036 1793 ea

1231 1819 1329 1847 esse
1361 1806 1590 1857 sententia,
1622 1812 1670 1848 ut
1702 1807 1790 1849 viro
1817 1808 1931 1850 bono
1955 1808 2034 1852 ho-

1229 1869 1439 1904 nestatem
1495 1870 1539 1905 et
1590 1863 1780 1907 officium
1835 1866 2033 1909 omnibus

1229 1923 1402 1962 omnino
1434 1921 1587 1971 rebus,
1629 1923 1758 1964 etiam
1790 1923 1870 1976 ipsi
1904 1925 2034 1975 vitae,

1229 1977 1530 2031 anteponenda
1565 1990 1662 2021 esse
1694 1979 1928 2024 existimet.
1959 1982 2035 2024 'De

1230 2050 1268 2076 v.
1303 2035 1426 2076 ἱκανα
1459 2037 1527 2076 καὶ
1560 2037 1689 2078 ταῦτα
1730 2050 1770 2078 ν.
1802 2038 1855 2079 ad
1879 2039 2033 2093 Remp.

1229 2094 1310 2136 VI.
1346 2108 1386 2146 p.
1416 2094 1515 2138 507.
1548 2094 1598 2136 D.
1632 2095 1778 2146 ibique
1809 2107 1904 2140 ann.

1290 2148 1314 2192 ὃ
1346 2150 1437 2202 ἐμὲ
1471 2149 1727 2206 αἱρήσει]
1770 2154 1919 2205 quod
1953 2167 2034 2195 me

1229 2210 1439 2263 capiet,
1500 2209 1902 2263 deprehendet,
1953 2225 2035 2257 eo-

1230 2279 1338 2320 que
1381 2268 1682 2321 opprimet.
1722 2266 1759 2311 h.
1802 2282 1838 2311 e.
1879 2270 2037 2311 efficiet

1232 2333 1279 2366 ut
1300 2324 1574 2366 condemner.
1603 2323 1854 2380 Metapliora
1871 2340 1893 2368 a
1907 2339 2035 2368 cnrsn

1232 2383 1299 2423 vel
1335 2384 1636 2435 persecutione
1670 2380 1810 2424 hostili
1834 2386 2034 2438 repetita.

1236 2441 1297 2481 De
1332 2440 1520 2493 Republ.
1553 2439 1608 2482 X.
1648 2451 1687 2493 p.
1721 2439 1819 2484 613.
1867 2442 1916 2483 Ι).
1966 2441 2035 2483 ἐπὶ

1230 2497 1378 2537 τέλους
1409 2498 1487 2538 τοῦ
1515 2491 1681 2550 δρόμου
1714 2497 2037 2551 αἱρεθέντες

1230 2555 1529 2607 καταγέλαστοι
1554 2557 1785 2608 γιἈγνονται
1803 2556 1913 2597 conf.
1930 2558 2034 2600 infru

1229 2627 1271 2665 p.
1290 2612 1359 2655 38.
1385 2613 1434 2654 D.
1454 2626 1493 2665 p.
1518 2613 1588 2655 39.
1613 2613 1717 2655 Α.Β.
1747 2613 1903 2656 unde·
1893 2628 2035 2669 imago

1232 2673 1366 2711 lucem
1407 2670 1642 2725 pleniorem
1693 2671 1892 2726 recipiet.
1954 2673 2036 2714 Ce-

1229 2734 1367 2768 terum
1406 2734 1576 2769 constat
1606 2728 1644 2767 in
1675 2727 1772 2769 foro
1805 2737 2034 2783 cognatum

1231 2785 1456 2838 καθαιρεῖν
1494 2786 1549 2826 ita
1582 2786 1796 2838 usurpari,
1827 2793 1874 2828 ut
1904 2788 2035 2841 signi-

1231 2844 1331 2885 ficet
1362 2843 1653 2893 damnare,
1702 2841 1756 2884 de
1799 2855 1883 2897 quo
1921 2847 2038 2887 vocis

1231 2912 1309 2940 usn
1329 2901 1504 2954 exponit
1531 2900 1725 2942 Pollux
1751 2898 1907 2949 Onom‘.
1917 2903 2032 2946 Vlll.

1234 2957 1303 3002 15.
1356 2958 1558 3007 Lysias
1615 2959 1711 3000 σόν.
1765 2963 1943 3013 Agorat.
1992 2974 2034 3014 p.

1233 3015 1330 3061 467.
1367 3014 1443 3070 τὴν
1473 3015 1548 3066 μὲν
1583 3017 1887 3068 καθαιροῦσαν
1927 3019 2034 3075 (ψῆ-

1237 3076 1343 3127 φον)
1379 3098 1433 3103 -
1466 3072 1545 3127 τὴν
1574 3071 1619 3115 δὲ
1659 3070 1898 3126 σώζουσαν.
1930 3077 2035 3117 Eu-

1233 3134 1326 3184 rip.
1358 3132 1503 3173 Orest.
1552 3145 1590 3172 v.
1621 3132 1721 3177 861.
1761 3134 1959 3175 καθεῖλεν
1990 3129 2036 3188 ἦ-

1233 3191 1325 3242 uois.
1357 3189 1517 3240 δορὴ.
1554 3190 1697 3242 Antig.
1727 3204 1764 3230 v.
1800 3192 1898 3236 275.
1929 3193 1985 3235 al.

1292 3243 1397 3289 ἀλλ’
1431 3244 1456 3301 ἦ
1496 3271 1546 3278 ———
1591 3245 1823 3303 διαβολή
1865 3263 1914 3290 τε
1953 3251 2036 3290 καὶ

1235 3320 1267 3358 φ
1282 3305 1315 3347 θ
1330 3303 1352 3346 ό
1363 3320 1386 3346 ν
1399 3319 1422 3345 ο
1436 3308 1484 3355 ς]
1551 3304 1781 3348 verissime
1834 3306 2038 3349 iudicavit

1234 3363 1530 3406 Fischer-us
1572 3361 1676 3404 haec
1725 3365 1853 3406 verba
1906 3365 2035 3407 etiam

1236 3422 1390 3464 abesse
1416 3422 1627 3475 potuisse,
1655 3432 1785 3473 quum
1805 3421 2038 3476 praecedat
