2158 3718
689 115 778 174 AD.
809 114 1170 154 SYMPOSIUM.
1617 117 1772 155 XXIII

88 241 342 314 losophus
377 242 504 295 item
540 249 622 295 est
657 250 710 294 et
743 241 1015 311 perfectus
1051 239 1356 294 dialecticus
1382 248 1434 294 et
1458 259 1586 295 vero
1612 242 1771 295 etiam

89 332 381 384 germanus
419 311 666 382 ἐρωτικός,
717 311 916 394 quippe
962 312 1111 365 cuius
1155 319 1342 381 pectus
1386 330 1556 380 usque
1593 313 1771 366 conci-

89 392 235 437 tetur
269 382 525 438 acerrimo
559 401 737 435 rerum
763 382 1063 436 divmarum
1095 382 1470 435 intuendarum
1508 382 1685 436 studio
1721 391 1775 435 et

87 473 266 508 amore
303 462 357 508 et
390 453 540 507 cuius
578 452 799 506 consilia
836 454 1012 506 omnia
1046 462 1305 525 perpetuo
1350 470 1412 505 eo
1457 453 1772 516 referantur,

88 534 148 577 ut
187 542 294 594 quo
329 525 447 594 ipse
495 531 705 577 tenetur
750 523 1039 594 sapientiae
1087 523 1275 589 studio,
1322 523 1467 577 idem
1513 523 1673 577 etiam
1716 524 1773 576 in

89 595 310 649 aliorum
352 593 541 647 animis
588 594 861 647 excitetur.
932 594 1022 648 De
1074 594 1269 664 quibus
1318 594 1479 648 rebus
1527 594 1772 647 omnibus

82 684 247 735 quum
281 665 491 735 inipso
517 662 823 736 Symposi0‚
904 706 916 718 .
943 666 1063 720 201.
1089 666 1209 719 210.
1235 666 1356 718 212.
1385 666 1471 729 aL,
1508 673 1621 718 tum
1645 664 1773 718 alibi

85 753 318 806 quoque,
363 735 525 790 veluti
560 735 646 790 De
682 735 763 789 Re
806 776 818 788 .
853 685 954 789 fn.
987 756 1041 807 p.
1068 737 1190 790 403.
1215 735 1282 788 Β.
1310 733 1374 790 C.
1428 735 1528 790 VI.
1563 755 1618 806 p.
1644 738 1767 789 414.

83 807 206 860 485.
230 805 304 865 A.
329 807 452 860 490.
477 806 549 859 A.
579 825 690 875 sqq.
727 806 756 858 I
824 846 836 859 .
870 815 1008 860 extr.
1042 806 1120 860 X.
1145 827 1199 877 p.
1229 808 1349 860 611.
1375 806 1462 870 E„
1499 806 1771 877 inprimis-

83 895 185 946 que
219 875 447 932 Phaedr.
485 897 539 948 p.
579 879 698 931 252.
724 878 844 931 279.
879 875 949 931 A.
988 878 1168 931 divina
1205 877 1560 948 disputatione
1597 877 1770 947 expli-

82 955 248 1001 catur.
363 981 366 984 >
1207 984 1211 985 ff
1504 991 1507 998 ,

150 1017 240 1071 De
283 1017 385 1071 hoc
429 1017 596 1090 igitur
642 1035 820 1070 amore
871 1026 985 1069 tota
1028 1017 1119 1070 illa
1148 1017 1442 1071 oratione·
1468 1018 1771 1087 exponitur,

79 1106 240 1158 quam
276 1085 525 1141 Socrates
563 1105 742 1140 secum
780 1087 993 1143 simulat
1027 1107 1060 1140 a
1094 1086 1360 1151 Diotima‚
1410 1088 1609 1140 femina
1646 1107 1768 1140 san-

82 1159 329 1213 ctissima.
370 1166 423 1211 et
475 1157 777 1211 divinorum
828 1157 1204 1227 mysteriorum
1251 1158 1537 1211 admodum
1585 1178 1770 1231 gnara,

81 1229 520 1283 communicatam
555 1246 688 1282 esse.
743 1227 1103 1298 Posteaquam
1122 1271 1126 1276 ν
1146 1227 1286 1282 enim
1323 1228 1505 1282 docuit
1541 1248 1774 1282 amorem

81 1300 338 1353 contineri
386 1299 561 1352 studio
608 1298 839 1368 quodam
884 1318 951 1353 ex
994 1300 1182 1370 pulcro
1234 1299 1478 1369 pulcrum
1531 1300 1774 1369 pariendi

79 1370 242 1439 idque
262 1371 516 1424 studium
554 1378 664 1422 tam
698 1370 769 1422 ad
804 1370 1038 1423 animum
1075 1389 1235 1439 quam
1271 1370 1340 1422 ad
1377 1389 1437 1423 co
1504 1388 1568 1423 us
1605 1371 1771 1440 perti—

79 1460 225 1506 nere,
264 1440 515 1511 deinceps
549 1441 715 1494 veluti
738 1441 1005 1511 qu'andam
1041 1441 1253 1493 amandi
1290 1441 1461 1512 discip
1486 1441 1626 1494 ‘nam
1665 1449 1772 1495 tra-

80 1511 160 1564 dit
212 1520 372 1581 atqu'e
435 1511 697 1585 subtiliter
741 1511 999 1582 explicat,
1055 1511 1251 1581 quibus
1306 1512 1461 1580 quasi
1515 1512 1772 1583 gradibus

84 1582 282 1636 sensim
318 1601 381 1636 ac
415 1581 743 1653 pedetentim
778 1582 847 1635 ad
883 1580 1161 1637 sublimem
1190 1581 1342 1634 illum
1366 1582 1578 1637 divinae
1615 1583 1772 1637 abso-

78 1654 327 1721 lutaeque
371 1652 742 1723 pulcritudinis
787 1672 1018 1707 amorem
1061 1653 1419 1723 perveniatur.
1484 1651 1609 1720 Quo
1651 1654 1773 1724 ipso

79 1723 310 1777 ostendit
343 1723 692 1794 philosophus
733 1722 871 1778 bene
917 1742 974 1777 se
1009 1723 1337 1788 meminisse,
1385 1731 1486 1777 nOs
1522 1743 1640 1777 esse
1675 1725 1772 1778 ho·-
1814 1757 1818 1762 ·

79 1795 248 1848 mines
300 1803 480 1859 natos,
534 1794 591 1846 in
646 1794 881 1847 terrestri
933 1803 1316 1848 commorantes
1371 1794 1635 1848 domicilio
1649 1815 1664 1857 3
1722 1804 1776 1848 et

79 1865 536 1933 quemadmodum
559 1864 617 1916 in
639 1863 864 1918 Philebo
901 1883 1165 1931 summum
1201 1864 1399 1917 bonum
1437 1865 1582 1918 cerni
1607 1865 1776 1918 voluit

80 1936 136 1987 in
172 1955 261 2001 eo,
309 1944 372 1988 ut
407 1935 660 2006 voluptas
705 1936 964 2006 sapientia
1011 1935 1440 2006 temperaretur,
1470 1935 1548 1988 ita
1580 1935 1681 1989 hoc
1716 1936 1775 1989 in

80 2006 215 2061 libro
261 2006 472 2059 divinae
520 2006 810 2076 sapientiae
856 2015 909 2059 et
953 2005 1270 2078 cognitionis
1304 2006 1540 2059 fructum
1573 2006 1774 2059 homini

82 2085 207 2129 nato
249 2077 327 2129 ita
375 2085 582 2130 tantum
627 2075 903 2149 obtingere
948 2095 1106 2147 posse
1155 2077 1390 2141 censuit,
1449 2077 1494 2130 'si
1538 2096 1571 2129 a
1613 2077 1784 2131 rebus

83 2147 368 2217 corporeiS,
406 2147 462 2199 in
497 2146 692 2215 quibus
727 2148 1022 2200 divinarum
1059 2167 1239 2200 rerum
1277 2148 1483 2216 species
1521 2167 1778 2218 expressa

85 2226 419 2280 cerneretur,
474 2217 749 2286 paullatim
803 2218 872 2269 ad
926 2217 1136 2270 divinae
1190 2218 1563 2287 pulcritudinis
1616 2238 1772 2288 prae—

85 2288 331 2341 stantiam
377 2287 690 2340 intuendam
735 2287 1064 2356 procederet.
1132 2286 1540 2357 Sapientissima
1593 2298 1772 2341 autem

84 2366 374 2429 praecepta
397 2366 536 2422 sunt,
563 2376 701 2427 quae
727 2359 792 2410 de
818 2358 998 2412 divino
1023 2377 1199 2411 amore
1231 2357 1532 2422 excitando,
1567 2359 1774 2424 alendo,

85 2428 442 2483 confirmando
480 2428 708 2497 denique
746 2428 1040 2481 traduntur.
1098 2427 1366 2494 Quoniam
1403 2428 1542 2497 enim
1576 2429 1776 2499 pulcri-

87 2499 285 2553 tudinis
323 2499 530 2570 species
566 2500 798 2570 primum
831 2499 889 2551 in
923 2499 1214 2552 individuis
1252 2499 1459 2562 emicat,
1497 2519 1529 2551 a
1552 2518 1777 2568 quorum

86 2570 531 2640 contemplatione
566 2571 750 2623 somnis
802 2578 986 2623 nostra
1033 2569 1256 2623 scientia
1304 2570 1450 2624 ducit
1499 2570 1775 2652 originem,

87 2649 210 2695 ante
246 2641 422 2695 omnia
457 2641 560 2695 hoc
596 2641 671 2693 ait
703 2640 971 2713 agendum
997 2659 1132 2703 esse,
1169 2650 1231 2693 ut
1254 2648 1487 2694 mentem
1512 2660 1775 2694 ammuni-

87 2730 192 2781 que
224 2711 295 2780 ad
323 2730 492 2765 unum
524 2711 740 2782 aliquod
772 2730 964 2783 corpus
998 2710 1325 2783 applicemus
1363 2730 1531 2780 eoque
1565 2721 1778 2765 utamur

89 2782 191 2846 sic,
244 2790 308 2841 ut
352 2781 561 2836 virtutis
617 2790 670 2836 et
715 2782 1005 2853 sapientiae
1049 2782 1216 2836 veluti
1265 2782 1466 2836 semina
1515 2783 1778 2852 quaedam

90 2871 420 2922 spargamus.
477 2852 600 2919 Quo
634 2854 753 2924 ipso
791 2853 1134 2924 significatur,
1172 2853 1303 2921 quid
1339 2852 1684 2924 philosophus
1711 2854 1778 2906 de

91 2923 302 2992 vulgari
353 2923 444 2976 illa
491 2942 612 2976 cum
659 2923 1066 2977 adolescentulis
1120 2923 1480 2977 familiaritate
1536 2924 1775 2978 senserit.

91 2991 299 3073 Nempe
335 2992 581 3061 probavit
617 3013 733 3047 eam
768 2994 846 3047 ita
880 2995 1132 3058 demum,-
1166 2994 1211 3047 si
1248 2994 1318 3047 ad
1352 2994 1562 3048 virtutis
1600 3004 1654 3048 et
1691 3013 1775 3047 sa-

92 3063 321 3133 pientiae
356 3062 741 3116 incrementum
776 3065 1111 3118 conduceret.
1165 3063 1450 3121 Praeterea
1484 3084 1611 3119 vero
1634 3065 1778 3118 illam

93 3133 511 3204 praeparationis
545 3133 663 3186 loco
697 3133 881 3190 haberi
918 3135 1084 3188 voluit
1119 3135 1187 3188 ad
1223 3155 1453 3189 amorem
1491 3155 1638 3197 eum,
1685 3135 1778 3202 qui

97 3222 257 3274 supra
301 3223 386 3257 res
434 3212 708 3257 terrestres
744 3213 962 3258 evectus
998 3205 1068 3258 ad
1103 3225 1278 3260 rerum
1314 3207 1610 3262 divinarum
1648 3222 1774 3257 con-

23 3335 57 3350 2
98 3274 492 3345 templationem
532 3274 885 3331 contenderet.
945 3276 1255 3332 Proximum
1290 3277 1455 3349 igitur
1492 3275 1614 3329 huic
1650 3294 1776 3346 gra—
