2222 3762
419 180 487 231 34
892 172 1509 229 PROLEGOMENA
1547 176 1659 230 AD

418 338 539 389 mus
587 319 823 388 denique
878 319 992 372 eius
1041 315 1497 384 constantia-met
1534 317 1928 371 fortitudinem.
1978 320 2114 379 ‚Ita-

420 410 524 460 que
562 410 662 444 nec
699 391 757 443 in
793 391 808 442 i
854 410 914 444 so
954 390 1103 442 exitu
1153 386 1515 454 defensionis,
1569 406 1700 442 suae
1739 389 1841 442 sibi
1894 389 2112 447 virtutis

419 463 702 531 conscius,
751 411 1022 515 iugicibus
1077 459 1329 530 generosi
1375 460 1612 530 pectoris
1668 461 1834 514 robur
1882 462 2112 531 probare

414 533 722 588 intermisit.

557 606 744 674 Atque
777 604 911 656 haec
950 599 1170 670 quidem
1209 601 1276 654 de
1313 602 1487 673 prima
1522 609 1675 673 parte
1714 602 1975 656 orationis
2008 602 2113 658 So-

416 677 668 730 craticae.
758 674 977 742 Quibus
1031 673 1295 743 expositis
1344 673 1691 744 perspicuum
1751 674 1866 727 fore
1927 674 2114 728 existi-

415 767 652 815 mamUS,
730 745 1013 800 Socratem
1079 763 1261 797 coram
1318 743 1590 798 iudicibus
1650 763 1895 798 caussam
1958 765 2112 800 suam

415 825 662 871 orantem
715 818 792 869 ita
841 817 897 868 in
946 814 1051 867 hoc
1112 815 1252 869 libro
1305 814 1636 886 descriptum
1686 835 1834 884 esse,
1898 825 1963 871 ut
2010 819 2113 878 viri

414 889 644 942 consilia
691 896 854 958 atque
912 886 1093 940 studia
1130 887 1290 957 plane
1329 886 1399 939 ad
1435 886 1694 940 historiae
1730 886 1894 941 fidem
1931 887 2111 942 defor-

412 967 557 1022 mata
594 959 916 1013 habeantur.
990 958 1080 1010 Ex
1136 978 1243 1028 quo
1291 959 1537 1029 profecto
1577 957 1874 1011 clarissime
1911 959 2111 1013 intelli-

412 1031 577 1103 gitur,
618 1031 905 1084 Platonem
941 1030 998 1101 in
1037 1029 1324 1084 condendo
1355 1029 1460 1084 hoc
1485 1029 1750 1100 opusculo
1790 1030 1924 1082 nihil
1963 1031 2112 1084 aliud

411 1103 745 1174 spectavisse
806 1121 968 1172 quam
1029 1100 1179 1170 quod
1239 1120 1404 1171 supra
1455 1100 1832 1154 iudicavimus.
1917 1102 2111 1167 Voluit

410 1174 552 1227 enim
591 1174 881 1246 imaginem
912 1171 1162 1228 ,Socratis
1204 1172 1459 1226 exhibere
1504 1181 1781 1242 tamquam
1820 1172 1891 1226 ad
1926 1173 2111 1228 vivum

409 1246 683 1317 exemplar
720 1263 1059 1316 expressam,
1111 1244 1257 1298 unde
1305 1263 1468 1313 quam
1518 1244 1845 1298 clarrissime
1901 1246 2110 1317 perspi-

410 1325 625 1370 ceretur
662 1317 730 1370 ab
770 1315 1043 1385 omnibus,
1081 1315 1215 1386 quid
1250 1314 1688 1386 philosophando
1712 1315 1937 1386 egisset,
1977 1317 2111 1387 quid

409 1387 476 1441 de
527 1387 632 1442 diis
681 1406 977 1458 eorumque
1027 1388 1376 1441 veneratione
1427 1387 1717 1454 sensisset,
1788 1387 1923 1457 quid
1967 1388 2110 1442 iudi-

408 1468 588 1513 casset
654 1459 721 1512 de
781 1467 925 1513 statu
985 1477 1163 1512 rerum
1212 1458 1387 1518 civili,
1450 1457 1685 1528 denique
1748 1477 2008 1528 quorsum
2056 1468 2112 1513 et

409 1550 518 1601 quo
567 1532 746 1584 animo
798 1550 897 1584 sua
944 1530 1165 1584 vivendi
1214 1529 1444 1584 consilia
1494 1529 1808 1598 direxisset,
1871 1538 1935 1583 ut
1986 1531 2108 1584 istis

408 1603 659 1656 omnibus
711 1602 1000 1656 declaratis
1050 1603 1213 1655 etiam
1261 1620 1484 1655 caussae
1523 1601 1866 1656 iniustissimi
1902 1602 2109 1674 suppli-

409 1674 508 1742 cii,
559 1693 669 1742 quo
715 1681 862 1727 esset
910 1673 1167 1742 affectus,
1218 1681 1682 1745 cognoscerentur
1739 1680 1905 1742 atque
1961 1675 2109 1728 omni

405 1745 718 1815 posteritati
755 1745 1102 1799 simulacrum
1138 1746 1243 1798 viri
1281 1744 1352 1798 ad
1387 1745 1668 1798 veritatem
1706 1744 1946 1798 effictum
1980 1761 2111 1817 pro·-

404 1825 730 1887 poneretur,
776 1817 833 1869 in
889 1815 1038 1886 quod
1087 1836 1275 1870 omnes
1323 1835 1500 1886 usque
1548 1815 1625 1888 pii
1675 1824 1836 1886 atque
1882 1836 2109 1871 venera-

405 1887 579 1941 bundi
613 1889 974 1942 intuerentur.

547 1960 641 2013 Ad
679 1959 820 2013 hanc
859 1979 984 2013 vero
1021 1961 1129 2013 ima
1169 1960 1311 2013 inem
1364 1960 1467 2013 viri
1505 1959 1986 2013 consummandam
2023 1966 2106 2011 at-

407 2051 512 2102 que
549 2031 938 2102 perficiendam
975 2031 1094 2085 sine
1131 1980 1301 2085 {ubic
1339 2032 1502 2085 etiam
1529 2050 1593 2083 ea
1627 2031 1928 2102 pertinent,
1967 2049 2107 2100 quae

403 2104 708 2173 posteriore
756 2103 880 2156 libri
930 2111 1088 2173 parte
1139 2102 1267 2155 inde
1316 2123 1348 2155 a
1396 2123 1449 2174 p.
1503 2104 1588 2156 36.
1638 2103 1710 2156 A.
1766 2109 2107 2174 perorantur.

405 2173 563 2242 Quae
598 2183 746 2228 certe
784 2173 1023 2228 dubitari
1070 2194 1181 2227 non
1230 2182 1415 2245 potest
1466 2174 1598 2243 quin
1636 2181 1689 2226 et
1735 2174 1856 2246 ipsa
1891 2192 2003 2226 non
2041 2191 2110 2226 ex

404 2247 512 2300 alio
566 2247 717 2300 fonte
765 2244 932 2299 ducta
980 2246 1090 2299 sint
1141 2265 1304 2315 quam
1350 2265 1418 2298 ex
1463 2264 1640 2298 rerum
1689 2264 1815 2299 vere
1867 2251 2108 2298 actarum

402 2318 679 2371 memoria.
754 2316 922 2384 Quod
969 2317 1112 2370 enim
1150 2317 1380 2387 primum
1418 2317 1660 2371 Meletus
1697 2324 1949 2370 narratur
1981 2335 2109 2388 pro-

405 2389 697 2461 pemodum
745 2407 943 2442 caussa
991 2389 1256 2442 cecidisse
1295 2391 1375 2460 (p.
1413 2390 1501 2442 36.
1541 2389 1640 2457 A.)
1689 2389 1832 2442 iusto
1887 2387 2108 2442 damna-

405 2462 671 2514 toriorum
733 2460 1115 2531 suffragiorum
1173 2479 1400 2512 numero
1460 2459 1579 2512 vix'
1611 2467 1869 2530 accepto,
1931 2477 2107 2527 eoque

361 2536 363 2539 ’
405 2532 568 2585 modo
608 2531 652 2585 si
696 2531 948 2583 nificatur
1003 2531 1091 2583 vel
1139 2531 1282 2583 inter
1318 2530 1576 2583 heliastas
1613 2530 1784 2584 fuisse
1821 2529 2104 2600 plurimoS,

407 2604 502 2672 qui
540 2602 607 2655 de
648 2551 952 2657 §ocrate
1004 2602 1270 2655 sentirent
1317 2602 1535 2666 melius;
1583 2601 1731 2671 quod
1778 2621 1941 2672 porro
1978 2618 2105 2654 reus

404 2674 557 2727 litem
609 2692 763 2727 suam
813 2673 1096 2726 aestimare
1142 2673 1323 2726 iussus
1374 2672 1552 2726 denuo
1609 2672 1895 2726 confirmat
1940 2691 1998 2726 se
2037 2671 2106 2725 de

403 2746 615 2799 civibus
665 2745 778 2797 suis
829 2745 1031 2826 optime
1066 2744 1318 2797 meritum
1367 2744 1470 2798 sibi
1506 2743 1683 2797 videri
1718 2744 1952 2814 ideoque
1989 2762 2108 2797 mu·-

401 2835 530 2870 nere
569 2816 676 2870 sibi
715 2815 976 2868 divimtus
1013 2815 1300 2883 mandato,
1337 2814 1625 2884 ‘siquidem
1672 2816 1786 2868 vita
1815 2822 2104 2887 suppetat,

400 2896 668 2959 perpetuo
708 2904 828 2940 esse
866 2894 1178 2940 constanter
1213 2906 1276 2940 ac
1314 2886 1549 2940 fideliter
1572 2888 1916 2951 functurum3
1958 2885 2107 2955 quod

403 2959 638 3030 denique
689 2957 835 3011 idem
882 2976 1049 3011 suasu
1098 2959 1395 3012 amicorum
1456 2978 1676 3012 suorum
1730 2978 1851 3012 eum
1902 2957 2106 3011 servari

402 3031 737 3103 cupientium
799 3029 1022 3082 multam
1081 3030 1319 3099 aliquam
1378 3028 1537 3083 offert
1584 3030 1807 3099 eiusque
1867 3047 2106 3082 summae

401 3121 692 3175 sponsores
742 3100 873 3154 satis
921 3101 1224 3170 locupletes
1293 3120 1360 3155 ex
1419 3101 1606 3155 amicis
1666 3102 1780 3155 suis
1838 3099 2105 3169 quosdam

400 3178 519 3231 iore
557 3174 875 3248 pollicetur3
916 3172 1102 3225 valent
1123 3171 1342 3242 quidem
1367 3172 1473 3226 ista
1499 3174 1682 3226 omnia
1719 3171 1791 3225 ad
1827 3171 2105 3225 illustran-

392 3248 527 3302 adam
583 3243 827 3303 Socratis
877 3244 1411 3315 magnanimitatem,
1475 3244 1875 3309 innocentiam,
1941 3241 2104 3294 fidem

401 3327 565 3391 atque
629 3315 1021 3383 constantiam,
1089 3314 1184 3369 sed
1244 3323 1441 3368 natura
1505 3335 1603 3370 sua
1666 3315 1795 3368 item
1855 3315 1932 3365 ita
1980 3321 2107 3365 sunt

404 3398 746 3463 comparata,
803 3393 865 3438 ut
914 3385 1071 3456 plane
1112 3387 1178 3440 de
1218 3386 1394 3440 media
1432 3387 1547 3441 vita
1585 3394 1761 3441 sumta
1796 3383 2103 3438 videantur.
