2158 3718
243 659 292 711 E

342 183 441 236 164

982 175 1463 230 PLATONIS

332 324 631 394 σκευάζειν,
676 325 826 389 ὅπως
865 329 1021 379 ἔσται
1066 321 1137 385 ὡς
1180 325 1474 392 βέλτιστος.
1551 322 1751 377 Ταῦτα
1797 325 1896 393 μὲν
1944 313 2044 376 οὖν

335 409 466 482 ὑμῖν
510 419 626 475 τοῖς
670 412 1230 486 καπαψηφισαμὲνοις
1270 407 1716 478 μαντευσάμενος
1755 405 2043 461 ἀπαλλάτ·

339 517 529 566 τομαι.

473 658 613 736 Cap.
675 657 908 715 XXXI.

1002 662 1133 722 Τοῖς
1203 660 1258 712 δὲ
1305 655 1835 732 ἀποψηφισαμένοις
1878 657 2045 725 ἡδέως

340 743 412 802 ἂν
458 749 812 815 διαλεχθείην
858 743 995 814 ὑπὲρ
1043 745 1144 798 τοῦ
1186 740 1474 810 γεγονότος
1518 747 1744 797 τουτουῗ
1785 742 2044 815 πράγμα-

341 851 454 900 τος,
501 836 557 883 ἐν
601 822 643 898 ᾧ
684 834 735 883 οἱ
783 825 1047 900 ἄρχοντες
1086 826 1354 897 ἀσχολίαν
1381 823 1580 897 ἄγουσι
1629 830 1718 881 καὶ
1760 824 1911 882 οὔπω
1953 834 2039 898 ἕρ·

336 937 509 986 χομαι
556 913 611 968 οἶ
654 914 904 968 ἐλθόντα
949 935 1013 980 με
1061 915 1141 966 δεῖ
1185 910 1484 966 τεθνάναι.
1531 910 1670 965 ἀλλά
1713 933 1824 983 μοι,
1871 905 1910 965 ὦ
1943 910 2043 966 ἄν-

339 1003 479 1072 δρες,
528 1001 904 1068 παραμείνατε
948 999 1217 1052 τοσοῦτον
1239 993 1477 1066 χρόνον·
1527 993 1690 1049 οὐδὲν
1720 994 1829 1068 γὰρ
1853 997 2043 1052 κωλύει

343 1084 836 1155 διαμυθολογῆσαι
871 1078 1011 1154 πρὸς
1054 1079 1347 1147 ἀλλήλους,
1391 1085 1488 1143 ἕως
1514 1080 1731 1146 ἔξεστιν.
1775 1078 1906 1150 ὑμῖν
1935 1078 2042 1152 γὰρ

453 1363 505 1405 P.
543 1362 615 1404 40.
679 1362 734 1400 τί
768 1374 908 1400 ποτε
952 1360 1096 1412 νοεῖ]

235 1174 304 1227 40
342 1167 414 1232 ὡς
456 1171 640 1243 φίλοις
681 1157 838 1221 οὖσιν
881 1166 1138 1232 ἐπιδεῖξαι
1198 1167 1374 1219 ἐθέλω
1434 1161 1496 1219 τὸ
1546 1169 1669 1219 νυνί
1709 1186 1807 1235 μοι
1850 1165 2043 1236 ξυμβε-

1201 1390 1210 1399 .
1259 1361 1299 1398 τί
1340 1354 1430 1399 ποτ’
1462 1357 1620 1407 ἐννοεῖ,
1661 1365 1811 1400 contra
1843 1361 2042 1412 loquendi

341 1420 697 1463 consuetudinem
730 1423 774 1460 et
805 1419 1067 1472 optimorum
1101 1417 1296 1458 codicum
1331 1416 1518 1458 omnium
1551 1418 1865 1460 auctoritatem.

343 1562 487 1618 quod
556 1561 807 1603 homines
871 1560 1154 1601 interfici-

342 1622 427 1664 tis.
477 1619 573 1663 Non
594 1617 833 1660 audiendus
852 1624 918 1658 est
937 1616 1022 1658 Fis
1037 1617 1092 1658 ch
1106 1630 1154 1657 e-

343 1692 456 1730 rus,
495 1679 570 1730 qui
610 1689 699 1717 rem
742 1677 879 1729 ipsam
911 1677 971 1717 ait
1002 1681 1154 1729 postn-

343 1739 434 1779 lare
464 1735 683 1778 aoristum.

402 1792 468 1847 μὴ
526 1791 653 1833 τοὺς
707 1789 903 1832 ἄλλους
964 1786 1154 1830 κολού-

347 1853 454 1907 ειν]
499 1847 714 1892 Κολούειν
744 1852 918 1905 proprie
961 1853 1030 1889 est
1056 1854 1154 1889 nm*-

347 1915 575 1964 putare‚
625 1909 909 1950 mutilare:
959 1904 1152 1947 deinde

344 1967 618 2021 impedire
674 1978 734 2006 ne
791 1964 919 2017 quid
979 1962 1152 2017 perfi-

344 2027 552 2075 ciatur,
602 2024 861 2074 frangere
892 2022 1148 2075 impetum

344 2083 619 2132 alienius,
667 2080 928 2122 cohibere
981 2080 1151 2121 alicu-

343 2142 431 2182 ius
463 2141 562 2181 vim
596 2143 650 2181 et
682 2139 1052 2187 voluntatem,
1087 2148 1149 2175 ne

343 2198 517 2240 faciat
558 2210 697 2251 quae
750 2195 940 2237 facere
989 2205 1148 2235 cona-

345 2262 459 2307 tur,
503 2263 551 2297 ut
585 2254 623 2296 h.
659 2255 690 2297 1.
728 2253 864 2295 Verbi
896 2264 1020 2294 usum
1058 2250 1155 2291 illu-

347 2316 498 2356 stravit
534 2311 801 2355 Arnaldus
832 2309 1156 2352 Animadversa.

344 2386 387 2426 p.
419 2373 489 2415 60.
521 2371 664 2413 Lectt.
709 2383 750 2420 p.
782 2367 852 2412 87.
893 2370 1152 2410 Pierson.

349 2429 574 2471 Verisimil.
610 2442 650 2482 p.
676 2426 733 2470 37
759 2439 822 2479 sq.
853 2432 897 2467 et
927 2424 1154 2467 Fische-

343 2500 436 2529 rus
466 2485 521 2527 ad
553 2487 595 2528 h.
625 2487 649 2528 l.
683 2484 831 2537 ltaque
864 2497 918 2525 ex
945 2485 1154 2534 interpre-

343 2545 512 2586 tatione
531 2543 667 2590 fluxit,
700 2541 816 2594 qnod
837 2541 877 2581 in
901 2541 1017 2581 libris
1046 2550 1152 2579 non-

344 2603 468 2643 nullis
522 2600 698 2653 legitur,
749 2595 944 2638 κωλύειν.
1023 2594 1155 2636 Certe

343 2657 686 2711 Hesychius:
715 2654 916 2697 κολούει·
949 2650 1117 2694 κωλύει.

405 2713 553 2756 ὅπως
583 2714 734 2754 ἔσται
766 2710 832 2754 ὥς
859 2713 940 2766 β.]
977 2712 1050 2753 Sc.
1077 2705 1152 2751 αὐ-

347 2770 422 2814 τὸς
488 2770 511 2814 ὁ
589 2769 747 2812 ἑαυτὸν
803 2767 1153 2826 παρασκευάζων.

346 2829 520 2873 Etenim
569 2829 756 2871 refertur
802 2829 883 2872 hoc
941 2827 995 2870 ad
1047 2825 1151 2875 τινά,

346 2889 464 2942 quod
526 2887 771 2949 continetur
839 2888 880 2928 in
948 2886 1151 2928 infinitivo

347 2946 517 2988 aliunde
548 2953 782 2998 suspenso,
817 2958 869 2988 w
902 2945 958 2987 ad
996 2957 1037 2997 p.
1081 2944 1149 2987 29.

348 3007 398 3048 Λ.
432 3005 506 3046 Sic
544 3004 673 3046 etium
706 2998 841 3044 αὐτός
855 3001 1066 3044 interdum
1094 3001 1148 3043 ad

347 3062 589 3103 subiectum
619 3060 913 3111 indefinitum,
961 3060 1079 3113 quod
1108 3060 1149 3101 in

346 3119 548 3160 infinitivo
589 3117 868 3172 praecedenti
912 3118 1042 3170 latet,
1081 3130 1151 3159 re·

345 3176 446 3218 ferri
501 3176 772 3219 ostendimus
821 3176 874 3218 ad
917 3176 1054 3230 Gorg.
1107 3189 1149 3229 p.

342 3232 443 3278 469..
477 3234 526 3276 C.
557 3238 602 3276 et
630 3233 729 3278 520.
762 3233 814 3276 Ε.

403 3291 509 3347 Cap.
543 3291 711 3333 XXXI.
765 3291 819 3333 E.
882 3288 1013 3344 ὑπὲρ
1057 3291 1152 3332 τοῦ

346 3363 452 3404 γεγ.
502 3363 534 3392 τ.
580 3349 699 3403 aa]
761 3349 993 3404 Eleganter
1049 3348 1152 3390 dicit

343 3403 474 3462 ΰπέρ,
512 3419 596 3449 11011
641 3408 757 3460 περί,
805 3406 920 3460 quod
961 3418 1150 3461 nuperus

1243 1559 1386 1601 editor
1448 1561 1636 1602 Batavus
1687 1573 1809 1602 mero
1865 1562 2043 1603 arbitrio

1242 1631 1320 1658 suo
1371 1618 1532 1666 edidit,
1577 1620 1778 1671 quoniam
1841 1620 1918 1671 iis,
1973 1621 2044 1673 qui

1240 1678 1378 1729 ipsum
1419 1677 1733 1728 absolvissent,
1788 1683 2043 1720 ostensurus

1241 1739 1334 1785 est,
1367 1734 1569 1786 quidnam
1609 1736 1707 1776 boni
1745 1748 1796 1776 ex
1829 1735 1908 1776 hac
1940 1749 2044 1777 con—

1241 1790 1516 1834 demnatione
1576 1806 1652 1833 sun
1713 1794 1920 1836 oriturum
1973 1795 2043 1835 sit.

1240 1850 1391 1901 ltaque
1429 1851 1512 1890 iani
1556 1863 1654 1903 pro
1695 1851 1780 1892 hac
1818 1864 1864 1893 re
1896 1851 2043 1906 dispu-

1236 1911 1329 1947 tare
1359 1907 1553 1948 instituit.

1293 1962 1350 2004 ἐν
1382 1956 1416 2019 ᾦ
1459 1964 1514 2004 οἱ
1540 1962 1805 2018 ἄρχοντες
1836 1963 2042 2019 ἀσχολί-

1236 2035 1296 2061 αν
1335 2019 1564 2075 ἄγουσι]
1619 2025 1657 2066 li.
1698 2037 1735 2066 e.
1790 2024 1911 2067 dum
1954 2039 2044 2068 un-

1235 2078 1524 2122 decimviri
1585 2085 1850 2134 occupati
1907 2090 2041 2127 sunt.

1236 2137 1446 2179 Videlicet
1494 2138 1662 2180 iudices
1699 2139 1925 2183 tradebant
1965 2155 2043 2184 nn-

1234 2194 1481 2237 decimviris
1524 2210 1628 2246 eoS‚
1668 2199 1741 2249 qui
1782 2198 1835 2239 ad
1876 2202 2042 2254 suppli-

1242 2253 1354 2293 cium
1388 2254 1576 2295 damnati
1615 2259 1774 2295 essent.
1837 2257 1932 2298 Hos
1962 2259 2041 2311 igi-

1241 2314 1311 2350 tur
1343 2313 1580 2364 oportebat
1611 2312 1818 2353 ministris
1845 2317 1935 2356 suis
1965 2319 2042 2357 im-

1239 2381 1418 2421 perare,
1467 2375 1513 2410 nt
1545 2369 1793 2411 damnatum
1823 2373 1861 2413 in
1896 2387 2044 2415 earce-

1240 2438 1331 2466 rem
1363 2425 1626 2467 abducerent
1658 2433 1702 2468 et
1737 2428 1962 2472 sumerent
1989 2432 2042 2472 ab

1239 2495 1293 2523 eo
1317 2484 1592 2537 supplicium,
1623 2484 1738 2535 quod
1759 2489 2042 2530 constitutum

1239 2545 1368 2583 esset.
1415 2541 1482 2581 De
1522 2539 1568 2581 ἐν
1599 2535 1635 2596 ᾦ
1666 2542 1887 2586 interea
1921 2545 2040 2588 dum

1239 2597 1508 2650 significante
1536 2612 1575 2639 v.
1607 2599 1661 2639 ad
1693 2599 1848 2653 Remp.
1879 2603 1957 2647 vl.
1997 2618 2039 2657 p.

1237 2653 1337 2698 490.
1375 2655 1428 2697 B.
1469 2653 1650 2698 Thenet.
1694 2671 1735 2711 p.
1770 2659 1867 2704 196.
1911 2662 1964 2706 Ε.
1996 2676 2038 2717 p.

1238 2713 1337 2756 190.
1400 2714 1451 2757 E.
1501 2736 1555 2744 —
1606 2709 1663 2755 οἶ
1702 2713 1941 2760 ἐλθόντα
1982 2744 2039 2751 -—-

1239 2767 1506 2812 τεθνάναι
1549 2772 1576 2816 ἰ.
1617 2785 1654 2814 e.
1696 2773 1759 2814 εἰς·
1798 2773 1847 2816 τὸ
1877 2775 2039 2828 δεσμω-

1237 2826 1398 2882 τήριον.
1442 2853 1497 2861 --
1563 2831 1671 2872 Mox
1715 2830 2038 2890 διαμυθολογῆ-

1238 2898 1308 2927 σαι
1367 2892 1433 2929 est
1483 2888 1868 2944 confabulari,
1912 2892 1951 2937 Ιι.
1998 2907 2037 2938 e.

1238 2944 1554 2998 disserere,
1629 2948 1904 3003 colloqui,
1991 2959 2037 2992 nt

1235 3001 1458 3043 Phaedon.
1502 3016 1542 3055 p.
1585 3003 1651 3047 70.
1697 3005 1749 3047 Β.
1781 3002 1885 3050 ἀλλὰ
1914 3010 1956 3048 τί
1984 3008 2035 3063 δὴ

1236 3061 1449 3110 ποιῶμεν;
1493 3058 1520 3115 ἢ
1564 3063 1660 3114 περὶ
1696 3060 1838 3106 αὐτῶν
1875 3065 2037 3108 τούτων·

1234 3117 1382 3170 βούλει
1422 3117 1824 3174 διαμυθολογῶμεν,
1866 3127 1948 3166 εἴτε
1975 3125 2035 3166 εἰ·

1236 3172 1314 3217 κός
1345 3173 1487 3217 οὕτως
1516 3177 1644 3230 ἔχειν,
1674 3179 1755 3220 εἴτε
1783 3179 1862 3236 μή;
1895 3182 2031 3236 Legg.

1234 3235 1267 3276 l.
1299 3247 1340 3288 p.
1373 3235 1472 3278 632.
1504 3235 1558 3277 E.
1585 3236 1639 3276 a'l.
1692 3238 1806 3281 Vide
1836 3253 1946 3294 quae
1978 3240 2033 3281 de

1236 3290 1317 3333 hoc
1348 3293 1464 3334 verbi
1491 3302 1570 3334 usu
1603 3289 1788 3336 diximus
1816 3297 1870 3338 sd
1890 3296 2031 3340 Phne-

1237 3348 1335 3390 don.
1369 3363 1410 3404 p.
1445 3350 1515 3394 61.
1547 3349 1597 3391 E.

1294 3408 1344 3448 P.
1375 3408 1443 3453 40.
1487 3404 1644 3462 ἡγὰρ
1675 3408 1915 3453 εἰωθυῖᾰ
1944 3427 2032 3463 μοι
