<?xml version="1.0" encoding="UTF-8"?>
<!DOCTYPE html PUBLIC "-//W3C//DTD XHTML 1.0 Transitional//EN"
    "http://www.w3.org/TR/xhtml1/DTD/xhtml1-transitional.dtd">
<html xmlns="http://www.w3.org/1999/xhtml" xml:lang="en" lang="en">
 <head>
  <title>
</title>
<meta http-equiv="Content-Type" content="text/html;charset=utf-8" />
  <meta name='ocr-system' content='tesseract 3.04.00' />
  <meta name='ocr-capabilities' content='ocr_page ocr_carea ocr_par ocr_line ocrx_word'/>
</head>
<body>
  <div class='ocr_page' id='page_1' title='image "./operaomniarecens01platuoft_0865.png"; bbox 0 0 2158 3718; ppageno 0'>
   <div class='ocr_carea' id='block_1_1' title="bbox 534 118 1802 189">
    <p class='ocr_par' dir='ltr' id='par_1_1' title="bbox 534 118 1802 189">
     <span class='ocr_line' id='line_1_1' title="bbox 534 118 1802 189; baseline 0.006 -18"><span class='ocrx_word' id='word_1_1' title='bbox 534 118 1042 175; x_wconf 71' lang='grc' dir='ltr'><strong>εΥΜΡοειυΜ.</strong></span> <span class='ocrx_word' id='word_1_2' title='bbox 1085 141 1133 189; x_wconf 74' lang='lat' dir='ltr'><strong>p.</strong></span> <span class='ocrx_word' id='word_1_3' title='bbox 1174 123 1279 174; x_wconf 80' lang='lat'><strong>207</strong></span> <span class='ocrx_word' id='word_1_4' title='bbox 1318 124 1392 174; x_wconf 76' lang='lat' dir='ltr'><strong>st.</strong></span> <span class='ocrx_word' id='word_1_5' title='bbox 1699 128 1802 178; x_wconf 71' lang='lat'><strong>143</strong></span> 
     </span>
    </p>
   </div>
   <div class='ocr_carea' id='block_1_2' title="bbox 98 264 1940 1096">
    <p class='ocr_par' dir='ltr' id='par_1_2' title="bbox 125 264 1803 340">
     <span class='ocr_line' id='line_1_2' title="bbox 125 264 1803 340; baseline 0.005 -21"><span class='ocrx_word' id='word_1_6' title='bbox 125 283 226 320; x_wconf 85' lang='grc' dir='ltr'><strong>νον</strong></span> <span class='ocrx_word' id='word_1_7' title='bbox 269 267 628 339; x_wconf 82' lang='grc' dir='ltr'><em>συσπειρᾶται</em></span> <span class='ocrx_word' id='word_1_8' title='bbox 664 268 760 321; x_wconf 80' lang='grc' dir='ltr'><strong>καὶ</strong></span> <span class='ocrx_word' id='word_1_9' title='bbox 801 264 1174 340; x_wconf 81' lang='grc' dir='ltr'><strong><em>ἀποτρέπεται</em></strong></span> <span class='ocrx_word' id='word_1_10' title='bbox 1228 269 1320 322; x_wconf 85' lang='grc' dir='ltr'><strong>καὶ</strong></span> <span class='ocrx_word' id='word_1_11' title='bbox 1360 267 1665 325; x_wconf 80' lang='grc' dir='ltr'><em>ἀνείλλεται</em></span> <span class='ocrx_word' id='word_1_12' title='bbox 1710 276 1803 328; x_wconf 86' lang='grc' dir='ltr'><strong>καὶ</strong></span> 
     </span>
    </p>

    <p class='ocr_par' dir='ltr' id='par_1_3' title="bbox 125 347 1804 427">
     <span class='ocr_line' id='line_1_3' title="bbox 125 347 1804 427; baseline 0.004 -23"><span class='ocrx_word' id='word_1_13' title='bbox 125 347 193 404; x_wconf 81' lang='grc' dir='ltr'><strong>οὐ</strong></span> <span class='ocrx_word' id='word_1_14' title='bbox 234 352 421 421; x_wconf 80' lang='grc' dir='ltr'><em>γεννᾷ,</em></span> <span class='ocrx_word' id='word_1_15' title='bbox 462 347 584 405; x_wconf 80' lang='grc' dir='ltr'><strong><em>ἀλλ’</em></strong></span> <span class='ocrx_word' id='word_1_16' title='bbox 641 348 795 421; x_wconf 74' lang='grc' dir='ltr'><strong>ἰ’σχον</strong></span> <span class='ocrx_word' id='word_1_17' title='bbox 839 347 903 405; x_wconf 88' lang='grc' dir='ltr'><strong>τὸ</strong></span> <span class='ocrx_word' id='word_1_18' title='bbox 946 348 1130 421; x_wconf 81' lang='grc' dir='ltr'><em>κύημα</em></span> <span class='ocrx_word' id='word_1_19' title='bbox 1167 354 1419 422; x_wconf 81' lang='grc' dir='ltr'><em>χαλεπῶς</em></span> <span class='ocrx_word' id='word_1_20' title='bbox 1448 356 1615 427; x_wconf 79' lang='grc' dir='ltr'><strong>φέρει.</strong></span> <span class='ocrx_word' id='word_1_21' title='bbox 1658 351 1804 411; x_wconf 81' lang='grc' dir='ltr'><em>ὅθεν</em></span> 
     </span>
    </p>

    <p class='ocr_par' dir='ltr' id='par_1_4' title="bbox 98 429 1940 1096">
     <span class='ocr_line' id='line_1_4' title="bbox 124 429 1802 506; baseline 0.005 -19"><span class='ocrx_word' id='word_1_22' title='bbox 124 429 190 500; x_wconf 84' lang='grc' dir='ltr'><strong>δὴ</strong></span> <span class='ocrx_word' id='word_1_23' title='bbox 238 435 316 504; x_wconf 81' lang='grc' dir='ltr'><strong>τῷ</strong></span> <span class='ocrx_word' id='word_1_24' title='bbox 359 436 586 490; x_wconf 85' lang='grc' dir='ltr'><em>κυοῦντί</em></span> <span class='ocrx_word' id='word_1_25' title='bbox 628 455 685 490; x_wconf 80' lang='grc' dir='ltr'><strong>τε</strong></span> <span class='ocrx_word' id='word_1_26' title='bbox 727 437 821 490; x_wconf 84' lang='grc' dir='ltr'><strong>καὶ</strong></span> <span class='ocrx_word' id='word_1_27' title='bbox 865 429 970 502; x_wconf 78' lang='grc' dir='ltr'><strong>ἤδη</strong></span> <span class='ocrx_word' id='word_1_28' title='bbox 1001 437 1317 506; x_wconf 78' lang='grc' dir='ltr'><em>σπαργῶντι</em></span> <span class='ocrx_word' id='word_1_29' title='bbox 1344 434 1523 504; x_wconf 83' lang='grc' dir='ltr'><strong><em>πολλὴ</em></strong></span> <span class='ocrx_word' id='word_1_30' title='bbox 1569 435 1603 506; x_wconf 83' lang='grc' dir='ltr'><em>ἡ</em></span> <span class='ocrx_word' id='word_1_31' title='bbox 1648 443 1802 495; x_wconf 85' lang='grc' dir='ltr'><strong><em>πτοί-</em></strong></span> 
     </span>
     <span class='ocr_line' id='line_1_5' title="bbox 125 516 1895 591; baseline 0.007 -20"><span class='ocrx_word' id='word_1_32' title='bbox 125 535 244 584; x_wconf 83' lang='grc' dir='ltr'><em>ησις</em></span> <span class='ocrx_word' id='word_1_33' title='bbox 292 521 477 587; x_wconf 77' lang='grc' dir='ltr'><em>γέγονε</em></span> <span class='ocrx_word' id='word_1_34' title='bbox 534 521 658 589; x_wconf 78' lang='grc' dir='ltr'><strong><em>περὶ</em></strong></span> <span class='ocrx_word' id='word_1_35' title='bbox 712 516 776 573; x_wconf 87' lang='grc' dir='ltr'><strong>τὸ</strong></span> <span class='ocrx_word' id='word_1_36' title='bbox 832 516 1006 575; x_wconf 83' lang='grc' dir='ltr'><em>καλὸν</em></span> <span class='ocrx_word' id='word_1_37' title='bbox 1060 518 1152 574; x_wconf 74' lang='grc' dir='ltr'><strong>διὰ</strong></span> <span class='ocrx_word' id='word_1_38' title='bbox 1198 516 1260 574; x_wconf 89' lang='grc' dir='ltr'><strong>τὸ</strong></span> <span class='ocrx_word' id='word_1_39' title='bbox 1306 519 1546 591; x_wconf 83' lang='grc' dir='ltr'><em>μεγάλης</em></span> <span class='ocrx_word' id='word_1_40' title='bbox 1601 520 1803 587; x_wconf 82' lang='grc' dir='ltr'><em>ὠδῖνος</em></span> <span class='ocrx_word' id='word_1_41' title='bbox 1854 535 1895 583; x_wconf 77' lang='grc' dir='ltr'>Ε</span> 
     </span>
     <span class='ocr_line' id='line_1_6' title="bbox 122 594 1798 682; baseline 0.005 -28"><span class='ocrx_word' id='word_1_42' title='bbox 122 598 390 667; x_wconf 75' lang='grc' dir='ltr'><strong><em>ἀπολύειν</em></strong></span> <span class='ocrx_word' id='word_1_43' title='bbox 415 597 519 658; x_wconf 86' lang='grc' dir='ltr'><strong>τὸν</strong></span> <span class='ocrx_word' id='word_1_44' title='bbox 545 605 764 674; x_wconf 75' lang='grc' dir='ltr'><strong>ἔχοντα.</strong></span> <span class='ocrx_word' id='word_1_45' title='bbox 806 606 922 658; x_wconf 74' lang='grc' dir='ltr'><em>ἔστι</em></span> <span class='ocrx_word' id='word_1_46' title='bbox 963 601 1089 675; x_wconf 78' lang='grc' dir='ltr'><em>γάρ,</em></span> <span class='ocrx_word' id='word_1_47' title='bbox 1136 594 1176 657; x_wconf 84' lang='grc' dir='ltr'><em>ὦ</em></span> <span class='ocrx_word' id='word_1_48' title='bbox 1223 601 1537 678; x_wconf 80' lang='grc' dir='ltr'><em>Σώκρατες,</em></span> <span class='ocrx_word' id='word_1_49' title='bbox 1580 609 1702 682; x_wconf 77' lang='grc' dir='ltr'><em>ἔφη,</em></span> <span class='ocrx_word' id='word_1_50' title='bbox 1731 605 1798 663; x_wconf 85' lang='grc' dir='ltr'><strong>οὐ</strong></span> 
     </span>
     <span class='ocr_line' id='line_1_7' title="bbox 123 683 1801 760; baseline 0.003 -20"><span class='ocrx_word' id='word_1_51' title='bbox 123 686 226 744; x_wconf 80' lang='grc' dir='ltr'><strong>τοῦ</strong></span> <span class='ocrx_word' id='word_1_52' title='bbox 262 687 436 740; x_wconf 84' lang='grc' dir='ltr'><strong><em>καλοῦ</em></strong></span> <span class='ocrx_word' id='word_1_53' title='bbox 480 683 510 741; x_wconf 91' lang='grc' dir='ltr'><em>ὁ</em></span> <span class='ocrx_word' id='word_1_54' title='bbox 557 691 704 759; x_wconf 75' lang='grc' dir='ltr'><em>ἔρως,</em></span> <span class='ocrx_word' id='word_1_55' title='bbox 748 683 822 752; x_wconf 81' lang='grc' dir='ltr'><strong>ὡς</strong></span> <span class='ocrx_word' id='word_1_56' title='bbox 863 683 928 742; x_wconf 79' lang='grc' dir='ltr'><strong>σύ</strong></span> <span class='ocrx_word' id='word_1_57' title='bbox 974 687 1091 743; x_wconf 79' lang='grc' dir='ltr'><strong>οἴει.</strong></span> <span class='ocrx_word' id='word_1_58' title='bbox 1172 685 1337 742; x_wconf 76' lang='grc' dir='ltr'><strong><em>Ἀλλοὶ</em></strong></span> <span class='ocrx_word' id='word_1_59' title='bbox 1383 693 1437 743; x_wconf 89' lang='grc' dir='ltr'><strong>τί</strong></span> <span class='ocrx_word' id='word_1_60' title='bbox 1474 688 1617 760; x_wconf 73' lang='grc' dir='ltr'><em>μήνς</em></span> <span class='ocrx_word' id='word_1_61' title='bbox 1687 694 1801 759; x_wconf 82' lang='grc' dir='ltr'><strong>Τῆς</strong></span> 
     </span>
     <span class='ocr_line' id='line_1_8' title="bbox 119 765 1801 844; baseline 0.005 -22"><span class='ocrx_word' id='word_1_62' title='bbox 119 765 420 838; x_wconf 76' lang='grc' dir='ltr'><em>γεννήσεως</em></span> <span class='ocrx_word' id='word_1_63' title='bbox 443 773 537 825; x_wconf 83' lang='grc' dir='ltr'><strong>καὶ</strong></span> <span class='ocrx_word' id='word_1_64' title='bbox 563 774 662 827; x_wconf 86' lang='grc' dir='ltr'><strong>τοῦ</strong></span> <span class='ocrx_word' id='word_1_65' title='bbox 697 769 867 828; x_wconf 88' lang='grc' dir='ltr'><strong><em>τόκου</em></strong></span> <span class='ocrx_word' id='word_1_66' title='bbox 897 777 955 827; x_wconf 84' lang='grc' dir='ltr'><strong>ὲν</strong></span> <span class='ocrx_word' id='word_1_67' title='bbox 983 774 1060 841; x_wconf 78' lang='grc' dir='ltr'><strong>τῷ</strong></span> <span class='ocrx_word' id='word_1_68' title='bbox 1089 773 1257 841; x_wconf 79' lang='grc' dir='ltr'><strong>καλῷ.</strong></span> <span class='ocrx_word' id='word_1_69' title='bbox 1314 771 1465 844; x_wconf 81' lang='grc' dir='ltr'><em>Εἶεν,</em></span> <span class='ocrx_word' id='word_1_70' title='bbox 1496 766 1566 841; x_wconf 80' lang='grc' dir='ltr'><strong>ἦν</strong></span> <span class='ocrx_word' id='word_1_71' title='bbox 1598 771 1650 830; x_wconf 82' lang='grc' dir='ltr'><strong>δ’</strong></span> <span class='ocrx_word' id='word_1_72' title='bbox 1680 773 1801 844; x_wconf 77' lang='grc' dir='ltr'><strong>ἐγώ.</strong></span> 
     </span>
     <span class='ocr_line' id='line_1_9' title="bbox 117 846 1802 938; baseline 0.005 -32"><span class='ocrx_word' id='word_1_73' title='bbox 117 849 291 907; x_wconf 77' lang='grc' dir='ltr'><em>Πάνυ</em></span> <span class='ocrx_word' id='word_1_74' title='bbox 333 855 435 924; x_wconf 78' lang='grc' dir='ltr'><strong>μὲν</strong></span> <span class='ocrx_word' id='word_1_75' title='bbox 479 846 597 922; x_wconf 76' lang='grc' dir='ltr'><strong>οὖν,</strong></span> <span class='ocrx_word' id='word_1_76' title='bbox 641 859 762 930; x_wconf 74' lang='grc' dir='ltr'><strong>ἔφη.</strong></span> <span class='ocrx_word' id='word_1_77' title='bbox 853 859 922 910; x_wconf 87' lang='grc' dir='ltr'><strong>Τί</strong></span> <span class='ocrx_word' id='word_1_78' title='bbox 957 852 1024 923; x_wconf 82' lang='grc' dir='ltr'><strong>δὴ</strong></span> <span class='ocrx_word' id='word_1_79' title='bbox 1069 846 1171 911; x_wconf 81' lang='grc' dir='ltr'><strong>οὗν</strong></span> <span class='ocrx_word' id='word_1_80' title='bbox 1212 857 1310 923; x_wconf 82' lang='grc' dir='ltr'><strong>τῆς</strong></span> <span class='ocrx_word' id='word_1_81' title='bbox 1337 854 1637 927; x_wconf 81' lang='grc' dir='ltr'><em>γεννήσεως</em></span> <span class='ocrx_word' id='word_1_82' title='bbox 1655 865 1691 938; x_wconf 70' lang='grc' dir='ltr'><strong>ςζ</strong></span> <span class='ocrx_word' id='word_1_83' title='bbox 1713 850 1802 915; x_wconf 79' lang='grc' dir='ltr'><strong>ὅτι</strong></span> 
     </span>
     <span class='ocr_line' id='line_1_10' title="bbox 118 932 1833 1016; baseline 0.006 -26"><span class='ocrx_word' id='word_1_84' title='bbox 118 932 352 1003; x_wconf 80' lang='grc' dir='ltr'><em>ἀειγενές</em></span> <span class='ocrx_word' id='word_1_85' title='bbox 409 944 523 993; x_wconf 80' lang='grc' dir='ltr'><em>ἐστι</em></span> <span class='ocrx_word' id='word_1_86' title='bbox 577 942 670 994; x_wconf 88' lang='grc' dir='ltr'><strong>καὶ</strong></span> <span class='ocrx_word' id='word_1_87' title='bbox 727 937 1037 995; x_wconf 77' lang='grc' dir='ltr'><em>ἀθάνατον</em></span> <span class='ocrx_word' id='word_1_88' title='bbox 1092 936 1166 1003; x_wconf 78' lang='grc' dir='ltr'><strong>ὡς</strong></span> <span class='ocrx_word' id='word_1_89' title='bbox 1218 942 1416 1010; x_wconf 78' lang='grc' dir='ltr'><em>θνητῷ</em></span> <span class='ocrx_word' id='word_1_90' title='bbox 1460 939 1493 1009; x_wconf 84' lang='grc' dir='ltr'><strong><em>ἡ</em></strong></span> <span class='ocrx_word' id='word_1_91' title='bbox 1538 944 1833 1016; x_wconf 51' lang='grc' dir='ltr'><em>γέννησιςξέ</em></span> 
     </span>
     <span class='ocr_line' id='line_1_11' title="bbox 98 1017 1940 1096; baseline 0.005 -21"><span class='ocrx_word' id='word_1_92' title='bbox 98 1017 450 1087; x_wconf 78' lang='grc' dir='ltr'><em>,ἀθανασίας</em></span> <span class='ocrx_word' id='word_1_93' title='bbox 491 1023 558 1079; x_wconf 77' lang='grc' dir='ltr'><strong>δὲ</strong></span> <span class='ocrx_word' id='word_1_94' title='bbox 591 1021 900 1094; x_wconf 79' lang='grc' dir='ltr'><em>ἀναγκαῖον</em></span> <span class='ocrx_word' id='word_1_95' title='bbox 941 1026 1239 1095; x_wconf 74' lang='grc' dir='ltr'><em>ἐπιθυμεῖν</em></span> <span class='ocrx_word' id='word_1_96' title='bbox 1281 1021 1419 1096; x_wconf 78' lang='grc' dir='ltr'><em>μετὰ</em></span> <span class='ocrx_word' id='word_1_97' title='bbox 1462 1023 1697 1096; x_wconf 74' lang='grc' dir='ltr'><em>ἀγαθοῦ</em></span> <span class='ocrx_word' id='word_1_98' title='bbox 1741 1034 1799 1084; x_wconf 79' lang='grc' dir='ltr'><strong>ἐκ</strong></span> <span class='ocrx_word' id='word_1_99' title='bbox 1835 1036 1940 1086; x_wconf 76' lang='grc'><strong>207</strong></span> 
     </span>
    </p>
   </div>
   <div class='ocr_carea' id='block_1_3' title="bbox 115 1211 1803 1555">
    <p class='ocr_par' dir='ltr' id='par_1_5' title="bbox 115 1211 1803 1555">
     <span class='ocr_line' id='line_1_12' title="bbox 120 1211 1803 1269; baseline 0.002 -13"><span class='ocrx_word' id='word_1_100' title='bbox 120 1211 187 1256; x_wconf 88' lang='grc'><strong>14.</strong></span> <span class='ocrx_word' id='word_1_101' title='bbox 221 1216 266 1254; x_wconf 85' lang='lat' dir='ltr'><strong>et</strong></span> <span class='ocrx_word' id='word_1_102' title='bbox 295 1212 454 1256; x_wconf 88' lang='lat' dir='ltr'><strong>Plotin.</strong></span> <span class='ocrx_word' id='word_1_103' title='bbox 487 1213 678 1257; x_wconf 86' lang='lat' dir='ltr'><strong>Ennead.</strong></span> <span class='ocrx_word' id='word_1_104' title='bbox 714 1215 745 1256; x_wconf 86' lang='grc' dir='ltr'><strong>Ι.</strong></span> <span class='ocrx_word' id='word_1_105' title='bbox 779 1213 818 1258; x_wconf 90' lang='grc'><strong>6.</strong></span> <span class='ocrx_word' id='word_1_106' title='bbox 851 1228 893 1269; x_wconf 83' lang='grc' dir='ltr'><strong>ρ.</strong></span> <span class='ocrx_word' id='word_1_107' title='bbox 918 1213 988 1258; x_wconf 86' lang='grc'><strong>51.</strong></span> <span class='ocrx_word' id='word_1_108' title='bbox 1019 1213 1070 1257; x_wconf 87' lang='lat' dir='ltr'><strong>F.</strong></span> <span class='ocrx_word' id='word_1_109' title='bbox 1100 1214 1212 1256; x_wconf 87' lang='lat' dir='ltr'><strong>unde</strong></span> <span class='ocrx_word' id='word_1_110' title='bbox 1241 1215 1336 1268; x_wconf 85' lang='lat' dir='ltr'><strong>quis</strong></span> <span class='ocrx_word' id='word_1_111' title='bbox 1367 1213 1584 1256; x_wconf 72' lang='grc' dir='ltr'><em>ἆνίλλεται</em></span> <span class='ocrx_word' id='word_1_112' title='bbox 1609 1217 1803 1259; x_wconf 78' lang='lat' dir='ltr'><strong>scriben-</strong></span> 
     </span>
     <span class='ocr_line' id='line_1_13' title="bbox 119 1269 1800 1326; baseline 0.003 -15"><span class='ocrx_word' id='word_1_113' title='bbox 119 1269 222 1312; x_wconf 89' lang='lat' dir='ltr'><strong>dum</strong></span> <span class='ocrx_word' id='word_1_114' title='bbox 253 1272 512 1325; x_wconf 78' lang='lat' dir='ltr'><strong>suspicetur,</strong></span> <span class='ocrx_word' id='word_1_115' title='bbox 533 1273 658 1326; x_wconf 88' lang='lat' dir='ltr'><strong>·quod</strong></span> <span class='ocrx_word' id='word_1_116' title='bbox 692 1272 822 1314; x_wconf 84' lang='lat' dir='ltr'><strong>habet</strong></span> <span class='ocrx_word' id='word_1_117' title='bbox 854 1273 1000 1314; x_wconf 87' lang='lat' dir='ltr'><strong>Ambr.</strong></span> <span class='ocrx_word' id='word_1_118' title='bbox 1062 1271 1152 1313; x_wconf 87' lang='lat' dir='ltr'><strong>Sed</strong></span> <span class='ocrx_word' id='word_1_119' title='bbox 1189 1272 1243 1312; x_wconf 90' lang='lat' dir='ltr'><strong>‹le</strong></span> <span class='ocrx_word' id='word_1_120' title='bbox 1276 1273 1487 1326; x_wconf 87' lang='lat' dir='ltr'><strong>scriptura</strong></span> <span class='ocrx_word' id='word_1_121' title='bbox 1528 1273 1649 1315; x_wconf 86' lang='lat' dir='ltr'><strong>huius</strong></span> <span class='ocrx_word' id='word_1_122' title='bbox 1680 1276 1800 1316; x_wconf 89' lang='lat' dir='ltr'><strong>verbi</strong></span> 
     </span>
     <span class='ocr_line' id='line_1_14' title="bbox 116 1328 1798 1381; baseline 0.004 -13"><span class='ocrx_word' id='word_1_123' title='bbox 116 1329 382 1381; x_wconf 78' lang='lat' dir='ltr'><strong>grammatici</strong></span> <span class='ocrx_word' id='word_1_124' title='bbox 419 1329 545 1370; x_wconf 84' lang='lat' dir='ltr'><strong>valde</strong></span> <span class='ocrx_word' id='word_1_125' title='bbox 583 1331 694 1373; x_wconf 87' lang='lat' dir='ltr'><strong>inter</strong></span> <span class='ocrx_word' id='word_1_126' title='bbox 737 1344 786 1371; x_wconf 88' lang='lat' dir='ltr'><strong>se</strong></span> <span class='ocrx_word' id='word_1_127' title='bbox 828 1330 1096 1371; x_wconf 80' lang='lat' dir='ltr'><strong>dissentiunt.</strong></span> <span class='ocrx_word' id='word_1_128' title='bbox 1139 1342 1178 1373; x_wconf 85' lang='lat' dir='ltr'><strong>v.</strong></span> <span class='ocrx_word' id='word_1_129' title='bbox 1211 1328 1380 1372; x_wconf 83' lang='lat' dir='ltr'><strong>Ruhnk.</strong></span> <span class='ocrx_word' id='word_1_130' title='bbox 1423 1330 1476 1371; x_wconf 90' lang='lat' dir='ltr'><strong>ad</strong></span> <span class='ocrx_word' id='word_1_131' title='bbox 1508 1330 1619 1375; x_wconf 87' lang='lat' dir='ltr'><strong>Tim.</strong></span> <span class='ocrx_word' id='word_1_132' title='bbox 1653 1332 1798 1375; x_wconf 80' lang='lat' dir='ltr'><strong>Gloss.</strong></span> 
     </span>
     <span class='ocr_line' id='line_1_15' title="bbox 115 1385 1798 1444; baseline 0.002 -17"><span class='ocrx_word' id='word_1_133' title='bbox 115 1397 159 1438; x_wconf 85' lang='lat' dir='ltr'><strong>p.</strong></span> <span class='ocrx_word' id='word_1_134' title='bbox 190 1385 246 1430; x_wconf 83' lang='lat'><strong>69</strong></span> <span class='ocrx_word' id='word_1_135' title='bbox 279 1398 343 1438; x_wconf 73' lang='lat' dir='ltr'><strong>sq.</strong></span> <span class='ocrx_word' id='word_1_136' title='bbox 376 1385 479 1430; x_wconf 83' lang='lat' dir='ltr'><strong>ibid.</strong></span> <span class='ocrx_word' id='word_1_137' title='bbox 514 1387 816 1429; x_wconf 78' lang='lat' dir='ltr'><strong>Hemsterhus.</strong></span> <span class='ocrx_word' id='word_1_138' title='bbox 848 1401 889 1441; x_wconf 90' lang='lat' dir='ltr'><strong>p.</strong></span> <span class='ocrx_word' id='word_1_139' title='bbox 917 1387 985 1431; x_wconf 82' lang='lat'><strong>94.</strong></span> <span class='ocrx_word' id='word_1_140' title='bbox 1025 1387 1222 1429; x_wconf 80' lang='lat' dir='ltr'><strong>Valcken.</strong></span> <span class='ocrx_word' id='word_1_141' title='bbox 1255 1387 1308 1428; x_wconf 85' lang='lat' dir='ltr'><strong>ad</strong></span> <span class='ocrx_word' id='word_1_142' title='bbox 1340 1387 1557 1430; x_wconf 86' lang='lat' dir='ltr'><strong>Theocrit.</strong></span> <span class='ocrx_word' id='word_1_143' title='bbox 1585 1389 1721 1431; x_wconf 84' lang='lat' dir='ltr'><strong>Adon.</strong></span> <span class='ocrx_word' id='word_1_144' title='bbox 1755 1402 1798 1444; x_wconf 88' lang='lat' dir='ltr'><strong>p.</strong></span> 
     </span>
     <span class='ocr_line' id='line_1_16' title="bbox 116 1439 1800 1498; baseline 0.003 -14"><span class='ocrx_word' id='word_1_145' title='bbox 116 1439 202 1486; x_wconf 88' lang='lat'><strong>248</strong></span> <span class='ocrx_word' id='word_1_146' title='bbox 230 1455 293 1496; x_wconf 80' lang='lat' dir='ltr'><strong>sq.</strong></span> <span class='ocrx_word' id='word_1_147' title='bbox 327 1443 518 1485; x_wconf 88' lang='lat' dir='ltr'><strong>Creuzer</strong></span> <span class='ocrx_word' id='word_1_148' title='bbox 546 1444 599 1486; x_wconf 83' lang='lat' dir='ltr'><strong>ad</strong></span> <span class='ocrx_word' id='word_1_149' title='bbox 635 1446 792 1487; x_wconf 88' lang='lat' dir='ltr'><strong>Plotin.</strong></span> <span class='ocrx_word' id='word_1_150' title='bbox 825 1445 880 1487; x_wconf 90' lang='lat' dir='ltr'><strong>de</strong></span> <span class='ocrx_word' id='word_1_151' title='bbox 912 1444 1148 1486; x_wconf 85' lang='lat' dir='ltr'><strong>Pulcritud.</strong></span> <span class='ocrx_word' id='word_1_152' title='bbox 1188 1457 1227 1497; x_wconf 89' lang='lat' dir='ltr'><strong>p.</strong></span> <span class='ocrx_word' id='word_1_153' title='bbox 1261 1444 1360 1498; x_wconf 79' lang='lat'><strong>339.</strong></span> <span class='ocrx_word' id='word_1_154' title='bbox 1390 1445 1632 1488; x_wconf 83' lang='lat' dir='ltr'><strong>Buttmann.</strong></span> <span class='ocrx_word' id='word_1_155' title='bbox 1666 1447 1800 1489; x_wconf 83' lang='lat' dir='ltr'><strong>Lexi-</strong></span> 
     </span>
     <span class='ocr_line' id='line_1_17' title="bbox 115 1499 1247 1555; baseline 0.004 -14"><span class='ocrx_word' id='word_1_156' title='bbox 115 1500 200 1554; x_wconf 84' lang='lat' dir='ltr'><strong>log.</strong></span> <span class='ocrx_word' id='word_1_157' title='bbox 232 1499 286 1542; x_wconf 88' lang='lat' dir='ltr'><strong>ll.</strong></span> <span class='ocrx_word' id='word_1_158' title='bbox 316 1514 356 1554; x_wconf 90' lang='lat' dir='ltr'><strong>p.</strong></span> <span class='ocrx_word' id='word_1_159' title='bbox 392 1499 467 1544; x_wconf 84' lang='lat'><strong>141</strong></span> <span class='ocrx_word' id='word_1_160' title='bbox 503 1514 596 1554; x_wconf 78' lang='lat' dir='ltr'><strong>sqq.</strong></span> <span class='ocrx_word' id='word_1_161' title='bbox 634 1502 873 1544; x_wconf 82' lang='lat' dir='ltr'><strong>Grammat.</strong></span> <span class='ocrx_word' id='word_1_162' title='bbox 903 1502 957 1543; x_wconf 90' lang='lat' dir='ltr'><strong>T.</strong></span> <span class='ocrx_word' id='word_1_163' title='bbox 989 1502 1041 1544; x_wconf 94' lang='lat' dir='ltr'><strong>II.</strong></span> <span class='ocrx_word' id='word_1_164' title='bbox 1077 1516 1116 1555; x_wconf 89' lang='lat' dir='ltr'><strong>p.</strong></span> <span class='ocrx_word' id='word_1_165' title='bbox 1155 1501 1247 1545; x_wconf 85' lang='lat'><strong>119.</strong></span> 
     </span>
    </p>
   </div>
   <div class='ocr_carea' id='block_1_4' title="bbox 115 1575 1799 1861">
    <p class='ocr_par' dir='ltr' id='par_1_6' title="bbox 115 1575 1799 1861">
     <span class='ocr_line' id='line_1_18' title="bbox 230 1575 1798 1634; baseline 0.006 -18"><span class='ocrx_word' id='word_1_166' title='bbox 230 1577 402 1630; x_wconf 67' lang='lat' dir='ltr'><strong>2202.er</strong></span> <span class='ocrx_word' id='word_1_167' title='bbox 433 1575 458 1630; x_wconf 78' lang='grc' dir='ltr'><em>ἦ</em></span> <span class='ocrx_word' id='word_1_168' title='bbox 492 1579 784 1634; x_wconf 81' lang='grc' dir='ltr'><strong>πτοίησις]</strong></span> <span class='ocrx_word' id='word_1_169' title='bbox 816 1580 967 1633; x_wconf 86' lang='lat' dir='ltr'><strong>Inepte</strong></span> <span class='ocrx_word' id='word_1_170' title='bbox 996 1580 1097 1620; x_wconf 90' lang='lat' dir='ltr'><strong>olim</strong></span> <span class='ocrx_word' id='word_1_171' title='bbox 1130 1579 1395 1621; x_wconf 82' lang='lat' dir='ltr'><strong>scribebatur</strong></span> <span class='ocrx_word' id='word_1_172' title='bbox 1424 1581 1602 1633; x_wconf 80' lang='grc' dir='ltr'><strong>ποίησις.</strong></span> <span class='ocrx_word' id='word_1_173' title='bbox 1664 1582 1798 1626; x_wconf 80' lang='lat' dir='ltr'><strong>Quod</strong></span> 
     </span>
     <span class='ocr_line' id='line_1_19' title="bbox 115 1633 1798 1692; baseline 0.005 -17"><span class='ocrx_word' id='word_1_174' title='bbox 115 1633 301 1676; x_wconf 82' lang='lat' dir='ltr'><strong>feliciter</strong></span> <span class='ocrx_word' id='word_1_175' title='bbox 341 1635 581 1678; x_wconf 85' lang='lat' dir='ltr'><strong>emendavit</strong></span> <span class='ocrx_word' id='word_1_176' title='bbox 620 1637 824 1678; x_wconf 80' lang='lat' dir='ltr'><strong>Abrescb.</strong></span> <span class='ocrx_word' id='word_1_177' title='bbox 865 1637 1113 1679; x_wconf 85' lang='lat' dir='ltr'><strong>Dilucidatt.</strong></span> <span class='ocrx_word' id='word_1_178' title='bbox 1145 1635 1336 1689; x_wconf 84' lang='lat' dir='ltr'><strong>Thucyd.</strong></span> <span class='ocrx_word' id='word_1_179' title='bbox 1371 1650 1411 1691; x_wconf 91' lang='lat' dir='ltr'><strong>p.</strong></span> <span class='ocrx_word' id='word_1_180' title='bbox 1446 1638 1539 1681; x_wconf 79' lang='grc'><strong>120.</strong></span> <span class='ocrx_word' id='word_1_181' title='bbox 1584 1640 1798 1692; x_wconf 81' lang='lat' dir='ltr'><strong>probante</strong></span> 
     </span>
     <span class='ocr_line' id='line_1_20' title="bbox 117 1690 1799 1749; baseline 0.005 -17"><span class='ocrx_word' id='word_1_182' title='bbox 117 1690 351 1734; x_wconf 79' lang='lat' dir='ltr'><strong>Schaefero</strong></span> <span class='ocrx_word' id='word_1_183' title='bbox 394 1692 448 1734; x_wconf 83' lang='lat' dir='ltr'><strong>ad</strong></span> <span class='ocrx_word' id='word_1_184' title='bbox 479 1693 886 1747; x_wconf 72' lang='lat' dir='ltr'><strong>Gregor..Corinth.</strong></span> <span class='ocrx_word' id='word_1_185' title='bbox 915 1709 957 1749; x_wconf 89' lang='lat' dir='ltr'><strong>p.</strong></span> <span class='ocrx_word' id='word_1_186' title='bbox 989 1693 1086 1739; x_wconf 77' lang='lat'><strong>923.</strong></span> <span class='ocrx_word' id='word_1_187' title='bbox 1121 1700 1165 1735; x_wconf 91' lang='lat' dir='ltr'><strong>et</strong></span> <span class='ocrx_word' id='word_1_188' title='bbox 1196 1694 1416 1743; x_wconf 86' lang='lat' dir='ltr'><strong>Creuzero</strong></span> <span class='ocrx_word' id='word_1_189' title='bbox 1463 1696 1515 1736; x_wconf 86' lang='lat' dir='ltr'><strong>ad</strong></span> <span class='ocrx_word' id='word_1_190' title='bbox 1551 1696 1706 1740; x_wconf 88' lang='lat' dir='ltr'><strong>Plotin.</strong></span> <span class='ocrx_word' id='word_1_191' title='bbox 1745 1698 1799 1740; x_wconf 84' lang='lat' dir='ltr'><strong>de</strong></span> 
     </span>
     <span class='ocr_line' id='line_1_21' title="bbox 117 1748 1792 1807; baseline 0.004 -18"><span class='ocrx_word' id='word_1_192' title='bbox 117 1748 296 1790; x_wconf 86' lang='lat' dir='ltr'><strong>Pulcrit.</strong></span> <span class='ocrx_word' id='word_1_193' title='bbox 325 1762 366 1804; x_wconf 89' lang='lat' dir='ltr'><strong>p.</strong></span> <span class='ocrx_word' id='word_1_194' title='bbox 397 1748 498 1794; x_wconf 86' lang='lat'><strong>212.</strong></span> <span class='ocrx_word' id='word_1_195' title='bbox 562 1751 618 1793; x_wconf 84' lang='lat' dir='ltr'><strong>Et</strong></span> <span class='ocrx_word' id='word_1_196' title='bbox 648 1753 939 1806; x_wconf 84' lang='lat' dir='ltr'><strong>praebuerunt</strong></span> <span class='ocrx_word' id='word_1_197' title='bbox 967 1753 1162 1805; x_wconf 79' lang='grc' dir='ltr'><strong>πτοίησις</strong></span> <span class='ocrx_word' id='word_1_198' title='bbox 1194 1750 1290 1791; x_wconf 89' lang='lat' dir='ltr'><strong>Vat.</strong></span> <span class='ocrx_word' id='word_1_199' title='bbox 1324 1751 1365 1791; x_wconf 92' lang='lat' dir='ltr'><strong>d.</strong></span> <span class='ocrx_word' id='word_1_200' title='bbox 1399 1756 1506 1807; x_wconf 87' lang='lat' dir='ltr'><strong>Ang.</strong></span> <span class='ocrx_word' id='word_1_201' title='bbox 1534 1764 1577 1793; x_wconf 91' lang='lat' dir='ltr'><strong>u.</strong></span> <span class='ocrx_word' id='word_1_202' title='bbox 1611 1758 1653 1795; x_wconf 91' lang='lat' dir='ltr'><strong>et</strong></span> <span class='ocrx_word' id='word_1_203' title='bbox 1683 1767 1792 1796; x_wconf 88' lang='lat' dir='ltr'><strong>corr.</strong></span> 
     </span>
     <span class='ocr_line' id='line_1_22' title="bbox 115 1805 1798 1861; baseline 0.004 -14"><span class='ocrx_word' id='word_1_204' title='bbox 115 1805 217 1850; x_wconf 85' lang='lat' dir='ltr'><strong>Par.</strong></span> <span class='ocrx_word' id='word_1_205' title='bbox 247 1806 301 1848; x_wconf 88' lang='lat' dir='ltr'><strong>E.</strong></span> <span class='ocrx_word' id='word_1_206' title='bbox 333 1807 477 1850; x_wconf 80' lang='lat' dir='ltr'><strong>Ambr.</strong></span> <span class='ocrx_word' id='word_1_207' title='bbox 514 1808 739 1850; x_wconf 76' lang='lat' dir='ltr'><strong>Bekkerus</strong></span> <span class='ocrx_word' id='word_1_208' title='bbox 768 1810 908 1850; x_wconf 86' lang='lat' dir='ltr'><strong>invitis</strong></span> <span class='ocrx_word' id='word_1_209' title='bbox 943 1809 1060 1850; x_wconf 83' lang='lat' dir='ltr'><strong>libris</strong></span> <span class='ocrx_word' id='word_1_210' title='bbox 1097 1807 1215 1849; x_wconf 87' lang='lat' dir='ltr'><strong>dedit</strong></span> <span class='ocrx_word' id='word_1_211' title='bbox 1243 1807 1455 1861; x_wconf 85' lang='grc' dir='ltr'><em>πτόησις,</em></span> <span class='ocrx_word' id='word_1_212' title='bbox 1498 1815 1544 1850; x_wconf 93' lang='lat' dir='ltr'><strong>ut</strong></span> <span class='ocrx_word' id='word_1_213' title='bbox 1575 1816 1642 1852; x_wconf 81' lang='lat' dir='ltr'><strong>est</strong></span> <span class='ocrx_word' id='word_1_214' title='bbox 1670 1812 1712 1852; x_wconf 89' lang='lat' dir='ltr'><strong>in</strong></span> <span class='ocrx_word' id='word_1_215' title='bbox 1743 1812 1798 1854; x_wconf 80' lang='lat' dir='ltr'><strong>li-</strong></span> 
     </span>
    </p>
   </div>
   <div class='ocr_carea' id='block_1_5' title="bbox 114 1862 1797 2000">
    <p class='ocr_par' dir='ltr' id='par_1_7' title="bbox 114 1862 1797 2000">
     <span class='ocr_line' id='line_1_23' title="bbox 114 1862 1486 1920; baseline 0.002 -16"><span class='ocrx_word' id='word_1_216' title='bbox 114 1862 204 1904; x_wconf 79' lang='lat' dir='ltr'><strong>bris</strong></span> <span class='ocrx_word' id='word_1_217' title='bbox 233 1865 442 1920; x_wconf 86' lang='lat' dir='ltr'><strong>nonnullis</strong></span> <span class='ocrx_word' id='word_1_218' title='bbox 474 1865 637 1919; x_wconf 83' lang='lat' dir='ltr'><strong>Cratyl.</strong></span> <span class='ocrx_word' id='word_1_219' title='bbox 665 1880 707 1920; x_wconf 90' lang='lat' dir='ltr'><strong>p.</strong></span> <span class='ocrx_word' id='word_1_220' title='bbox 739 1866 841 1912; x_wconf 84' lang='lat'><strong>404.</strong></span> <span class='ocrx_word' id='word_1_221' title='bbox 877 1870 926 1908; x_wconf 76' lang='lat' dir='ltr'><strong>A.</strong></span> <span class='ocrx_word' id='word_1_222' title='bbox 959 1866 1188 1919; x_wconf 84' lang='lat' dir='ltr'><strong>Protagor.</strong></span> <span class='ocrx_word' id='word_1_223' title='bbox 1220 1878 1260 1919; x_wconf 87' lang='lat' dir='ltr'><strong>p·</strong></span> <span class='ocrx_word' id='word_1_224' title='bbox 1296 1865 1396 1909; x_wconf 86' lang='lat'><strong>310.</strong></span> <span class='ocrx_word' id='word_1_225' title='bbox 1430 1866 1486 1908; x_wconf 88' lang='lat' dir='ltr'><strong>D.</strong></span> 
     </span>
     <span class='ocr_line' id='line_1_24' title="bbox 233 1941 1797 2000; baseline 0.003 -17"><span class='ocrx_word' id='word_1_226' title='bbox 233 1941 283 1983; x_wconf 79' lang='grc' dir='ltr'><strong>Ε.</strong></span> <span class='ocrx_word' id='word_1_227' title='bbox 341 1941 533 1989; x_wconf 79' lang='grc' dir='ltr'><strong>ὠδῖνος</strong></span> <span class='ocrx_word' id='word_1_228' title='bbox 563 1942 854 2000; x_wconf 73' lang='grc' dir='ltr'><strong>ἀπολύειν]</strong></span> <span class='ocrx_word' id='word_1_229' title='bbox 886 1942 1122 1986; x_wconf 72' lang='grc' dir='ltr'><strong>ἀπολαύειν</strong></span> <span class='ocrx_word' id='word_1_230' title='bbox 1156 1956 1251 1986; x_wconf 89' lang='lat' dir='ltr'><strong>cum</strong></span> <span class='ocrx_word' id='word_1_231' title='bbox 1285 1943 1414 1990; x_wconf 88' lang='lat' dir='ltr'><strong>Bodl.</strong></span> <span class='ocrx_word' id='word_1_232' title='bbox 1446 1947 1489 1985; x_wconf 86' lang='lat' dir='ltr'><strong>et</strong></span> <span class='ocrx_word' id='word_1_233' title='bbox 1509 1944 1605 1988; x_wconf 85' lang='lat' dir='ltr'><strong>Vat.</strong></span> <span class='ocrx_word' id='word_1_234' title='bbox 1625 1945 1678 1988; x_wconf 88' lang='lat' dir='ltr'><strong>A.</strong></span> <span class='ocrx_word' id='word_1_235' title='bbox 1712 1958 1797 1988; x_wconf 89' lang='lat' dir='ltr'><strong>non</strong></span> 
     </span>
    </p>
   </div>
   <div class='ocr_carea' id='block_1_6' title="bbox 115 1999 825 2053">
    <p class='ocr_par' dir='ltr' id='par_1_8' title="bbox 115 1999 825 2053">
     <span class='ocr_line' id='line_1_25' title="bbox 115 1999 825 2053; baseline 0.007 -14"><span class='ocrx_word' id='word_1_236' title='bbox 115 2001 268 2053; x_wconf 85' lang='lat' dir='ltr'><strong>pauci,</strong></span> <span class='ocrx_word' id='word_1_237' title='bbox 300 1999 379 2041; x_wconf 81' lang='lat' dir='ltr'><strong>sed</strong></span> <span class='ocrx_word' id='word_1_238' title='bbox 410 2000 637 2044; x_wconf 83' lang='lat' dir='ltr'><strong>manifesto</strong></span> <span class='ocrx_word' id='word_1_239' title='bbox 666 2015 825 2044; x_wconf 88' lang='lat' dir='ltr'><strong>errore.</strong></span> 
     </span>
    </p>
   </div>
   <div class='ocr_carea' id='block_1_7' title="bbox 115 2069 1796 2186">
    <p class='ocr_par' dir='ltr' id='par_1_9' title="bbox 115 2069 1796 2186">
     <span class='ocr_line' id='line_1_26' title="bbox 230 2069 1796 2129; baseline 0.005 -19"><span class='ocrx_word' id='word_1_240' title='bbox 230 2069 289 2112; x_wconf 74' lang='grc' dir='ltr'><strong>οὐ</strong></span> <span class='ocrx_word' id='word_1_241' title='bbox 323 2075 421 2113; x_wconf 86' lang='grc' dir='ltr'><strong>τοῦ</strong></span> <span class='ocrx_word' id='word_1_242' title='bbox 450 2074 619 2113; x_wconf 80' lang='grc' dir='ltr'><strong><em>καλοῦ</em></strong></span> <span class='ocrx_word' id='word_1_243' title='bbox 650 2070 673 2113; x_wconf 86' lang='lat' dir='ltr'><strong>o‘</strong></span> <span class='ocrx_word' id='word_1_244' title='bbox 707 2074 863 2129; x_wconf 77' lang='grc' dir='ltr'><strong>ἔρως]</strong></span> <span class='ocrx_word' id='word_1_245' title='bbox 899 2071 921 2114; x_wconf 85' lang='grc' dir='ltr'>ὁ</span> <span class='ocrx_word' id='word_1_246' title='bbox 953 2073 1146 2116; x_wconf 83' lang='lat' dir='ltr'><strong>additum</strong></span> <span class='ocrx_word' id='word_1_247' title='bbox 1178 2085 1231 2114; x_wconf 85' lang='lat' dir='ltr'><strong>ex</strong></span> <span class='ocrx_word' id='word_1_248' title='bbox 1263 2071 1389 2114; x_wconf 91' lang='lat' dir='ltr'><strong>Bodl.</strong></span> <span class='ocrx_word' id='word_1_249' title='bbox 1422 2072 1514 2117; x_wconf 83' lang='lat' dir='ltr'><strong>Vat.</strong></span> <span class='ocrx_word' id='word_1_250' title='bbox 1535 2071 1586 2117; x_wconf 84' lang='lat' dir='ltr'><strong>A.</strong></span> <span class='ocrx_word' id='word_1_251' title='bbox 1616 2074 1722 2117; x_wconf 86' lang='lat' dir='ltr'><strong>Ven.</strong></span> <span class='ocrx_word' id='word_1_252' title='bbox 1746 2076 1796 2118; x_wconf 90' lang='grc' dir='ltr'><strong>Ξ.</strong></span> 
     </span>
     <span class='ocr_line' id='line_1_27' title="bbox 115 2126 1458 2186; baseline 0.002 -15"><span class='ocrx_word' id='word_1_253' title='bbox 115 2126 239 2171; x_wconf 78' lang='lat' dir='ltr'><strong>vind.</strong></span> <span class='ocrx_word' id='word_1_254' title='bbox 258 2126 394 2172; x_wconf 83' lang='lat'><strong>1.2.7.</strong></span> <span class='ocrx_word' id='word_1_255' title='bbox 416 2128 629 2172; x_wconf 85' lang='lat' dir='ltr'><strong>Par.DK.</strong></span> <span class='ocrx_word' id='word_1_256' title='bbox 651 2131 800 2173; x_wconf 84' lang='lat' dir='ltr'><strong>Ambr.</strong></span> <span class='ocrx_word' id='word_1_257' title='bbox 819 2135 931 2186; x_wconf 86' lang='lat' dir='ltr'><strong>Ang.</strong></span> <span class='ocrx_word' id='word_1_258' title='bbox 945 2145 991 2173; x_wconf 90' lang='lat' dir='ltr'><strong>w.</strong></span> <span class='ocrx_word' id='word_1_259' title='bbox 1017 2129 1163 2173; x_wconf 82' lang='lat' dir='ltr'><strong>Vat.d·</strong></span> <span class='ocrx_word' id='word_1_260' title='bbox 1180 2144 1220 2184; x_wconf 93' lang='lat' dir='ltr'><strong>p.</strong></span> <span class='ocrx_word' id='word_1_261' title='bbox 1234 2142 1268 2171; x_wconf 83' lang='lat' dir='ltr'><strong>r.</strong></span> <span class='ocrx_word' id='word_1_262' title='bbox 1288 2129 1402 2172; x_wconf 88' lang='lat' dir='ltr'><strong>Flor.</strong></span> <span class='ocrx_word' id='word_1_263' title='bbox 1417 2143 1458 2175; x_wconf 87' lang='lat' dir='ltr'><strong>n.</strong></span> 
     </span>
    </p>
   </div>
   <div class='ocr_carea' id='block_1_8' title="bbox 117 2266 921 2724">
    <p class='ocr_par' dir='ltr' id='par_1_10' title="bbox 117 2266 921 2724">
     <span class='ocr_line' id='line_1_28' title="bbox 175 2266 919 2326; baseline 0 -14"><span class='ocrx_word' id='word_1_264' title='bbox 175 2266 628 2326; x_wconf 15' lang='lat' dir='ltr'><strong>nizppoeovo&#39;uwrov</strong></span> <span class='ocrx_word' id='word_1_265' title='bbox 695 2269 919 2324; x_wconf 77' lang='grc' dir='ltr'><em>διαχεῖ-</em></span> 
     </span>
     <span class='ocr_line' id='line_1_29' title="bbox 117 2327 917 2383; baseline 0.004 -16"><span class='ocrx_word' id='word_1_266' title='bbox 117 2327 232 2383; x_wconf 78' lang='grc' dir='ltr'><strong>ται]</strong></span> <span class='ocrx_word' id='word_1_267' title='bbox 297 2327 549 2369; x_wconf 85' lang='lat' dir='ltr'><strong>Communis</strong></span> <span class='ocrx_word' id='word_1_268' title='bbox 598 2327 676 2370; x_wconf 84' lang='lat' dir='ltr'><strong>fuit</strong></span> <span class='ocrx_word' id='word_1_269' title='bbox 720 2334 917 2370; x_wconf 83' lang='lat' dir='ltr'><strong>veterum</strong></span> 
     </span>
     <span class='ocr_line' id='line_1_30' title="bbox 120 2385 918 2439; baseline 0.001 -14"><span class='ocrx_word' id='word_1_270' title='bbox 120 2385 332 2426; x_wconf 76' lang='lat' dir='ltr'><strong>sententia</strong></span> <span class='ocrx_word' id='word_1_271' title='bbox 364 2385 548 2426; x_wconf 86' lang='lat' dir='ltr'><strong>animum</strong></span> <span class='ocrx_word' id='word_1_272' title='bbox 582 2388 804 2439; x_wconf 87' lang='lat' dir='ltr'><strong>voluptate</strong></span> <span class='ocrx_word' id='word_1_273' title='bbox 836 2386 918 2426; x_wconf 81' lang='lat' dir='ltr'><strong>dif-</strong></span> 
     </span>
     <span class='ocr_line' id='line_1_31' title="bbox 118 2440 916 2496; baseline 0.003 -14"><span class='ocrx_word' id='word_1_274' title='bbox 118 2440 268 2494; x_wconf 80' lang='lat' dir='ltr'><strong>fundi,</strong></span> <span class='ocrx_word' id='word_1_275' title='bbox 299 2441 470 2483; x_wconf 73' lang='lat' dir='ltr'><strong>tristitia</strong></span> <span class='ocrx_word' id='word_1_276' title='bbox 505 2443 711 2494; x_wconf 83' lang='lat' dir='ltr'><strong>contrabi,</strong></span> <span class='ocrx_word' id='word_1_277' title='bbox 744 2443 799 2484; x_wconf 87' lang='lat' dir='ltr'><strong>de</strong></span> <span class='ocrx_word' id='word_1_278' title='bbox 829 2455 916 2496; x_wconf 84' lang='lat' dir='ltr'><strong>qua</strong></span> 
     </span>
     <span class='ocr_line' id='line_1_32' title="bbox 119 2497 917 2554; baseline 0.004 -14"><span class='ocrx_word' id='word_1_279' title='bbox 119 2510 168 2540; x_wconf 78' lang='lat' dir='ltr'><strong>re</strong></span> <span class='ocrx_word' id='word_1_280' title='bbox 198 2498 374 2540; x_wconf 78' lang='lat' dir='ltr'><strong>uberius</strong></span> <span class='ocrx_word' id='word_1_281' title='bbox 406 2497 647 2551; x_wconf 68' lang='lat' dir='ltr'><strong>disputatur</strong></span> <span class='ocrx_word' id='word_1_282' title='bbox 675 2499 841 2544; x_wconf 78' lang='lat' dir='ltr'><strong>Pliileb.</strong></span> <span class='ocrx_word' id='word_1_283' title='bbox 876 2513 917 2554; x_wconf 87' lang='lat' dir='ltr'><strong>p.</strong></span> 
     </span>
     <span class='ocr_line' id='line_1_33' title="bbox 119 2554 915 2610; baseline 0.001 -12"><span class='ocrx_word' id='word_1_284' title='bbox 119 2554 190 2599; x_wconf 86' lang='lat'><strong>31.</strong></span> <span class='ocrx_word' id='word_1_285' title='bbox 214 2559 249 2596; x_wconf 86' lang='lat' dir='ltr'><strong>A</strong></span> <span class='ocrx_word' id='word_1_286' title='bbox 273 2569 366 2609; x_wconf 82' lang='lat' dir='ltr'><strong>sqq.</strong></span> <span class='ocrx_word' id='word_1_287' title='bbox 387 2569 425 2596; x_wconf 92' lang='lat' dir='ltr'><strong>v.</strong></span> <span class='ocrx_word' id='word_1_288' title='bbox 446 2556 826 2610; x_wconf 83' lang='lat' dir='ltr'><strong>Wyttenbacb.</strong></span> <span class='ocrx_word' id='word_1_289' title='bbox 859 2557 915 2598; x_wconf 89' lang='lat' dir='ltr'><strong>ad</strong></span> 
     </span>
     <span class='ocr_line' id='line_1_34' title="bbox 119 2613 917 2669; baseline 0.001 -14"><span class='ocrx_word' id='word_1_290' title='bbox 119 2613 340 2657; x_wconf 83' lang='lat' dir='ltr'><strong>Plutarch.</strong></span> <span class='ocrx_word' id='word_1_291' title='bbox 372 2613 426 2654; x_wconf 85' lang='lat' dir='ltr'><strong>de</strong></span> <span class='ocrx_word' id='word_1_292' title='bbox 456 2613 505 2655; x_wconf 91' lang='lat' dir='ltr'><strong>S.</strong></span> <span class='ocrx_word' id='word_1_293' title='bbox 525 2613 579 2656; x_wconf 91' lang='lat' dir='ltr'><strong>N.</strong></span> <span class='ocrx_word' id='word_1_294' title='bbox 605 2615 652 2655; x_wconf 91' lang='lat' dir='ltr'><strong>V.</strong></span> <span class='ocrx_word' id='word_1_295' title='bbox 678 2628 722 2669; x_wconf 90' lang='lat' dir='ltr'><strong>p.</strong></span> <span class='ocrx_word' id='word_1_296' title='bbox 743 2615 838 2660; x_wconf 83' lang='lat'><strong>103.</strong></span> <span class='ocrx_word' id='word_1_297' title='bbox 871 2619 917 2657; x_wconf 89' lang='lat' dir='ltr'><strong>et</strong></span> 
     </span>
     <span class='ocr_line' id='line_1_35' title="bbox 117 2669 921 2724; baseline 0.002 -12"><span class='ocrx_word' id='word_1_298' title='bbox 117 2669 304 2712; x_wconf 75' lang='lat' dir='ltr'><strong>Davis.</strong></span> <span class='ocrx_word' id='word_1_299' title='bbox 335 2670 393 2712; x_wconf 89' lang='lat' dir='ltr'><strong>ad</strong></span> <span class='ocrx_word' id='word_1_300' title='bbox 423 2670 561 2713; x_wconf 86' lang='lat' dir='ltr'><strong>Cicer.</strong></span> <span class='ocrx_word' id='word_1_301' title='bbox 596 2671 727 2714; x_wconf 84' lang='lat' dir='ltr'><strong>Tusc.</strong></span> <span class='ocrx_word' id='word_1_302' title='bbox 748 2672 823 2724; x_wconf 84' lang='lat'><strong>111.</strong></span> <span class='ocrx_word' id='word_1_303' title='bbox 850 2672 921 2717; x_wconf 82' lang='lat'><strong>25.</strong></span> 
     </span>
    </p>
   </div>
   <div class='ocr_carea' id='block_1_9' title="bbox 177 2785 919 2841">
    <p class='ocr_par' dir='ltr' id='par_1_11' title="bbox 177 2785 919 2841">
     <span class='ocr_line' id='line_1_36' title="bbox 177 2785 919 2841; baseline 0.003 -17"><span class='ocrx_word' id='word_1_304' title='bbox 177 2785 584 2841; x_wconf 78' lang='grc' dir='ltr'><em>συσπειρᾶται]</em></span> <span class='ocrx_word' id='word_1_305' title='bbox 622 2786 649 2828; x_wconf 89' lang='lat' dir='ltr'><strong>i.</strong></span> <span class='ocrx_word' id='word_1_306' title='bbox 680 2799 717 2828; x_wconf 89' lang='lat' dir='ltr'><strong>e.</strong></span> <span class='ocrx_word' id='word_1_307' title='bbox 748 2785 919 2829; x_wconf 77' lang='grc' dir='ltr'><em>συστέλ-</em></span> 
     </span>
    </p>
   </div>
   <div class='ocr_carea' id='block_1_10' title="bbox 120 2840 253 2881">
    <p class='ocr_par' dir='ltr' id='par_1_12' title="bbox 120 2840 253 2881">
     <span class='ocr_line' id='line_1_37' title="bbox 120 2840 253 2881; baseline -0.023 0"><span class='ocrx_word' id='word_1_308' title='bbox 120 2840 253 2881; x_wconf 64' lang='lat' dir='ltr'><strong>Zetae.</strong></span> 
     </span>
    </p>
   </div>
   <div class='ocr_carea' id='block_1_11' title="bbox 121 2921 918 3023">
    <p class='ocr_par' dir='ltr' id='par_1_13' title="bbox 121 2921 918 3023">
     <span class='ocr_line' id='line_1_38' title="bbox 177 2921 918 2978; baseline 0.009 -15"><span class='ocrx_word' id='word_1_309' title='bbox 177 2921 507 2976; x_wconf 76' lang='grc' dir='ltr'><strong>ἆνείλλεται]</strong></span> <span class='ocrx_word' id='word_1_310' title='bbox 541 2927 710 2978; x_wconf 73' lang='lat' dir='ltr'><strong>quasi</strong></span> <span class='ocrx_word' id='word_1_311' title='bbox 741 2927 918 2970; x_wconf 83' lang='lat' dir='ltr'><strong>denuo</strong></span> 
     </span>
     <span class='ocr_line' id='line_1_39' title="bbox 121 2979 503 3023; baseline 0.003 -1"><span class='ocrx_word' id='word_1_312' title='bbox 121 2979 503 3023; x_wconf 84' lang='lat' dir='ltr'><strong>convolvitur.</strong></span> 
     </span>
    </p>
   </div>
   <div class='ocr_carea' id='block_1_12' title="bbox 119 3064 922 3406">
    <p class='ocr_par' dir='ltr' id='par_1_14' title="bbox 119 3064 922 3406">
     <span class='ocr_line' id='line_1_40' title="bbox 180 3064 922 3122; baseline 0.003 -17"><span class='ocrx_word' id='word_1_313' title='bbox 180 3064 288 3118; x_wconf 78' lang='grc' dir='ltr'><strong>ἤδη</strong></span> <span class='ocrx_word' id='word_1_314' title='bbox 327 3070 643 3119; x_wconf 81' lang='grc' dir='ltr'><em>σπαργῶντι</em></span> <span class='ocrx_word' id='word_1_315' title='bbox 681 3066 850 3120; x_wconf 77' lang='grc' dir='ltr'><strong><em>πολλῆ</em></strong></span> <span class='ocrx_word' id='word_1_316' title='bbox 895 3066 922 3122; x_wconf 73' lang='grc' dir='ltr'><strong><em>ἡ</em></strong></span> 
     </span>
     <span class='ocr_line' id='line_1_41' title="bbox 120 3122 922 3178; baseline 0.004 -16"><span class='ocrx_word' id='word_1_317' title='bbox 120 3135 156 3162; x_wconf 84' lang='grc' dir='ltr'><strong><em>π</em></strong></span> <span class='ocrx_word' id='word_1_318' title='bbox 169 3125 291 3174; x_wconf 77' lang='grc' dir='ltr'><strong>τοίη</strong></span> <span class='ocrx_word' id='word_1_319' title='bbox 302 3138 326 3163; x_wconf 93' lang='grc' dir='ltr'><em>σ</em></span> <span class='ocrx_word' id='word_1_320' title='bbox 339 3138 356 3162; x_wconf 80' lang='grc' dir='ltr'><em>ι</em></span> <span class='ocrx_word' id='word_1_321' title='bbox 367 3122 405 3175; x_wconf 81' lang='grc' dir='ltr'><strong>ς]</strong></span> <span class='ocrx_word' id='word_1_322' title='bbox 426 3123 693 3164; x_wconf 58' lang='lat' dir='ltr'><strong>thoceio-902⁶</strong></span> <span class='ocrx_word' id='word_1_323' title='bbox 709 3128 754 3165; x_wconf 90' lang='lat' dir='ltr'><strong>et</strong></span> <span class='ocrx_word' id='word_1_324' title='bbox 767 3125 922 3178; x_wconf 78' lang='grc' dir='ltr'><strong>πτοίη-</strong></span> 
     </span>
     <span class='ocr_line' id='line_1_42' title="bbox 122 3177 920 3236; baseline 0.001 -15"><span class='ocrx_word' id='word_1_325' title='bbox 122 3195 190 3226; x_wconf 82' lang='grc' dir='ltr'><strong>σις</strong></span> <span class='ocrx_word' id='word_1_326' title='bbox 221 3193 256 3220; x_wconf 82' lang='lat' dir='ltr'><strong>s.</strong></span> <span class='ocrx_word' id='word_1_327' title='bbox 290 3177 473 3232; x_wconf 83' lang='grc' dir='ltr'><em>πτόησις</em></span> <span class='ocrx_word' id='word_1_328' title='bbox 504 3179 588 3221; x_wconf 90' lang='lat' dir='ltr'><strong>dici</strong></span> <span class='ocrx_word' id='word_1_329' title='bbox 622 3179 677 3221; x_wconf 86' lang='lat' dir='ltr'><strong>de</strong></span> <span class='ocrx_word' id='word_1_330' title='bbox 706 3181 795 3232; x_wconf 79' lang='lat' dir='ltr'><strong>iis,</strong></span> <span class='ocrx_word' id='word_1_331' title='bbox 826 3181 920 3236; x_wconf 91' lang='lat' dir='ltr'><strong>qui</strong></span> 
     </span>
     <span class='ocr_line' id='line_1_43' title="bbox 119 3237 922 3292; baseline 0.002 -14"><span class='ocrx_word' id='word_1_332' title='bbox 119 3237 279 3279; x_wconf 89' lang='lat' dir='ltr'><strong>circa</strong></span> <span class='ocrx_word' id='word_1_333' title='bbox 315 3237 532 3290; x_wconf 85' lang='lat' dir='ltr'><strong>aliquid</strong></span> <span class='ocrx_word' id='word_1_334' title='bbox 563 3250 696 3291; x_wconf 85' lang='lat' dir='ltr'><strong>prae</strong></span> <span class='ocrx_word' id='word_1_335' title='bbox 727 3238 922 3292; x_wconf 87' lang='lat' dir='ltr'><strong>cupidi</strong></span> 
     </span>
     <span class='ocr_line' id='line_1_44' title="bbox 121 3294 917 3347; baseline 0.001 -11"><span class='ocrx_word' id='word_1_336' title='bbox 121 3298 238 3337; x_wconf 83' lang='lat' dir='ltr'><strong>tate</strong></span> <span class='ocrx_word' id='word_1_337' title='bbox 271 3294 917 3347; x_wconf 84' lang='lat' dir='ltr'><strong>trepidant,docuitCreu-</strong></span> 
     </span>
     <span class='ocr_line' id='line_1_45' title="bbox 120 3350 916 3406; baseline 0.001 -14"><span class='ocrx_word' id='word_1_338' title='bbox 120 3363 223 3395; x_wconf 86' lang='lat' dir='ltr'><strong>zer.</strong></span> <span class='ocrx_word' id='word_1_339' title='bbox 245 3350 300 3394; x_wconf 84' lang='lat' dir='ltr'><strong>ad</strong></span> <span class='ocrx_word' id='word_1_340' title='bbox 314 3351 474 3394; x_wconf 89' lang='lat' dir='ltr'><strong>Plotin.</strong></span> <span class='ocrx_word' id='word_1_341' title='bbox 494 3351 548 3394; x_wconf 88' lang='lat' dir='ltr'><strong>de</strong></span> <span class='ocrx_word' id='word_1_342' title='bbox 565 3352 739 3395; x_wconf 85' lang='lat' dir='ltr'><strong>Pulcrit.</strong></span> <span class='ocrx_word' id='word_1_343' title='bbox 766 3350 916 3406; x_wconf 86' lang='lat' dir='ltr'><strong>p.212.</strong></span> 
     </span>
    </p>
   </div>
   <div class='ocr_carea' id='block_1_13' title="bbox 1000 2266 1799 2487">
    <p class='ocr_par' dir='ltr' id='par_1_15' title="bbox 1000 2266 1799 2487">
     <span class='ocr_line' id='line_1_46' title="bbox 1063 2266 1797 2325; baseline -0.003 -13"><span class='ocrx_word' id='word_1_344' title='bbox 1063 2270 1113 2312; x_wconf 79' lang='grc' dir='ltr'><strong>Ε.</strong></span> <span class='ocrx_word' id='word_1_345' title='bbox 1161 2268 1253 2312; x_wconf 79' lang='grc' dir='ltr'><strong>διὰ</strong></span> <span class='ocrx_word' id='word_1_346' title='bbox 1285 2269 1349 2311; x_wconf 76' lang='grc' dir='ltr'><strong>τὸ</strong></span> <span class='ocrx_word' id='word_1_347' title='bbox 1381 2266 1797 2325; x_wconf 69' lang='grc' dir='ltr'><em>μεγάλης-τᾶν</em></span> 
     </span>
     <span class='ocr_line' id='line_1_47' title="bbox 1001 2325 1799 2383; baseline -0.004 -14"><span class='ocrx_word' id='word_1_348' title='bbox 1001 2327 1219 2383; x_wconf 74' lang='grc' dir='ltr'><strong>ἔχοντα]</strong></span> <span class='ocrx_word' id='word_1_349' title='bbox 1265 2326 1305 2369; x_wconf 86' lang='lat' dir='ltr'><strong>h.</strong></span> <span class='ocrx_word' id='word_1_350' title='bbox 1339 2342 1376 2370; x_wconf 90' lang='lat' dir='ltr'><strong>e.</strong></span> <span class='ocrx_word' id='word_1_351' title='bbox 1418 2325 1535 2368; x_wconf 75' lang='grc' dir='ltr'><em>διότι</em></span> <span class='ocrx_word' id='word_1_352' title='bbox 1571 2325 1621 2368; x_wconf 76' lang='grc' dir='ltr'><strong>τὸ</strong></span> <span class='ocrx_word' id='word_1_353' title='bbox 1667 2326 1799 2368; x_wconf 81' lang='grc' dir='ltr'><em>καλὸν</em></span> 
     </span>
     <span class='ocr_line' id='line_1_48' title="bbox 1000 2382 1798 2457; baseline 0.001 -32"><span class='ocrx_word' id='word_1_354' title='bbox 1000 2383 1353 2457; x_wconf 54' lang='grc' dir='ltr'><em>μεγάλήςρδῖνος</em></span> <span class='ocrx_word' id='word_1_355' title='bbox 1376 2382 1560 2448; x_wconf 58' lang='grc' dir='ltr'><strong>ἀπολύει</strong></span> <span class='ocrx_word' id='word_1_356' title='bbox 1579 2383 1659 2425; x_wconf 76' lang='grc' dir='ltr'><strong>τὸν</strong></span> <span class='ocrx_word' id='word_1_357' title='bbox 1679 2387 1798 2437; x_wconf 70' lang='grc' dir='ltr'><strong>ἕχον-</strong></span> 
     </span>
     <span class='ocr_line' id='line_1_49' title="bbox 1001 2458 1215 2487; baseline -0.005 -4"><span class='ocrx_word' id='word_1_358' title='bbox 1001 2458 1057 2483; x_wconf 84' lang='grc' dir='ltr'><strong>τα</strong></span> <span class='ocrx_word' id='word_1_359' title='bbox 1087 2459 1215 2487; x_wconf 83' lang='grc' dir='ltr'><strong>αυτο.</strong></span> 
     </span>
    </p>
   </div>
   <div class='ocr_carea' id='block_1_14' title="bbox 1001 2524 1805 3152">
    <p class='ocr_par' dir='ltr' id='par_1_16' title="bbox 1001 2524 1805 3152">
     <span class='ocr_line' id='line_1_50' title="bbox 1055 2524 1798 2580; baseline -0.005 -12"><span class='ocrx_word' id='word_1_360' title='bbox 1055 2524 1208 2568; x_wconf 79' lang='grc' dir='ltr'><strong>Ἀλλὰ</strong></span> <span class='ocrx_word' id='word_1_361' title='bbox 1252 2528 1306 2568; x_wconf 80' lang='grc' dir='ltr'><strong>τί</strong></span> <span class='ocrx_word' id='word_1_362' title='bbox 1345 2525 1502 2580; x_wconf 72' lang='grc' dir='ltr'><strong>μῆνς]</strong></span> <span class='ocrx_word' id='word_1_363' title='bbox 1545 2525 1585 2568; x_wconf 86' lang='lat' dir='ltr'><strong>h.</strong></span> <span class='ocrx_word' id='word_1_364' title='bbox 1617 2539 1657 2568; x_wconf 87' lang='lat' dir='ltr'><strong>e.</strong></span> <span class='ocrx_word' id='word_1_365' title='bbox 1691 2524 1798 2566; x_wconf 77' lang='grc' dir='ltr'><strong>ἀλλὰ</strong></span> 
     </span>
     <span class='ocr_line' id='line_1_51' title="bbox 1001 2582 1797 2638; baseline -0.001 -13"><span class='ocrx_word' id='word_1_366' title='bbox 1001 2584 1046 2625; x_wconf 74' lang='grc' dir='ltr'><strong>τί</strong></span> <span class='ocrx_word' id='word_1_367' title='bbox 1073 2583 1161 2638; x_wconf 77' lang='grc' dir='ltr'><strong>μὴν</strong></span> <span class='ocrx_word' id='word_1_368' title='bbox 1189 2583 1320 2638; x_wconf 78' lang='grc' dir='ltr'><strong><em>ἅλλο;</em></strong></span> <span class='ocrx_word' id='word_1_369' title='bbox 1352 2585 1522 2627; x_wconf 83' lang='lat' dir='ltr'><strong>Politic.</strong></span> <span class='ocrx_word' id='word_1_370' title='bbox 1553 2598 1594 2638; x_wconf 91' lang='lat' dir='ltr'><strong>p.</strong></span> <span class='ocrx_word' id='word_1_371' title='bbox 1616 2582 1797 2627; x_wconf 79' lang='lat' dir='ltr'>259-B:</span> 
     </span>
     <span class='ocr_line' id='line_1_52' title="bbox 1002 2638 1802 2714; baseline -0.003 -31"><span class='ocrx_word' id='word_1_372' title='bbox 1002 2641 1072 2683; x_wconf 80' lang='grc' dir='ltr'><strong>καὶ</strong></span> <span class='ocrx_word' id='word_1_373' title='bbox 1101 2640 1187 2696; x_wconf 77' lang='grc' dir='ltr'><strong>μὴν</strong></span> <span class='ocrx_word' id='word_1_374' title='bbox 1205 2640 1447 2714; x_wconf 50' lang='grc' dir='ltr'><strong>,οἰκονόμος</strong></span> <span class='ocrx_word' id='word_1_375' title='bbox 1473 2656 1519 2697; x_wconf 83' lang='grc' dir='ltr'><strong>γε</strong></span> <span class='ocrx_word' id='word_1_376' title='bbox 1551 2641 1622 2682; x_wconf 81' lang='grc' dir='ltr'><strong>καὶ</strong></span> <span class='ocrx_word' id='word_1_377' title='bbox 1645 2638 1802 2681; x_wconf 79' lang='grc' dir='ltr'><em>δεσπό-</em></span> 
     </span>
     <span class='ocr_line' id='line_1_53' title="bbox 1001 2701 1798 2811; baseline -0.005 -13"><span class='ocrx_word' id='word_1_378' title='bbox 1001 2713 1110 2798; x_wconf 52' lang='grc' dir='ltr'><strong>ἷιῗῑῗι.</strong></span> <span class='ocrx_word' id='word_1_379' title='bbox 1136 2701 1556 2811; x_wconf 38' lang='grc' dir='ltr'><strong>Ἐυῗὴνῑὶεξζῗιρά.</strong></span> <span class='ocrx_word' id='word_1_380' title='bbox 1582 2756 1642 2799; x_wconf 76' lang='lat' dir='ltr'><strong>c:</strong></span> <span class='ocrx_word' id='word_1_381' title='bbox 1674 2754 1719 2796; x_wconf 62' lang='grc' dir='ltr'><strong>οἳ</strong></span> <span class='ocrx_word' id='word_1_382' title='bbox 1748 2753 1798 2796; x_wconf 71' lang='grc' dir='ltr'><strong>τὸ</strong></span> 
     </span>
     <span class='ocr_line' id='line_1_54' title="bbox 1002 2810 1800 2869; baseline 0 -17"><span class='ocrx_word' id='word_1_383' title='bbox 1002 2810 1205 2869; x_wconf 77' lang='grc' dir='ltr'><em>παράπαν</em></span> <span class='ocrx_word' id='word_1_384' title='bbox 1238 2812 1396 2866; x_wconf 76' lang='grc' dir='ltr'><strong>ἡδονὰς</strong></span> <span class='ocrx_word' id='word_1_385' title='bbox 1429 2812 1483 2854; x_wconf 81' lang='grc' dir='ltr'><strong>οὔ</strong></span> <span class='ocrx_word' id='word_1_386' title='bbox 1515 2827 1644 2868; x_wconf 79' lang='grc' dir='ltr'><em>φασιν</em></span> <span class='ocrx_word' id='word_1_387' title='bbox 1673 2813 1800 2852; x_wconf 80' lang='grc' dir='ltr'><strong>εἶναι.</strong></span> 
     </span>
     <span class='ocr_line' id='line_1_55' title="bbox 1004 2868 1801 2926; baseline -0.005 -14"><span class='ocrx_word' id='word_1_388' title='bbox 1004 2870 1158 2912; x_wconf 88' lang='lat' dir='ltr'><strong>Prot.</strong></span> <span class='ocrx_word' id='word_1_389' title='bbox 1193 2872 1251 2910; x_wconf 82' lang='grc' dir='ltr'><strong>Τί</strong></span> <span class='ocrx_word' id='word_1_390' title='bbox 1266 2870 1376 2926; x_wconf 79' lang='grc' dir='ltr'><em>μη’ν,”</em></span> <span class='ocrx_word' id='word_1_391' title='bbox 1406 2870 1445 2916; x_wconf 84' lang='grc' dir='ltr'><strong>ΙΙ.</strong></span> <span class='ocrx_word' id='word_1_392' title='bbox 1467 2885 1503 2914; x_wconf 87' lang='lat' dir='ltr'><strong>e.</strong></span> <span class='ocrx_word' id='word_1_393' title='bbox 1536 2868 1801 2924; x_wconf 78' lang='grc' dir='ltr'><strong>τίμὴνᾶλλο</strong></span> 
     </span>
     <span class='ocr_line' id='line_1_56' title="bbox 1005 2926 1805 2980; baseline 0 -13"><span class='ocrx_word' id='word_1_394' title='bbox 1005 2927 1140 2980; x_wconf 81' lang='grc' dir='ltr'><em>φασὶν</em></span> <span class='ocrx_word' id='word_1_395' title='bbox 1179 2926 1314 2976; x_wconf 80' lang='grc' dir='ltr'><em>αὐτὰς</em></span> <span class='ocrx_word' id='word_1_396' title='bbox 1345 2928 1481 2980; x_wconf 51' lang='lat' dir='ltr'><strong>aivam</strong></span> <span class='ocrx_word' id='word_1_397' title='bbox 1524 2926 1629 2969; x_wconf 86' lang='lat' dir='ltr'><strong>lbid.</strong></span> <span class='ocrx_word' id='word_1_398' title='bbox 1661 2940 1703 2980; x_wconf 85' lang='lat' dir='ltr'><strong>p.</strong></span> <span class='ocrx_word' id='word_1_399' title='bbox 1733 2926 1805 2970; x_wconf 77' lang='grc'><strong>23.</strong></span> 
     </span>
     <span class='ocr_line' id='line_1_57' title="bbox 1003 2983 1801 3037; baseline -0.003 -12"><span class='ocrx_word' id='word_1_400' title='bbox 1003 2983 1056 3026; x_wconf 85' lang='grc' dir='ltr'><strong>Ε.</strong></span> <span class='ocrx_word' id='word_1_401' title='bbox 1100 2996 1140 3026; x_wconf 87' lang='lat' dir='ltr'><strong>v.</strong></span> <span class='ocrx_word' id='word_1_402' title='bbox 1183 2985 1462 3028; x_wconf 82' lang='lat' dir='ltr'><strong>Schaefer.</strong></span> <span class='ocrx_word' id='word_1_403' title='bbox 1503 2984 1555 3026; x_wconf 84' lang='lat' dir='ltr'><strong>ad</strong></span> <span class='ocrx_word' id='word_1_404' title='bbox 1597 2983 1801 3037; x_wconf 80' lang='lat' dir='ltr'><strong>Sophocl.</strong></span> 
     </span>
     <span class='ocr_line' id='line_1_58' title="bbox 1007 3039 1802 3092; baseline -0.004 -11"><span class='ocrx_word' id='word_1_405' title='bbox 1007 3039 1206 3086; x_wconf 81' lang='lat' dir='ltr'><strong>Trachin.</strong></span> <span class='ocrx_word' id='word_1_406' title='bbox 1235 3056 1276 3085; x_wconf 84' lang='lat' dir='ltr'><strong>v.</strong></span> <span class='ocrx_word' id='word_1_407' title='bbox 1305 3042 1402 3087; x_wconf 82' lang='lat'><strong>390.</strong></span> <span class='ocrx_word' id='word_1_408' title='bbox 1464 3042 1643 3083; x_wconf 86' lang='lat' dir='ltr'><strong>Frustra</strong></span> <span class='ocrx_word' id='word_1_409' title='bbox 1676 3040 1802 3092; x_wconf 87' lang='lat' dir='ltr'><strong>igitur</strong></span> 
     </span>
     <span class='ocr_line' id='line_1_59' title="bbox 1009 3095 1800 3152; baseline -0.003 -14"><span class='ocrx_word' id='word_1_410' title='bbox 1009 3097 1332 3152; x_wconf 84' lang='lat' dir='ltr'><strong>Stephanus</strong></span> <span class='ocrx_word' id='word_1_411' title='bbox 1373 3098 1560 3142; x_wconf 90' lang='lat' dir='ltr'><strong>coniecit</strong></span> <span class='ocrx_word' id='word_1_412' title='bbox 1595 3095 1699 3136; x_wconf 76' lang='grc' dir='ltr'><strong><em>ἀλλὰ</em></strong></span> <span class='ocrx_word' id='word_1_413' title='bbox 1735 3097 1800 3136; x_wconf 80' lang='grc' dir='ltr'><strong>τί-</strong></span> 
     </span>
    </p>
   </div>
   <div class='ocr_carea' id='block_1_15' title="bbox 1002 3153 1802 3406">
    <p class='ocr_par' dir='ltr' id='par_1_17' title="bbox 1005 3153 1220 3210">
     <span class='ocr_line' id='line_1_60' title="bbox 1005 3153 1220 3210; baseline -0.005 -15"><span class='ocrx_word' id='word_1_414' title='bbox 1005 3169 1078 3202; x_wconf 74' lang='grc' dir='ltr'><strong>νος</strong></span> <span class='ocrx_word' id='word_1_415' title='bbox 1107 3153 1220 3210; x_wconf 61' lang='lat' dir='ltr'><strong>priv,-</strong></span> 
     </span>
    </p>

    <p class='ocr_par' dir='ltr' id='par_1_18' title="bbox 1002 3236 1802 3406">
     <span class='ocr_line' id='line_1_61' title="bbox 1061 3236 1802 3290; baseline -0.008 -9"><span class='ocrx_word' id='word_1_416' title='bbox 1061 3238 1350 3282; x_wconf 73' lang='grc' dir='ltr'><strong>ἀθάνατον</strong></span> <span class='ocrx_word' id='word_1_417' title='bbox 1388 3236 1451 3283; x_wconf 78' lang='grc' dir='ltr'><strong>ὥς</strong></span> <span class='ocrx_word' id='word_1_418' title='bbox 1496 3237 1715 3290; x_wconf 74' lang='grc' dir='ltr'><em>θνητῷ]</em></span> <span class='ocrx_word' id='word_1_419' title='bbox 1747 3239 1802 3276; x_wconf 89' lang='lat' dir='ltr'><strong>ut</strong></span> 
     </span>
     <span class='ocr_line' id='line_1_62' title="bbox 1004 3293 1802 3349; baseline -0.008 -9"><span class='ocrx_word' id='word_1_420' title='bbox 1004 3298 1255 3349; x_wconf 85' lang='lat' dir='ltr'><strong>mortali,</strong></span> <span class='ocrx_word' id='word_1_421' title='bbox 1306 3298 1330 3339; x_wconf 92' lang='lat' dir='ltr'><strong>i.</strong></span> <span class='ocrx_word' id='word_1_422' title='bbox 1375 3308 1413 3336; x_wconf 87' lang='lat' dir='ltr'><strong>e.</strong></span> <span class='ocrx_word' id='word_1_423' title='bbox 1456 3298 1503 3335; x_wconf 90' lang='lat' dir='ltr'><strong>ut</strong></span> <span class='ocrx_word' id='word_1_424' title='bbox 1541 3293 1581 3333; x_wconf 90' lang='lat' dir='ltr'><strong>in</strong></span> <span class='ocrx_word' id='word_1_425' title='bbox 1621 3294 1802 3335; x_wconf 77' lang='lat' dir='ltr'><strong>mortale</strong></span> 
     </span>
     <span class='ocr_line' id='line_1_63' title="bbox 1002 3348 1799 3406; baseline -0.01 -9"><span class='ocrx_word' id='word_1_426' title='bbox 1002 3353 1131 3406; x_wconf 83' lang='lat' dir='ltr'><strong>cadit,</strong></span> <span class='ocrx_word' id='word_1_427' title='bbox 1162 3367 1202 3397; x_wconf 87' lang='grc' dir='ltr'><strong>ν.</strong></span> <span class='ocrx_word' id='word_1_428' title='bbox 1234 3350 1419 3396; x_wconf 80' lang='lat' dir='ltr'><strong>Matth.</strong></span> <span class='ocrx_word' id='word_1_429' title='bbox 1450 3351 1526 3395; x_wconf 91' lang='lat' dir='ltr'><strong>Gr.</strong></span> <span class='ocrx_word' id='word_1_430' title='bbox 1561 3348 1595 3402; x_wconf 83' lang='lat'><strong>§.</strong></span> <span class='ocrx_word' id='word_1_431' title='bbox 1629 3348 1725 3394; x_wconf 86' lang='lat'><strong>388.</strong></span> <span class='ocrx_word' id='word_1_432' title='bbox 1760 3362 1799 3390; x_wconf 84' lang='lat' dir='ltr'><strong>a.</strong></span> 
     </span>
    </p>
   </div>
   <div class='ocr_carea' id='block_1_16' title="bbox 1603 2696 1885 2752">
    <p class='ocr_par' dir='ltr' id='par_1_19' title="bbox 1603 2696 1885 2752">
     <span class='ocr_line' id='line_1_64' title="bbox 1603 2696 1885 2752; baseline -0.014 0"><span class='ocrx_word' id='word_1_433' title='bbox 1603 2699 1658 2739; x_wconf 74' lang='grc' dir='ltr'><strong>Τί</strong></span> <span class='ocrx_word' id='word_1_434' title='bbox 1691 2696 1803 2752; x_wconf 57' lang='lat' dir='ltr'><strong>min</strong></span> <span class='ocrx_word' id='word_1_435' title='bbox 1884 2714 1885 2717; x_wconf 43' lang='lat'>¹</span> 
     </span>
    </p>
   </div>
  </div>
 </body>
</html>
