2158 3718
360 172 458 226 118
962 166 1434 221 PLATONIS

251 329 298 383 C
352 317 386 386 ἢ
426 317 645 395 ἀφίετε,
704 315 737 383 ἢ
788 321 864 389 μὴ
911 316 1118 390 ἀφίετε,
1161 314 1233 379 ὡς
1276 315 1411 387 ἐμοῦ
1463 316 1563 371 οὐκ
1607 315 1681 370 ἂν
1725 316 2056 384 ποιήσαντος

351 400 512 465 ἄλλα,
560 401 674 459 οὐδ’
726 408 770 456 εὶ
815 405 986 469 μέλλω
1032 398 1299 464 πολλάκις
1341 399 1639 456 τεθνάναι.

468 482 873 588 ,.C1p.XVIII.
920 482 1021 551 Μη
1059 486 1372 555 θορυθεῖτε,
1419 477 1458 539 ὦ
1506 482 1704 556 ἄνδρες
1732 484 2056 552 Ἀθηναῖοι,

351 569 478 626 ἀλλ
543 570 826 642 ἐμμείνατε
880 591 971 639 μοι
1033 566 1115 632 οἷς
1171 566 1417 636 ἐδεήθην
1453 566 1623 639 ὑμῶν,
1666 566 1742 640 μὴ
1785 571 2058 639 θορυβεῖν

354 653 432 730 ἓφ
486 653 569 719 οἷς
613 650 686 708 ἀν
707 657 821 724 M>
825 677 881 717 ω,
927 651 1038 706 άλλ
1089 650 1343 707 ἀκούειν·
1388 657 1479 707 καὶ
1522 649 1657 724 γάρ,
1716 651 1789 718 ὡς
1832 651 1933 723 ἐγώ
1979 651 2058 707 οἷ·

352 762 471 810 μαι,
513 737 791 804 ὀνησεσθε
836 734 1154 799 ἀκούοντες.
1219 740 1391 804 μέλλω
1437 734 1544 808 γάρ
1590 729 1692 792 οὖν
1735 736 1882 791 ἄττα
1928 736 2060 807 ὑμῖν

355 829 495 895 ἐρεῖν
539 824 631 876 καὶ
675 818 848 885 ἄλλα,
909 819 999 895 ἐφ’
1078 819 1160 884 οἷς
1205 821 1332 883 ίσως
1385 819 1691 889 βοήσεσθε·
1764 819 1909 876 ἀλλὰ
1954 845 2058 892 m]-

355 908 542 976 δαμῶς
579 916 782 960 ποιεῖτε
824 907 1012 960 τοῦτο.
1057 896 1139 958 Εὖ
1186 903 1293 974 γάρ
1341 904 1479 967 ἰ’στε,
1528 903 1628 959 ἐὰν
1672 909 1760 976 ἐμὲ
1805 905 2062 960 ἀποκτεί-

356 1012 484 1058 νητε
529 992 793 1048 τοιοῦτον
845 986 1011 1052 ὄντα,
1069 988 1190 1044 οἷον
1255 987 1354 1059 ἐγώ
1401 993 1565 1059 λέγω,
1622 988 1724 1044 οὐκ
1768 993 1857 1060 ἐμὲ
1901 992 2060 1061 μείζω

359 1270 466 1323 ἐμοῦ
510 1273 593 1311 κτλ.
653 1271 739 1312 Sed
781 1286 832 1321 με
873 1285 958 1314 om.
996 1271 1119 1312 bodl.
1153 1271 1254 1309 vat.
1304 1270 1405 1310 Ven.
1446 1271 1486 1313 1).

1407 1207 1674 1226 '''''
1769 1243 1782 1261 ,
1821 1207 1956 1265 ἢμή»
2005 1207 2066 1252 052

1527 1270 1655 1314 vind.
1702 1272 1739 1314 l·
1780 1269 1823 1315 4.
1865 1270 1905 1315 6.
1947 1270 2063 1311 Flor.

359 1332 402 1371 d.
444 1344 480 1382 g.
526 1329 565 1373 h.
604 1334 698 1373 {Mar
739 1329 876 1373 Ds'r.
915 1330 1130 1383 iidemque
1157 1323 1304 1379 ἀφίετε
1343 1329 1511 1369 iterant.
1572 1328 1808 1381 Utrumque
1839 1328 1945 1369 satis
1976 1330 2063 1370 ele-

358 1396 529 1441 gauter.

474 1444 580 1498 Cap.
611 1443 768 1486 va.
810 1442 859 1487 C.
894 1436 928 1501 ᾦ
958 1440 1155 1498 ἄνδρες
1187 1441 1319 1497 Ἀθ]
1353 1435 1386 1482 ὦ
1418 1455 1504 1484 om.
1540 1441 1664 1486 Bodl.
1698 1443 1809 1486 Ven.
1840 1442 1902 1486 11.
1934 1443 2064 1484 vind.

361 1502 727 1547 b.Par.1)s.'1.

476 1555 637 1600 ουδὲι
674 1556 734 1600 ἂν
771 1557 1067 1612 βλάψειεν]
1131 1558 1207 1599 Sic
1246 1556 1372 1599 codd.
1423 1557 1571 1609 optimi
1614 1563 1746 1610 atque
1785 1557 1952 1611 phu-imi
1987 1570 2066 1612 pro

361 1619 474 1671 vulg.
509 1612 640 1659 ου’δὲν
669 1615 839 1669 βλάψει,

361 1773 404 1813 p
435 1759 535 1805 476
569 1757 689 1815 1).ἢ
722 1758 835 1811 φάθι
871 1756 898 1814 ἢ
928 1758 982 1814 μὴ
1009 1758 1036 1802 ἃ
1059 1761 1166 1814 ἐρω-

364 1818 435 1858 τῶ.
471 1819 581 1860 lbid.
613 1831 655 1871 p.
684 1818 786 1863 475.
807 1819 859 1861 E.
893 1818 962 1859 De
982 1819 1090 1872 Rep.
1111 1821 1166 1860 V.

363 1889 405 1928 P·
435 1875 536 1920 475.
567 1875 620 1916 Β.
654 1878 781 1917 τοῦτο
813 1873 867 1930 δὴ
895 1874 1024 1927 φάθι,
1050 1880 1074 1931 ἢ
1098 1876 1167 1930 μή.

424 1947 529 1974 ουκ
563 1930 624 1974 ἄν
657 1932 1031 2003 ποιήσοντας]
1062 1936 1170 1977 Par-

363 1992 565 2044 tioipium
595 1992 734 2033 futuri
753 2006 848 2034 cum
880 1989 934 2033 ἂν
962 1995 1172 2042 iunctum,

365 2050 506 2090 sicubi
530 2063 610 2102 per
633 2052 891 2103 optativum,
922 2051 1074 2092 addita
1105 2065 1175 2092 ea-

365 2107 465 2148 dem
496 2108 739 2160 particula,
773 2110 987 2161 explicari
1013 2115 1176 2162 potest,

363 2165 478 2217 nihil
498 2165 631 2206 habet
649 2167 927 2210 insolentiae.
977 2167 1009 2208 S
1024 2167 1122 2209 cha
1134 2180 1176 2206 e-

364 2222 464 2264 fer.
495 2224 552 2263 ad
582 2221 770 2276 Gregor.
803 2223 1004 2266 Corinth.
1035 2239 1078 2278 Ρ.
1106 2225 1175 2268 66.

363 2280 577 2333 Reisig.
606 2282 661 2322 de
693 2278 747 2322 ἂν
768 2283 984 2334 particula
1012 2296 1055 2335 p.
1075 2283 1173 2326 102.

367 2338 659 2380 Heindorf.
693 2341 750 2380 ad
780 2340 971 2381 Phaedr.
1002 2354 1044 2393 Ρ.
1072 2341 1170 2384 268.

366 2396 527 2436 Matth.
568 2397 605 2448 ξ.
642 2397 744 2441 598.
785 2398 826 2440 d.
878 2398 1060 2438 Klotz.
1116 2400 1173 2439 ad

366 2453 544 2495 Dewar.
603 2454 673 2495 De
719 2462 832 2507 part.
886 2456 976 2496 Vol.
1023 2456 1083 2496 11.
1129 2470 1170 2508 p.

368 2510 453 2555 153
485 2524 579 2564 sqq.
640 2511 771 2560 Quod
807 2514 1032 2565 praecedit
1063 2511 1175 2566 πρὸς

369 2570 512 2617 ταῦτα,
541 2571 866 2622 interpreteris:
899 2572 955 2610 in
986 2570 1173 2612 Bezie-

366 2628 511 2679 hung
532 2625 1067 2678 *darausstemnacm
1091 2629 1175 2670 ha-

367 2698 480 2726 rum
508 2696 686 2726 rerum
707 2686 902 2726 habita
924 2688 1176 2737 ratione,

369 2742 656 2811 quocirca.

427 2793 547 2840 ουδ’
597 2799 653 2840 εἰ
692 2798 856 2849 μέλλω
914 2797 1179 2840 πολλάκις

371 2853 665 2907 τεθνάναι,
709 2858 751 2897 h.
781 2871 821 2899 e.
854 2859 993 2899 auch
1022 2859 1178 2899 nicht

370 2927 522 2956 wenn
553 2914 644 2956 ich
671 2916 899 2956 vielmal
939 2917 1051 2956 soll
1083 2917 1177 2957 des

371 2973 558 3014 Todes
615 2974 751 3013 sein.
825 2973 941 3014 Nam
1001 2973 1176 3025 Graeci,

371 3044 503 3084 quum
541 3031 759 3071 moriendi
799 3033 1023 3072 tristitiam
1074 3045 1172 3084 gra-

370 3090 484 3130 viter
502 3088 698 3129 indicare
711 3090 876 3138 volunt,
893 3091 1036 3142 ipsum
1059 3102 1172 3130 mor·

371 3147 428 3186 tis
471 3150 633 3186 statum
677 3152 720 3187 et
757 3149 1055 3188 conditionem
1094 3160 1172 3188 no-

372 3205 542 3244 minant
570 3205 652 3256 pio
685 3218 761 3255 eo,
799 3207 918 3258 quod
947 3206 1070 3246 illum
1097 3218 1173 3246 an-

375 3262 548 3303 tecedit.
602 3260 728 3303 Crito
759 3264 854 3303 init.
889 3259 915 3316 ἢ
946 3261 991 3304 τὰ
1025 3264 1175 3303 πλοῖον

373 3314 547 3371 ἀφῖκται
583 3317 631 3359 ἐκ
661 3320 838 3389 Δήλου,
881 3313 937 3362 οὗ
976 3319 1043 3362 δεῖ
1075 3316 1174 3372 ἀφι-

375 3376 562 3427 κομένου
595 3377 800 3420 τεθνάναι
828 3392 900 3429 με,·
935 3380 1052 3433 quod
1075 3392 1172 3431 gra-

373 3435 470 3477 vius
500 3435 665 3481 dictum
703 3443 769 3478 est
807 3451 937 3491 quam
975 3433 1172 3489 ἀποθνή-

1256 1772 1372 1800 ouem
1402 1771 1464 1809 με.
1497 1757 1611 1797 Ibid.
1643 1771 1685 1811 p.
1703 1758 1774 1802 52.
1805 1758 1854 1800 C.
1887 1754 1947 1798 ιῦε·
1985 1753 2069 1799 οὐκ

1255 1814 1528 1871 ἀγανακτῶν,
1566 1814 1610 1855 εἰ
1644 1815 1733 1856 δέοι
1767 1814 1971 1856 τεθνάναι
2004 1829 2066 1858 σε.

1254 1877 1378 1916 Infra
1407 1889 1447 1927 p
1478 1873 1550 1916 38.
1582 1873 1637 1914 D
1673 1872 1783 1915 πολὺ
1813 1874 1972 1924 μᾶλλον
2001 1874 2066 1914 αἱ·

1258 1934 1414 1987 ροῦμαι
1455 1923 1539 1971 ὧδε
1577 1926 1960 1985 ἀπολογησάμενος
2005 1947 2066 1973 τε·

1260 1989 1424 2031 &vavae
1455 1986 1480 2043 ἢ
1512 1987 1687 2030 ἐκείνως
1715 1991 1806 2044 ζην.
1836 2004 1881 2043 Ρ.
1912 1990 1982 2034 39.
2011 1991 2065 2031 Ε.

1263 2046 1388 2090 οὔπω
1422 2048 1595 2101 ἔρχομαι
1638 2041 1687 2088 οἶ
1709 2045 1897 2089 ἐλθόντα
1926 2062 1976 2098 με
2007 2047 2075 2088 δεῖ

1264 2103 1482 2148 τεθνάναι.
1513 2119 1555 2158 p.
1583 2104 1654 2149 41.
1680 2108 1728 2146 Α.
1766 2103 1851 2159 ἐγὼ
1881 2104 1958 2157 μὲν
1987 2103 2070 2176 γὰρ

1263 2162 1465 2205 πολλάκις
1495 2161 1633 2204 ἐθέλω
1654 2162 1872 2214 τεθνάναι,
1896 2163 1940 2205 εἰ
1957 2159 2070 2206 ταῦτ’

1263 2221 1379 2264 ἐστὶν
1438 2216 2068 2275 άληθῆ.01“.])θιιιοεῢὶι.

1262 2282 1458 2333 Philipp.
1491 2279 1571 2322 IV.
1605 2293 1646 2332 Ρ.
1677 2279 1776 2324 138
1840 2280 1909 2322 De
1938 2281 2068 2323 rebus

1265 2339 1526 2379 Chersones.
1567 2351 1609 2390 Ρ.
1643 2338 1740 2381 1.02
1802 2338 1874 2379 De
1907 2338 2068 2380 Coron.

1263 2411 1303 2448 p.
1336 2397 1434 2439 301.
1468 2395 1560 2435 πῶς
1580 2409 1662 2435 ουκ
1681 2391 1946 2436 ἀπολωλέναι
1969 2398 2069 2437 πολ-

1263 2451 1380 2494 λάκις
1426 2451 1513 2493 ἐστὶ
1563 2450 1754 2501 &nacon
1813 2453 1883 2494 De
1938 2453 2070 2503 μέλλω

1262 2512 1506 2564 praesenti.
1551 2510 1700 2552 futuro
1740 2516 1783 2552 et
1819 2514 2068 2563 praeteritis

1263 2571 1389 2621 iungi
1436 2569 1570 2608 solito
1620 2582 1660 2609 v,
1710 2567 1963 2610 Dorvill.
2012 2573 2070 2612 ad

1266 2626 1432 2667 Charit.
1473 2638 1516 2677 p.
1559 2626 1658 2676 221.
1697 2627 1764 2667 ed.
1803 2627 1928 2679 Lips.
1966 2628 2070 2670 Lo-

1264 2685 1414 2725 beck.
1442 2684 1499 2724 ad
1523 2682 1763 2736 Phrynich.
1793 2697 1836 2736 Ρ.
1861 2684 1945 2730 745
1973 2699 2069 2739 sqq.

1323 2741 1429 2794 Cap.
1462 2741 1629 2782 wi.
1691 2741 1741 2784 C.
1794 2740 1860 2795 μὴ
1902 2743 2067 2796 θορυ-

1263 2799 1295 2851 β
1305 2813 1325 2838 ε
1336 2804 1356 2839 ῖ
1363 2814 1381 2839 τ
1393 2797 1440 2851 ε]
1456 2800 1643 2839 Accedit
1659 2800 1864 2842 Socrates
1880 2803 1936 2841 ad
1946 2803 2070 2843 aliud

1265 2859 1383 2910 quid.
1444 2856 1589 2897 Docet
1610 2858 1722 2898 enim
1742 2859 2070 2900 damnationem

1263 2928 1386 2956 suam
1429 2920 1561 2967 atque
1610 2922 1795 2956 mortem
1832 2929 1923 2957 non
1966 2918 2067 2968 sibi,

1262 2974 1339 3014 sed
1395 2973 1562 3013 civitati
1609 2974 1947 3016 Atheniensium
1993 2977 2070 3017 da-

1261 3045 1363 3072 mno
1414 3036 1457 3070 et
1487 3031 1749 3072 detrimento
1780 3032 1901 3082 fore3
1941 3034 2069 3074 abso-

1260 3090 1474 3129 lutionem
1515 3094 1558 3129 et
1597 3091 1734 3130 vitam
1774 3091 2069 3131 emolumento

1263 3154 1306 3187 et
1346 3146 1541 3187 utilitati.
1614 3147 1667 3187 In
1707 3160 1795 3199 qua
1833 3155 1959 3200 parte
1996 3161 2067 3189 ae-

1265 3218 1348 3257 que
1370 3205 1522 3246 mirari
1551 3205 1652 3245 licet
1667 3205 1752 3246 viri
1775 3207 2067 3247 constantiam

1264 3269 1308 3303 et
1335 3263 1639 3303 fortitudinem
1658 3268 1790 3314 atque
1808 3263 1986 3304 dicendi
2013 3264 2063 3305 li-

1260 3321 1474 3361 bertatem
1515 3334 1612 3362 cum
1652 3320 1800 3360 ironia
1839 3321 1918 3361 illa
1959 3334 2065 3362 con·

1259 3379 1475 3430 iunctam,
1519 3391 1606 3431 qua
1633 3390 1712 3431 per
1751 3383 1892 3426 totam
1928 3380 2062 3420 vitam

1258 3438 1304 3478 in
1337 3436 1592 3478 disserendo
1611 3437 1672 3478 uti
1691 3436 1874 3479 solebat.
1910 3437 2061 3479 Enim-
