2222 3762
346 129 761 187 APOLOGIA
797 124 1204 189 SOCRATIS
1252 124 1316 176 P
1360 123 1439 177 18.
1479 120 1560 175 St.
1728 119 1793 171 57

109 285 166 338 δὲ
190 285 418 354 βελτίων
459 276 533 338 ἂν
581 277 662 344 εἴη
690 308 765 316 -
801 271 939 329 αὐτὸ
973 275 1029 328 δὲ
1053 273 1222 326 τοῦτο
1258 278 1480 324 σκοπεῖν
1505 288 1595 320 και
1621 260 1798 332 τούτῳ

108 365 210 426 τὸν
234 368 372 422 νοῦν
393 368 684 434 προςέχειν,
732 365 777 414 εὶ
807 362 990 413 δίκαια
1021 361 1170 425 λέγω,
1206 349 1355 432 ἢξμή·
1400 351 1664 406 δικαστοῦ
1697 350 1798 419 μὲν

108 448 214 522 γὰρ
259 446 404 515 αὕτη
445 445 644 519 ἀρετή,
688 441 930 517 ῥήτορος
974 444 1030 496 δὲ
1079 438 1310 505 τάληθῆ
1353 441 1442 506 λέ)
1446 455 1543 489 ειν.

154 575 155 578 ,
230 530 372 632 Cap.
418 528 494 593 II.
539 531 782 600 Πρῶτον
821 530 921 596 μὲν
947 518 1047 581 οὖν
1074 521 1285 586 δίκαιός
1309 528 1416 576 eim
1443 517 1659 586 02210202
1667 512 1802 582 ήσα·

110 608 316 681 offla-m}
349 612 547 685 ἅνὸρες
561 613 876 679 Αθηναῖοι,
901 607 1040 681 πρὸς
1066 607 1132 663 τὰ
1150 605 1340 678 πρῶτα
1367 626 1474 676 μου
1495 603 1672 676 ψευδῆ
1705 620 1803 654 κα-

111 705 457 774 τηγορημένοι
503 700 596 753 καὶ
640 694 771 760 τοὺς
813 694 1063 794 πρώτους
1105 690 1472 761 κατωόρους,
1518 691 1699 742 ἔπειτα
1747 685 1802 736 δὲ

112 781 252 859 πρὸς
288 780 358 841 τὰ
398 780 603 855 ὕστερα
643 784 736 836 καὶ
773 778 904 844 τοὺς
945 777 1218 849 ὑστέρους.
1256 776 1424 847 Ἐμοῦ
1461 769 1566 844 γὰρ
1605 770 1806 824 πολλοὶ

229 1003 324 1056 μὲν
353 1001 455 1058 γάρ
487 1017 533 1043 τι
559 1000 780 1055 χείρων]
830 998 1007 1040 Plurimi
1037 998 1131 1039 libri
1161 995 1437 1050 probantibus
1468 991 1639 1046 nuperis
1671 989 1809 1031 edito-

117 1062 394 1162 33:1⁸6:ng
397 1060 611 1159 1338ιίξεῖΙῖ
621 1073 705 1101 om.
719 1056 887 1111 ,quod
921 1056 1041 1098 recte
1077 1056 1195 1097 Vind.
1235 1057 1269 1097 l.
1300 1053 1341 1097 4.
1374 1052 1414 1095 6.
1445 1051 1562 1091 Flor.
1605 1048 1646 1090 d.
1689 1062 1731 1101 g.
1771 1046 1810 1091 h

232 1202 491 1244 δικαστοῦ
535 1215 575 1251 μ.
618 1215 657 1254 γ.
700 1195 833 1253 αὕτη
865 1194 1057 1252 ἀρετή]
1121 1193 1228 1249 αὕτη
1271 1190 1295 1249 ἦ
1337 1189 1463 1247 ἀρετή
1497 1194 1596 1234 Vat.
1631 1190 1734 1231 Ven
1770 1189 1812 1229 b.

118 1266 164 1304 et
193 1262 306 1303 Par.
325 1260 484 1302 DST.
517 1258 604 1300 Sed
637 1259 860 1302 articulum
893 1256 1124 1298 verisimile
1157 1261 1223 1296 est
1251 1260 1400 1295 natum
1433 1265 1530 1294 esse
1561 1263 1613 1291 ex
1644 1250 1815 1302 ignora-

118 1321 237 1361 tione
268 1331 373 1360 usus
407 1316 628 1370 loquendi,
659 1316 715 1356 de
745 1327 829 1368 quo
863 1314 968 1355 infra
999 1314 1298 1367 exposuimus.

235 1403 580 1456 Cap.11.ua2
607 1397 748 1441 τοὺς
779 1414 856 1454 πρ.
891 1399 1096 1453 narina]
1159 1398 1223 1439 lta
1255 1396 1382 1437 codd.
1414 1395 1505 1437 fere
1535 1405 1689 1434 omnes
1718 1393 1816 1432 loco

121 1463 233 1516 vulg.
281 1462 349 1501 καὶ
389 1457 501 1514 πρὸς
542 1456 646 1500 τούς
687 1472 758 1512 πρ.
808 1473 842 1499 κ.
903 1458 1061 1499 Statim
1094 1462 1194 1512 post
1225 1451 1338 1508 πρὸς
1368 1450 1417 1494 τὰ
1447 1465 1606 1506 υστερα
1635 1465 1658 1492 e
1688 1449 1815 1494 Bodl.

120 1518 229 1560 Ven.
271 1520 311 1562 b.
354 1519 447 1559 Vat.
487 1518 612 1562 vind.
659 1517 693 1561 1.
729 1516 770 1561 4.
817 1516 856 1560 6.
888 1516 1008 1558 Flor.
1049 1515 1090 1557 d.
1128 1529 1170 1569 g.
1210 1513 1536 1564 h.flrestitutum
1581 1521 1660 1564 pro
1702 1509 1816 1562 vulg.

124 1574 236 1630 πρὸς
266 1574 313 1618 τὰ
327 1574 541 1630 ὕστερον.

129 1757 290 1788 mann.
325 1742 531 1786 Process.
560 1744 708 1785 Attio.
765 1758 806 1797 p.
854 1743 933 1788 561
1024 1756 1178 1785 sensut
1214 1743 1349 1782 denn
1392 1739 1581 1781 dieses
1613 1740 1687 1780 ist
1728 1737 1820 1778 die

125 1817 222 1858 sqq.
253 1803 338 1847 777
371 1812 465 1855 sqq.
502 1801 742 1851 Boeckli.
774 1801 937 1845 Oecon.
1024 1799 1249 1855 Tugend
1318 1798 1466 1840 eines
1541 1796 1814 1839 Richter&

125 1863 221 1906 Att.
237 1862 336 1902 Vol.
357 1860 393 1900 Ι.
423 1874 464 1914 p.
478 1859 844 1913 433sq.Herma
861 1870 938 1900 nn.
1021 1858 1129 1901 Nam
1157 1856 1491 1911 pronomen'ubi
1518 1869 1597 1909 pro
1622 1855 1819 1896 subiecto

127 1920 397 1972 Antiquitatt.
446 1919 527 1961 Gr.
582 1918 620 1970 ξ.
676 1919 719 1960 11
774 1918 828 1961 Β.
880 1941 938 1948 --
1021 1916 1264 1958 habendum
1288 1920 1368 1964 est,
1401 1914 1713 1956 substantivnm
1744 1925 1821 1953 au-

127 1976 294 2019 Deinde
325 1976 500 2017 liberior
518 1982 586 2016 est
605 1975 811 2016 orationis
833 1987 937 2016 con·
1022 1981 1110 2016 tem
1165 1972 1395 2027 praedicati
1431 1973 1592 2013 locum
1639 1973 1823 2021 obtinet,

125 2033 348 2085 formatio,
377 2033 725 2086 quandoquidem
759 2039 838 2086 pro
868 2031 940 2072 καὶ
1023 2032 1231 2073 articulus
1271 2029 1496 2071 omittitur.
1566 2031 1715 2070 Genus
1758 2029 1825 2068 lo-

128 2091 179 2144 δὴ
211 2092 296 2142 καί,
329 2097 382 2132 et
399 2104 524 2132 vero
559 2091 741 2140 etiam,
764 2091 938 2144 proprie
1022 2089 1180 2142 quendi
1239 2099 1373 2140 nuper
1422 2087 1553 2128 docte
1598 2085 1827 2128 illustravit

125 2149 359 2191 dicendum
382 2148 469 2188 'fuit
498 2145 614 2188 οὕτω
647 2147 719 2187 καὶ
746 2152 846 2199 νῦν,
890 2152 936 2188 ut
1023 2144 1430 2198 Engelhardtus
1478 2144 1530 2185 ad
1575 2144 1752 2184 Lacluet.
1792 2142 1827 2194 §.

129 2211 251 2259 recte
289 2205 496 2246 iudicavit
524 2204 687 2246 Fisch
701 2218 839 2246 erus,
866 2205 935 2245 ln·
1029 2205 1078 2254 l.‚
1112 2204 1246 2244 multo
1281 2209 1378 2243 ante
1399 2203 1688 2243 illustraverat
1708 2200 1827 2242 Rei-

130 2263 280 2305 finitivi
320 2264 393 2302 ἔιῖν
435 2267 479 2302 et
530 2266 705 2302 σκοπεῖν
743 2275 820 2315 per
859 2274 938 2314 ep·
1024 2262 1119 2314 sig.
1152 2261 1344 2300 Coniect.
1363 2260 1402 2299 in
1426 2259 1640 2312 Aristoph.
1678 2271 1718 2312 p.
1747 2256 1827 2300 177

133 2321 339 2373 exegesin
373 2320 611 2373 pronomini
643 2324 777 2359 τοῦτο
806 2318 937 2360 additi
1025 2332 1116 2372 sqq.
1148 2318 1222 2359 cfr.
1255 2332 1296 2371 p.
1329 2316 1399 2361 24.
1422 2317 1474 2360 B.
1507 2316 1664 2360 leed.
1697 2331 1737 2370 p.
1756 2315 1827 2360 97.

133 2383 247 2429 eunt,
280 2377 451 2430 dequo
485 2376 688 2429 loquendi
711 2390 870 2429 genere
899 2388 938 2418 v,
1026 2377 1082 2417 A.
1113 2377 1318 2428 Sympos.
1355 2389 1397 2428 p.
1423 2372 1515 2418 179‘.
1550 2373 1598 2417 C.
1635 2376 1754 2416 Prot.
1785 2388 1827 2429 p.

133 2433 427 2477 Heindorf.
462 2434 515 2485 ed
549 2433 769 2474 Phaedon.
796 2448 836 2487 p.
867 2433 938 2478 79.
1025 2434 1124 2478 344.
1147 2434 1194 2476 E.
1243 2433 1403 2475 Phileb.
1436 2435 1477 2487 p.
1515 2433 1579 2475 16.
1599 2434 1647 2473 C.
1680 2432 1746 2476 65.
1778 2433 1828 2474 D.

133 2491 326 2535 Matth.
371 2491 424 2534 ad
459 2493 604 2546 Eun-ip.
643 2491 865 2533 phoeniss.
901 2504 941 2532 v,
1029 2492 1167 2544 Legg.
1201 2491 1272 2532 lll.
1313 2505 1352 2544 p.
1397 2491 1493 2535 702.
1537 2491 1584 2532 C.
1626 2491 1699 2533 lv.
1730 2490 1827 2534 706.

135 2549 234 2594 520.
287 2547 553 2603 Kr‘ueger.
613 2554 713 2602 post
763 2550 938 2605 Dionys.
1029 2549 1078 2589 C.
1111 2549 1164 2591 X.
1194 2548 1293 2600 810.
1334 2548 1382 2591 C.
1418 2549 1515 2592 908.
1553 2549 1606 2589 D.
1648 2548 1746 2593 888.
1778 2548 1830 2590 Β.

137 2608 236 2649 Hal.
279 2622 319 2662 p.
357 2607 457 2652 292.
493 2608 843 2649 Bornemann.
886 2606 941 2648 ad
1025 2606 1126 2650 897.
1161 2607 1211 2647 D.
1245 2608 1297 2647 al.
1347 2607 1499 2647 Falsus
1532 2612 1621 2657 est,
1653 2607 1722 2658 qui
1754 2617 1830 2645 nu-

134 2665 584 2719 XenophAnnblas.
605 2665 748 2716 1,1,7.
771 2665 943 2718 Quippe
1028 2677 1105 2718 per
1146 2663 1396 2714 contendit,
1448 2661 1578 2718 ἀρετὴ
1628 2677 1710 2705 non
1753 2675 1833 2715 pro

135 2727 274 2777 τοῦτο
307 2723 471 2763 δίκαιον
495 2722 523 2766 ἱ.
555 2736 595 2775 q.
627 2726 762 2762 τοῦτο
795 2721 849 2768 ὡς
879 2722 943 2762 δί-
1029 2722 1280 2775 praedicato
1316 2722 1391 2763 sed
1424 2723 1725 2774 pro·subiecto
1758 2720 1834 2761 lia-

135 2778 264 2822 καιόν
293 2797 349 2824 τι.
382 2780 588 2821 Similiter
622 2793 714 2833 cap.
740 2781 795 2823 V.
819 2780 947 2820 ταυτί
1027 2780 1211 2821 bendum
1245 2793 1355 2823 esse.
1416 2779 1549 2821 Error
1578 2781 1644 2820 vel
1682 2777 1834 2820 exinde

138 2852 211 2888 μοι
241 2838 357 2879 δοκεῖ
385 2838 531 2879 δίκαια
567 2838 702 2889 λέγειν
742 2835 764 2877 o‘
799 2837 942 2891 λέγων.
1032 2837 1295 2891 intelligitur,
1326 2837 1442 2890 quod
1477 2836 1709 2890 praedicati
1754 2849 1831 2877 uo-

138 2896 372 2949 Protagor.
403 2909 444 2948 p.
476 2894 574 2938 318.
607 2894 668 2935 B:
698 2899 832 2935 τοῦτο
870 2895 946 2947 μὲν
1033 2895 1095 2936 tio
1131 2894 1262 2936 debet
1293 2894 1452 2952 patere}
1467 2897 1612 2937 latius.

137 2951 268 2993 οὐδὲν
286 2951 551 3006 θαυμαστὸν
581 2953 725 3006 λέγεις.
744 2966 783 2994 ν.
810 2952 946 2994 Mat-

142 3011 284 3052 thiae
317 3011 394 3054 Gr.
427 3010 466 3062 ξ.
498 3008 596 3052 470.
1093 3008 1197 3062 Cap.
1228 3009 1278 3052 11.
1321 3007 1537 3055 δίκαιός
1570 3008 1680 3061 εἰμι
1709 3005 1835 3048 ἄπο-

1035 3066 1407 3122 λογήσασθαι]
1455 3067 1516 3107 De
1549 3064 1836 3107 constructio-

202 3124 252 3167 P.
288 3123 353 3168 18.
401 3121 541 3175 αὕτη
585 3121 788 3178 ἀρετή]
838 3125 948 3165 Atti·
1036 3138 1088 3165 ne
1118 3140 1157 3168 v.
1189 3124 1378 3166 Matth.
1409 3125 1449 3174 ἓ.
1473 3123 1572 3169 296.
1604 3123 1756 3165 Rost.
1796 3123 1835 3175 ξ.

145 3183 243 3223 culo
274 3181 421 3222 addito
443 3182 571 3222 verba
606 3181 663 3222 ita
689 3187 947 3224 connecten-
1036 3181 1132 3226 126.
1174 3189 1262 3223 not.
1294 3181 1335 3225 2.
1398 3182 1565 3223 Deinde
1604 3181 1735 3221 verba
1780 3182 1837 3221 ita

145 3239 201 3279 da
233 3244 353 3280 sunt:
392 3235 503 3290 αὕτη
538 3238 559 3289 ἡ
595 3236 722 3292 ἀρετή
769 3241 862 3292 (sc.
895 3243 950 3279 ut
1035 3238 1284 3281 cohaerent:
1326 3239 1435 3294 πρὸς
1473 3238 1524 3280 τὰ
1566 3243 1714 3294 πρῶτα
1765 3256 1839 3281 κα·

147 3296 359 3348 videat‚
392 3301 565 3337 utrum
598 3306 731 3336 vera
764 3297 948 3338 dican-
1036 3298 1303 3350 τήγορημένα
1333 3313 1421 3352 μου
1452 3295 1616 3351 ψευδῆ,
1658 3297 1682 3337 i.
1716 3311 1751 3340 e.
1787 3298 1840 3341 ὡς

146 3360 233 3395 tur
262 3356 457 3405 necne)
480 3354 690 3393 δικαστοῦ
714 3355 840 3395 ἐστιν.
859 3354 947 3396 Sed
1038 3353 1191 3406 ψευδῆ.
1231 3355 1346 3396 ldem
1381 3367 1482 3396 vero
1515 3354 1766 3407 intelligitur
1787 3354 1839 3394 ad

149 3411 287 3453 omitti
300 3413 434 3454 etiam
457 3411 598 3465 potuit
616 3411 839 3464 articulus,
867 3411 950 3454 hoc
1037 3410 1140 3466 πρὸς
1187 3411 1236 3452 τὰ
1291 3410 1472 3468 ὕστερα,
1527 3417 1575 3453 ut
1634 3413 1836 3454 miremur

1866 771 1912 822 B
