2158 3718
498 9 508 16 “
572 4 598 22 ὴ·
617 5 626 12 “
647 21 671 38 st
683 8 718 30 'ri-⁸
743 12 756 20 ι»
768 10 774 15 ·
790 0 1090 41 ''iz-ffWJW-„wk
1111 0 1195 30 :lje-{—
1212 0 1278 29 ''ff'sss
1315 0 1358 31 «³
1399 0 1443 24 “⁷3⁷
1463 0 1502 27 §fu
1513 7 1526 18 a.
1538 0 1567 17 ‘a'
1594 0 1601 10 '-
1617 0 1781 20 .,-1γ.ᾙρνι·,·-·
1795 0 1819 30 (νζ
1840 0 1856 12 -.‚
1876 0 1890 12 μ,
1936 0 1952 6 --
1963 0 1966 2 -
1978 0 1997 22 «ἱν
2019 0 2021 3 .
2040 0 2066 24 ”lx
2078 0 2102 6 ..-
2116 0 2118 2 .
2133 0 2155 26 ‘a

686 39 726 50 vaf
814 35 820 45 ⁵
866 34 870 39 ’
905 42 908 45 ν
1011 37 1014 39 ’
1077 37 1091 47 ι·
1284 36 1289 38 ·

812 130 1074 174 ΡΗΑΕοο
1106 144 1153 187 p.
1185 132 1252 172 66.
1317 169 1319 172 .
1824 126 1923 178 117

145 274 332 345 φαμὲν
369 273 432 327 δὲ
468 274 633 326 τοῦτο
674 265 818 322 εἶναι
867 267 929 322 τὸ
968 267 1189 338 ἀληθές.
1266 268 1471 337 μυρίας
1507 266 1611 336 μὲν
1648 265 1755 335 γὰρ
1795 265 1926 335 ἡμῖν

143 354 406 427 ἀσχολίας
451 356 678 425 παρέχει
723 353 787 406 τὸ
835 357 995 423 σῶμα
1042 350 1135 406 διὰ
1183 350 1285 422 τὴν
1323 351 1639 419 ἀναγκαίαν
1676 351 1921 419 τροφήν·

144 443 225 494 ἔτι
264 441 354 509 δέ,
393 440 466 493 ἄν
503 458 650 502 τινες
686 438 848 491 νόσοι
885 437 1293 507 προςπέσωσιν,
1335 437 1731 505 ἐμποδίζουσιν
1768 433 1927 504 ἡμῶν
1951 436 1980 477 C

142 523 246 593 τήν
296 528 398 578 τοῦ
453 523 615 586 ὄντος
666 522 881 592 θήραν·
946 522 1174 591 ἐρώτων
1221 520 1283 574 δὲ
1332 521 1425 573 καὶ
1475 520 1797 589 ἐπιθυμιῶν
1835 519 1928 571 καὶ

142 608 341 678 φόβων
375 609 469 661 καὶ
496 607 747 661 εἰδώλων
784 607 1163 660 παντοδαπῶν
1201 606 1294 658 καὶ
1332 607 1613 674 φλυαρίας
1653 605 1929 674 ἐμπίπλη-

141 706 235 745 σιν
280 690 425 761 ἡμᾶς
470 694 711 760 πολλῆς,
762 690 924 759 digne,
974 690 1035 744 τὸ
1083 691 1417 760 λεγόμενον,
1467 687 1542 752 ὦς
1589 687 1817 758 ἀληθῶς
1853 691 1929 758 τῷ

141 775 263 829 ὄντι
300 774 402 829 ὑπ’
442 773 620 830 αὐτοῦ
660 774 794 829 οὐδὲ
834 779 1118 845 φρονῆσαι
1142 773 1277 845 ἡμῖν
1305 775 1619 842 ἐγγίγνεται
1657 772 1928 828 οὐδέποτε

141 858 328 914 οὐδέν.
390 859 627 930 καὶγὰρ
666 859 944 929 πολέμους
992 861 1086 912 καὶ
1135 860 1355 922 στάσεις
1404 859 1498 911 καὶ
1543 858 1719 928 μάχας
1756 857 1929 915 οὐδὲν

71 964 73 967 ·
140 943 279 998 ἄλλο
319 946 547 1013 παρέχει
584 943 619 1013 ἢ
656 942 718 997 τὸ
759 948 918 1012 σῶμα
955 945 1049 996 καὶ
1095 945 1158 996 αἱ
1198 943 1404 997 τούτου
1444 944 1757 1012 ἐπιθυμίαι.
1835 942 1929 997 διὰ

88 1086 93 1089 Α
139 1027 248 1098 γὰρ
297 1027 399 1098 τὴν
445 1031 560 1081 τῶν
607 1027 906 1097 χρημάτων
954 1030 1152 1095 κτῆσιν
1189 1028 1395 1089 πάντες
1432 1027 1490 1079 οἱ
1522 1027 1755 1095 πόλεμοι
1792 1026 1928 1096 ἡμῖν

138 1109 554 1181 γίγνονται,,τὰ
591 1111 653 1164 δὲ
691 1111 943 1181 χρήματα
981 1109 1408 1180 ἀναγκαζόμεθα
1455 1115 1697 1164 κτᾶσθαι
1735 1108 1829 1163 διὰ
1866 1108 1928 1163 τὸ
1950 1114 1983 1153 D

140 1201 327 1266 σῶμα,
368 1195 738 1258 δουλεύοντες
775 1198 843 1265 τῇ
881 1195 1088 1249 τούτου
1124 1198 1427 1267 θεραπεία·
1487 1196 1580 1248 καὶ
1621 1196 1682 1249 ἐκ
1721 1195 1928 1248 τούτου

140 1279 411 1349 ἀσχολίαν
449 1278 659 1350 ἄγομεν
698 1282 1040 1349 φιλοσοφίας
1077 1281 1205 1350 πέρι
1244 1278 1338 1333 διὰ
1373 1280 1557 1334 πάντα
1595 1283 1789 1332 ταῦτα.
1867 1277 1928 1332 τὸ

140 1363 195 1418 δ’
236 1367 472 1433 ἔσχατον
510 1365 757 1432 πάντων,
799 1363 903 1432 ὅτι,
944 1364 1045 1417 ἐάν
1079 1385 1161 1428 τις
1185 1364 1321 1434 ἡμῖν
1358 1365 1451 1417 καὶ
1489 1363 1660 1433 σχολὴ
1701 1365 1929 1432 γένηται

55 1461 63 1466 ’
139 1447 238 1503 ἀπ’
278 1447 456 1502 αὐτοῦ
503 1448 596 1500 καὶ
644 1448 988 1518 τραπώμεθα
1033 1447 1174 1518 πρὸς
1210 1447 1272 1502 τὸ
1315 1458 1548 1502 σκοπεῖν
1586 1468 1666 1516 τι,
1710 1448 1773 1501 ἐν
1811 1457 1930 1511 ταῖς
2007 1459 2010 1462 ’

138 1533 429 1602 ζητήσεσιν
468 1525 544 1585 αὖ
581 1537 871 1601 πανταχοῦ
910 1541 1272 1603 παραπῖπτον
1297 1532 1557 1603 θόρυβον
1585 1533 1810 1602 παρέχει
1837 1533 1932 1584 καὶ

253 1705 298 1747 C.
340 1698 559 1758 ἐρώτων
583 1700 643 1746 δὲ
663 1718 692 1745 κ
707 1718 737 1745 α
752 1704 786 1756 ί]
810 1706 861 1746 V.
884 1717 949 1758 τε,
974 1706 1089 1756 quod
1112 1718 1134 1744 e
1155 1681 1287 1746 Bodl.w
1300 1706 1406 1746 Tub.
1429 1706 1525 1745 Vat.
1547 1706 1656 1745 Ven.
1678 1704 1728 1744 H
1746 1705 1873 1744 Vind.
1890 1703 1928 1743 Φ
1950 1748 1953 1749 ⁷

136 1762 232 1804 Par.
256 1759 290 1801 G
311 1762 459 1805 Ambr.
485 1768 741 1801 correctum.

250 1824 390 1896 ἡμῖν
420 1828 751 1885 γίγνονται]
785 1824 901 1885 ἡμῖν
933 1844 954 1871 e
975 1832 1095 1875 Bodl.
1118 1833 1214 1874 Vat.
1237 1832 1346 1872 Ven.
1370 1831 1567 1874 HVind
1592 1830 1630 1870 Φ
1651 1831 1746 1873 Par.
1769 1829 1926 1871 GAm-

136 1889 251 1929 bros.
274 1888 530 1928 restitutum.

250 1958 301 2002 D.
345 1950 443 1999 δια
485 1951 673 1998 ποὶντα
716 1955 919 2012 ταῦτα]
966 1958 1037 1999 Sic
1066 1959 1187 2000 codd.
1210 1958 1444 2011 plurimiet
1466 1957 1627 2009 optimi.
1671 1959 1783 1998 Vett.
1809 1957 1924 1997 editt.

138 2013 182 2055 δ.
207 2013 360 2055 ταῦτα
380 2027 554 2056 παντα.

138 2155 238 2194 dum
260 2154 328 2202 sit,
352 2166 475 2194 nemo
498 2154 779 2205 dubitaverit3
802 2167 838 2195 v.
860 2165 989 2207 supra

137 2210 192 2250 ad
219 2223 264 2264 p.
287 2211 400 2252 63Α
430 2216 471 2250 et
499 2209 627 2262 Gorg.
656 2219 698 2262 p.
720 2185 804 2250 49⁹9
828 2210 874 2254 Β.
905 2211 988 2251 458

137 2265 170 2306 Β
191 2267 407 2375 ξριιιυρίας
448 2342 501 2350 —
543 2313 839 2375 ασχολίας]
884 2322 989 2362 Loci

137 2390 350 2419 summam
389 2377 519 2418 refert
557 2378 665 2418 Piut.
711 2378 881 2421 Consol.
934 2379 987 2419 ad

137 2434 278 2488 Apoll.
303 2436 350 2475 T.
374 2435 449 2475 VI.
472 2446 514 2488 p.
536 2435 620 2475 410
643 2434 867 2475 ed.Reisk.
891 2447 984 2487 sqq.

198 2546 242 2588 C.
266 2544 367 2588 καὶ
390 2545 684 2599 φλυαρίας
714 2541 858 2600 ἐμπ.]
886 2546 929 2589 h.
951 2559 987 2589 e.

138 2603 371 2654 denique
393 2603 603 2643 omnino
626 2604 781 2656 nugis
820 2610 866 2642 et
901 2616 986 2643 re-

139 2660 233 2700 bus
254 2658 538 2707 futilibus,
562 2659 614 2698 de
635 2671 717 2710 qua
738 2660 899 2699 ratione
920 2660 984 2700 di-

137 2716 261 2756 cendi
281 2729 322 2755 v.
345 2716 399 2756 ad
421 2713 551 2768 Gorg.
507 2727 614 2768 gp
636 2717 720 2756 490
743 2715 788 2756 C.
811 2717 921 2759 Men.
943 2729 986 2768 p.

136 2771 189 2812 81
211 2771 258 2811 B.
299 2772 522 2812 Praeterea
550 2771 699 2811 audias
722 2771 986 2837 Olympio-

138 2828 244 2867 dor.
285 2841 328 2880 Ρ.
370 2829 424 2868 29
483 2826 754 2892 φλυαριαν
772 2828 916 2869 καλεῖ
959 2822 983 2868 6

137 2876 340 2946 Πλάτων
359 2883 458 2924 πᾶν
479 2876 530 2924 τὸ
563 2878 800 2948 περιττόν,
824 2897 881 2925 ου
894 2877 984 2952 μό-

139 2951 225 2979 νον
247 2931 300 2979 τὸ
325 2931 374 2980 ἐν
396 2932 568 2992 λόγοις,
593 2931 714 2979 αλλὰ
744 2937 829 2980 καὶ
858 2934 910 2981 τὸ
934 2933 985 2981 ἐν

137 2990 307 3058 ἔργοις.
330 2994 441 3036 conf.
462 2994 661 3047 Sympos.
685 3007 732 3047 p.
753 2997 832 3036 211
854 2997 902 3039 Ε.

196 3045 255 3091 τὸ
290 3044 628 3103 λεγόμενον]
658 3058 712 3089 ut
741 3051 980 3092 dictitar'
972 3065 985 3091 1

138 3107 287 3147 solet.
331 3106 541 3146 Videntur
572 3105 702 3145 verba
733 3099 827 3147 ὖπό
856 3122 986 3156 τινος

138 3155 252 3204 οὐδὲ
276 3160 516 3215 φρονῆσαι
539 3155 788 3203 δύνασθαι
809 3174 983 3214 prover-

136 3219 194 3259 bii
214 3224 341 3259 usum
372 3216 590 3267 habuisse,
621 3218 740 3257 cuius
760 3226 899 3259 tamen
922 3220 983 3259 rei

139 3274 334 3328 exempla
374 3286 457 3314 non
493 3274 533 3312 in
564 3281 732 3326 plomtu
759 3274 982 3317 habemus.

137 3330 304 3382 Optime
326 3338 467 3371 autem
489 3329 981 3382 observavitWytten-

138 3385 385 3438 bachius,
418 3386 531 3438 quod
552 3385 679 3436 vulgo
703 3387 888 3427 nondum
912 3400 983 3427 sa

136 3443 190 3482 its
213 3443 431 3495 cognitum
454 3451 530 3491 est,
550 3441 686 3482 solere
707 3434 767 3489 ὡς
788 3435 985 3495 ἀληθῶς

1079 2162 1118 2194 et
1145 2155 1243 2194 item
1274 2153 1338 2211 τῷ
1369 2145 1472 2196 ὅντι
1502 2155 1639 2194 citatis
1669 2154 1774 2194 locis
1799 2162 1926 2206 atque

1077 2211 1299 2250 sententiis
1340 2211 1455 2251 addi.
1514 2210 1652 2275 Ιπιοὴν
1683 2223 1726 2263 p.
1769 2211 1850 2251 196
1890 2211 1924 2250 D

1076 2261 1199 2307 κατὰ
1212 2259 1313 2331 τὴν
1333 2266 1598 2333 παροιμίαν
1620 2257 1714 2320 ἄρα
1735 2265 1798 2306 τῶ
1821 2259 1926 2308 ὄντι

1075 2335 1162 2363 ουκ
1204 2313 1264 2362 ὂῖν
1292 2333 1424 2363 πασα
1454 2337 1509 2370 υς
1539 2322 1675 2376 γνοίη
1717 2308 1830 2363 ουδ’
1862 2313 1926 2364 ὂῖν

1074 2371 1277 2443 ἀνδρεία
1318 2375 1520 2446 γένοιτο.
1571 2379 1687 2443 Xen5
1724 2378 1883 2430 Symo

1074 2435 1148 2475 lV.
1159 2436 1185 2476 8
1207 2426 1333 2487 ὄψον
1353 2449 1440 2500 μεν
1461 2427 1551 2501 γὰρ
1574 2426 1677 2488 δὴ’
1661 2426 1808 2482 όντως
1829 2390 1925 2476 {bc-

1076 2503 1160 2532 κεν
1191 2485 1316 2533 εἶναι
1342 2485 1395 2532 τὸ
1425 2486 1656 2545 κρόμυον,
1695 2492 1765 2530 ubi
1794 2491 1923 2544 vulgo

1076 2539 1227 2595 ου’τως
1249 2548 1461 2588 scribitur.
1480 2547 1591 2587 Hoc
1611 2547 1703 2587 loco
1726 2541 1787 2594 ὡς
1809 2540 1925 2601 αλη-

1075 2602 1179 2669 θῷς
1202 2612 1241 2643 et
1261 2601 1325 2660 τῷ
1347 2596 1451 2646 ὄντι
1466 2604 1652 2657 positum
1673 2597 1723 2644 ἐκ
1739 2605 1923 2656 παραλ-

1075 2653 1248 2726 λήλου,
1296 2646 1344 2698 ‘ut
1372 2660 1502 2700 Lach.
1544 2673 1589 2713 p.
1621 2661 1702 2701 183
1723 2660 1758 2700 D
1787 2653 1838 2701 ἐν
1866 2658 1922 2713 τῇ

1073 2709 1285 2771 ἀληθείᾳ
1306 2709 1368 2764 ὡς
1397 2708 1608 2770 ἀληθῶς.
1651 2715 1756 2756 Cum
1777 2717 1922 2768 proxi—

1073 2773 1153 2813 mis
1175 2773 1288 2814 conf.
1309 2773 1418 2813 Tim.
1440 2786 1483 2826 p.
1506 2774 1560 2813 42
1584 2778 1624 2811 et
1645 2772 1714 2813 86
1751 2770 1839 2815 Cic.
1860 2772 1923 2811 De

1070 2829 1145 2871 fin.
1167 2830 1199 2871 Ι.
1226 2830 1293 2871 13.

1127 2885 1178 2926 Ι).
1213 2877 1500 2938 ασχολίαν
1528 2875 1751 2937 α’γομεν
1775 2897 1824 2937 φ.
1847 2881 1917 2938 π.]

1070 2940 1113 2982 h.
1156 2953 1193 2981 e.
1233 2941 1571 2994 impedimur,
1621 2953 1681 2980 ne
1721 2953 1921 2995 ponere

1073 2997 1309 3037 studium
1340 2997 1387 3036 in
1415 2995 1765 3049 philosophia
1797 3008 1919 3047 pos-

1074 3053 1263 3104 simus,
1304 3053 1535 3106 interprete
1564 3052 1836 3093 Fischero.
1866 3073 1919 3080 -

1073 3109 1189 3149 Idem
1218 3108 1545 3162 παραπίπτειν
1573 3116 1685 3147 recte
1720 3108 1920 3147 iudicavit

1069 3165 1151 3205 dici
1174 3177 1235 3217 ea,
1259 3178 1368 3216 quae
1389 3164 1763 3205 interveniunt
1790 3176 1917 3204 casu

1072 3227 1119 3260 et
1159 3220 1386 3262 fortuito
1425 3227 1553 3271 atque
1581 3221 1687 3260 adeo
1718 3226 1918 3272 tempo-

1069 3290 1122 3316 re
1150 3277 1339 3317 alieno.
1393 3276 1587 3317 Ceterum
1616 3276 1668 3315 de
1697 3276 1806 3326 labe,
1837 3288 1918 3325 qua

1070 3333 1237 3373 animus
1257 3346 1333 3387 per
1363 3333 1548 3385 corporis
1578 3332 1917 3372 communionem

1071 3389 1246 3429 affectus
1266 3398 1343 3438 est,
1361 3388 1591 3428 contulisse
1610 3388 1772 3427 iuvabit
1795 3398 1916 3438 prae-

1071 3445 1231 3484 clarum
1254 3446 1393 3484 locum
1415 3445 1522 3497 ch.
1544 3443 1597 3486 X.
1622 3457 1663 3496 p.
1685 3444 1765 3482 611
1785 3440 1917 3483 BCD.
