2158 3718
499 110 1017 164 svmrosmM.
1057 126 1108 176 p.
1147 112 1253 161 216
1290 111 1368 164 st.
1696 113 1800 165 177

121 260 218 324 ζον
259 253 336 312 ἂν
375 255 683 341 ἀχθοίμην,
726 252 860 320 ὥςτε
907 254 1008 312 οὐκ
1038 250 1195 328 έχω”’
1167 275 1198 308 o
1227 274 1282 310 τι
1305 251 1587 325 χρήσομαι
1618 253 1799 327 τούτῳ

115 344 191 412 τῷ
233 339 549 412 ἀνθρώπῳ.

243 421 381 501 Cap.
427 417 723 480 XXXIII.
810 423 951 498 Kal
982 419 1091 478 ὑπὸ
1136 424 1239 492 μὲν
1281 417 1349 488 δὴ
1391 421 1504 476 τῶν
1548 420 1802 495 αὐλημάκ

114 528 228 563 των
275 511 367 564 καὶ
411 504 511 578 ἐγὼ
559 509 651 561 καὶ
694 502 855 561 ἄλλοι
909 509 1107 562 πολλοὶ
1162 507 1399 560 τοιαῦτα
1443 503 1801 563 πεπόνθασιν

113 589 224 648 ὑπὸ
273 593 434 648 τοῦδε
477 593 577 646 τοῦ
608 588 912 661 Σατύρου·
957 586 1103 645 ἄλλα
1146 592 1202 644 δέ
1243 610 1353 660 μου
1393 586 1683 656 ἀκούσατε,
1726 589 1801 656 ὡς

113 672 315 748 ὅμοιός
357 679 414 730 τέ
455 679 604 729 ἐστιν
650 673 733 738 οἷς
776 671 876 746 ἐγὼ
924 673 1116 730 εἴκασα
1141 670 1337 739 αὐτόν,
1380 676 1473 728 καὶ
1502 671 1605 742 τὴν
1631 672 1800 730 δύνα-

109 779 208 831 μιν
262 755 336 823 ὡς
393 761 725 831 θαυμασίαν
801 762 924 830 ἔχει.
988 749 1045 814 εὖ
1105 755 1214 828 γὰρ
1272 756 1418 822 ἴστε,
1483 754 1574 813 ὅτι
1620 757 1800 824 οὐδεὶς

109 840 265 914 ὑμῶν
309 844 514 899 τοῦτον
559 838 869 912 γιγνώσκει·
926 838 1071 897 ἀλλὰ
1117 837 1218 912 ἐγώ
1264 838 1520 908 δηλώσω,
1580 846 1795 917 ἐπείπερ

111 925 381 1002 ἠρξάμην.
423 924 595 999 ὁρᾶτε
639 925 765 999 γάρ,
806 922 895 982 ὅτι
937 923 1248 997 Σωκράτης
1287 927 1554 996 ἐρωτικῶς
1595 925 1798 983 διάκεν-

112 1032 210 1066 ται
249 1013 364 1066 τῶν
407 1013 591 1067 καλῶν
646 1013 738 1066 καὶ
780 1008 867 1065 ἀεὶ
910 1013 1034 1083 περὶ
1076 1008 1312 1073 τούτους
1353 1012 1466 1064 ἐστὶ
1507 1014 1600 1065 καὶ
1646 1015 1798 1066 ἐκπέ-

110 1097 383 1161 πληκται,
426 1097 519 1150 καὶ
563 1086 636 1149 αὗ
683 1093 879 1163 ἀγνοεῖ
920 1091 1106 1148 πάντα
1150 1096 1242 1148 καὶ
1286 1090 1450 1148 οὐδὲν
1493 1092 1671 1160 οἶδεν,
1724 1093 1800 1160 ὡς

109 1269 185 1300 rus
214 1256 271 1308 ad
304 1254 478 1299 Weller.
512 1255 570 1297 Τ.
601 1254 655 1297 11.
685 1268 726 1309 p.
753 1252 855 1299 279.
887 1256 1079 1298 malebat
1107 1255 1262 1310 ᾔκασα.
1319 1255 1440 1298 Idem
1471 1257 1564 1301 fere
1595 1258 1800 1301 censebat

110 1305 281 1358 Ruhnk.
326 1313 380 1356 ad
421 1306 536 1357 Tim.
577 1325 621 1368 p.
647 1311 717 1356 95.
708 1342 741 1364 .‚
782 1313 854 1366 qui
900 1313 1093 1355 librarios
1134 1314 1326 1355 Platonis
1366 1315 1547 1368 putabat
1580 1315 1718 1369 ᾔκασα
1755 1317 1798 1358 in

109 1372 384 1415 usitatiorem
421 1371 605 1413 formam
636 1371 789 1411 εἴκασα
818 1371 1065 1412 mutavisse.
1125 1370 1218 1413 Nec
1248 1376 1395 1413 tamen
1416 1372 1624 1415 librorum
1645 1374 1798 1415 lectio-

110 1441 211 1471 nem
249 1428 544 1470 sollicitabunt
583 1428 656 1480 qui
706 1427 971 1480 inspexerint
1012 1428 1215 1472 Valcken.
1257 1428 1314 1470 ad
1356 1428 1459 1469 Euri

1465 1444 1504 1484 p.
1546 1430 1710 1474 Pboen.
1751 1444 1794 1473 v.

117 1485 214 1530 165.
249 1485 496 1527 Buttmann.
534 1484 775 1527 Grammat.
806 1487 936 1539 ampl.
966 1485 1019 1530 T.
1050 1486 1084 1527 1.
1117 1499 1158 1540 p.
1180 1485 1279 1532 328.
1311 1485 1349 1539 ἕ.
1378 1485 1449 1530 84.
1480 1486 1689 1530 Matthiae
1719 1488 1800 1532 Gr.

112 1544 240 1598 ampl.
270 1541 310 1596 §-
346 1541 440 1587 167.
471 1542 514 1586 5.

224 1600 278 1643 D.
337 1599 427 1640 καὶ
456 1594 522 1640 αὖ
552 1597 788 1654 ἀγνοεῖ]
801 1615 856 1639 αυ
892 1611 981 1640 om.
1017 1598 1148 1643 Coisl.
1180 1599 1282 1642 Par.
1303 1599 1406 1642 EF.
1439 1602 1589 1644 Ambr.
1619 1603 1730 1656 Aug.
1755 1612 1797 1643 u·

111 1654 210 1701 Vat.
229 1656 270 1701 d.
291 1669 334 1699 n.
355 1670 390 1701 r.
409 1670 446 1702 s.
475 1656 727 1700 Florentini.
759 1655 923 1699 iniuria.

113 1802 169 1841 'et
198 1796 374 1840 modis
403 1797 620 1851 quidem
652 1803 706 1840 et
737 1810 839 1851 ego
865 1802 918 1839 et

113 1856 220 1898 alii
251 1855 416 1897 multi
447 1855 523 1896 ita
561 1854 760 1897 affecti
790 1859 918 1895 sunt

112 1913 175 1955 ab
206 1912 308 1955 hoc
338 1913 554 1968 Satyro.
617 1911 680 1952 Τὰ
713 1910 916 1966 αὐλήμα-

112 1986 168 2011 τα
197 1969 398 2023 intelligit
419 1969 663 2012 Alcibiades
694 1982 917 2012 sermones

114 2027 325 2076 Socratis,
356 2039 539 2079 quorum
572 2032 699 2070 antea
728 2027 917 2069 mentio-

112 2097 214 2127 nem
244 2083 424 2126 fecerat.

175 2170 263 2212 καὶ
294 2169 394 2223 τὴν
423 2166 657 2223 δύναμιν
685 2166 750 2214 ὡς
781 2170 919 2208 θαυ-

112 2231 320 2299 μασίαν
350 2225 476 2280 ἔχει]
509 2227 536 2268 i.
558 2240 596 2269 e.
626 2224 699 2266 καὶ
725 2240 780 2270 ως
800 2229 920 2266 θαυ-

114 2287 253 2342 μασία
285 2283 310 2337 ἦ
342 2284 530 2354 δύναμίς
560 2285 701 2335 ἐστιν,
734 2280 788 2334 ἢν
818 2283 919 2332 ἔχει.

172 2342 312 2384 ἀλλὰ
343 2340 440 2396 ἐγὼ
470 2339 708 2395 δηλώσω]
742 2353 800 2381 sc
825 2335 922 2394 οἷός

115 2401 244 2500 3⁰3³:
305 2454 575 2512 ἐρωτικῶς
632 2451 921 2496 διάκειται

116 2529 157 2559 τ.
185 2515 251 2569 κ.]
290 2512 329 2556 h.
363 2527 401 2555 e.
431 2514 524 2570 ἐρᾶ.
558 2510 613 2553 cf.
643 2509 920 2553 Matthiae

115 2574 194 2615 Gr.
227 2573 266 2626 §-
299 2569 400 2616 340.
429 2583 471 2624 p
489 2557 601 2613 648.

127 2692 130 2693 ⁷
172 2657 259 2698 και
302 2649 372 2697 av
412 2654 601 2710 α’γνοεῖ
627 2653 803 2695 πάντα
832 2654 916 2708 -]

118 2714 270 2757 Locus
293 2714 526 2756 admodum
549 2713 811 2763 selebi-osus»,
843 2724 922 2752 cu-

115 2772 183 2814 ius
198 2777 342 2814 tamen
355 2770 632 2814 difficultates
650 2782 797 2812 omnes
811 2781 922 2810 nunc

116 2835 227 2883 puto
258 2829 454 2870 sublatas
486 2841 585 2869 esse
609 2827 921 2880 interpunctio-

115 2897 172 2928 ne
219 2899 245 2926 a
289 2883 817 2931 Schleiermachero
877 2887 923 2925 et

118 2941 156 2983 B
178 2954 202 2983 e
223 2943 251 2983 k
271 2942 297 2982 k
318 2953 342 2982 e
363 2953 384 2982 r
406 2953 432 2981 o
478 2940 724 2982 emendata.
781 2940 942 2992 Vulgo„

118 2999 232 3040 enim
254 2998 505 3051 legebatur:
538 2996 610 3036 καὶ
639 2995 760 3037 οὐδὲν
791 2996 922 3047 οἶδεν,

118 3054 174 3102 ὥς
216 3053 266 3095 τὸ
318 3058 462 3106 σχῆμα
514 3051 654 3094 αὐτοῦ
692 3058 830 3094 τοῦτο
869 3051 921 3092 οὐ

121 3111 369 3165 σὲιληνῶδες
427 3108 601 3163 σφόδρα
666 3124 739 3163 γε,
806 3109 924 3162 quod

122 3167 447 3223 Stephanus
478 3168 535 3208 ita
567 3166 838 3220 corrigebat,
876 3170 925 3206 ut

124 3239 204 3281 pro
247 3224 298 3266 οὗ
343 3224 585 3278 σειληνῶδες
625 3223 837 3264 scriberet
873 3237 925 3263 ον

124 3282 383 3336 σειληιῶδες.
445 3280 655 3323 Videlicet
668 3277 725 3327 ὡς
744 3277 793 3320 τὸ
818 3283 926 3332 σχῆ-

123 3356 187 3397 μα
218 3339 362 3381 αὐτοῦ
402 3338 635 3394 significat:
676 3335 928 3391 quemad-

156 3431 163 3437 *
192 3411 308 3454 Plat.
339 3411 457 3465 Opp.
492 3409 588 3452 vol.
623 3409 658 3451 l.
690 3406 810 3451 Sect.
838 3406 908 3449 111.

1002 1795 1215 1838 modum
1258 1797 1375 1838 eins
1412 1796 1597 1838 forma
1630 1801 1682 1839 et
1713 1796 1798 1839 ha·-

1002 1855 1150 1895 bitus
1182 1858 1282 1905 est,
1314 1853 1352 1894 h.
1388 1868 1426 1896 e.
1455 1854 1800 1907 quemadmo-

1003 1911 1123 1952 dum
1180 1912 1300 1966 ipsa
1348 1912 1469 1952 eius
1519 1910 1697 1953 forma
1745 1917 1800 1954 et

1003 1967 1223 2010 habitus
1255 1968 1522 2010 declarat.
1581 1968 1691 2011 Nam
1713 1969 1800 2011 So-

1004 2026 1136 2067 cratis
1180 2025 1338 2076 forma,
1377 2027 1515 2079 qualis
1545 2025 1801 2068 describitur

1003 2097 1027 2125 a
1044 2083 1244 2136 Platone,
1259 2095 1388 2136 quum
1411 2083 1723 2137 proclivitatem
1744 2082 1800 2125 ad

1001 2153 1222 2192 amorem,
1278 2145 1368 2181 tum
1416 2140 1627 2182 inscitiam
1667 2153 1803 2194 quan·

1004 2197 1104 2239 dam
1145 2202 1189 2239 et
1226 2196 1523 2251 stupiditatem
1573 2197 1801 2251 prodebat.

1005 2256 1159 2307 ltaque
1207 2254 1312 2296 haec
1362 2254 1594 2296 commode
1650 2254 1803 2297 referri

1004 2315 1188 2366 possunt
1226 2309 1282 2353 ad
1323 2309 1373 2352 τὸ
1390 2313 1616 2384 ’,ἐρωτικῶς
1644 2312 1804 2354 διακεῖ-

1005 2372 1118 2411 σθαι
1156 2373 1200 2411 et
1239 2366 1290 2409 τὸ
1336 2366 1482 2409 πάντα
1517 2368 1690 2424 ἀγνοεῖν
1731 2367 1806 2410 καὶ

1003 2424 1128 2469 οὐδὲν
1157 2425 1324 2467 εἰδέιωαι
1384 2426 1430 2468 ln
1469 2424 1550 2467 hoe
1583 2426 1680 2481 ipso
1723 2439 1804 2468 au-

1004 2489 1092 2526 tem
1114 2483 1321 2524 Socrates
1354 2482 1524 2524 similis
1525 2489 1618 2525 erat
1637 2483 1804 2539 Satyris

1004 2545 1132 2594 atque
1181 2540 1363 2591 silenis,
1418 2553 1600 2593 quorum
1649 2540 1804 2583 faciem

1005 2602 1174 2640 constat
1203 2610 1303 2639 cum
1334 2596 1519 2638 libidinis
1556 2603 1600 2640 et
1632 2602 1804 2653 proter—

1004 2655 1163 2706 vitatis,
1194 2654 1285 2696 tum
1317 2653 1579 2708 stupiditatis
1610 2655 1801 2710 speciem

1004 2725 1110 2766 prae
1141 2725 1190 2753 se
1220 2711 1389 2753 tulisse.
1447 2713 1585 2755 Aliter
1604 2711 1711 2754 haec
1727 2724 1805 2754 ex-

1004 2769 1153 2824 pedire
1193 2769 1335 2810 conati
1382 2774 1482 2810 sunt
1522 2769 1747 2811 Bastius
1778 2770 1806 2811 l.

1006 2840 1043 2869 c.
1075 2826 1474 2868 etCreuzerus
1519 2826 1711 2868 Studior.
1750 2825 1806 2867 T.

1005 2883 1056 2925 11.
1081 2896 1120 2937 p.
1142 2882 1243 2927 231.
1267 2888 1311 2925 et
1329 2896 1372 2937 p.
1389 2882 1490 2928 290.
1522 2883 1646 2925 aliter
1676 2884 1807 2926 etiam

1006 2939 1047 2981 H
1065 2953 1144 2981 om
1160 2942 1356 2983 melius
1372 2968 1385 2993 -,
1445 2941 1519 2994 qui
1574 2941 1806 2994 legendum

1008 3001 1150 3051 putat:
1181 2997 1254 3038 καὶ
1267 2996 1367 3038 οὐδὲ
1388 2997 1504 3039 οἶδεν
1533 2996 1588 3046 ὥς
1616 2997 1666 3037 τὸ
1702 3001 1808 3048 σχῆ-

1007 3069 1069 3107 μα
1105 3052 1263 3108 αὐτοῦ,
1296 3054 1412 3108 quod
1442 3065 1808 3096 commemorasse

1011 3110 1065 3152 ad
1096 3112 1411 3165 coarguendum
1443 3112 1550 3152 satis
1571 3115 1650 3152 est.
1712 3109 1806 3150 Re-

1012 3167 1074 3209 dit
1121 3173 1271 3210 autem
1317 3168 1518 3221 deinceps
1561 3165 1806 3207 Alcibiades

1009 3224 1064 3266 ad
1109 3225 1228 3267 illam
1274 3224 1661 3278 comparationem,
1723 3235 1807 3275 qua

1011 3285 1141 3324 antea
1177 3294 1282 3324 usus
1332 3285 1447 3332 erat,
1507 3286 1635 3332 atque
1679 3278 1807 3321 docet

1013 3339 1142 3394 longe
1172 3339 1286 3382 aliud
1315 3336 1416 3389 quid
1435 3337 1547 3378 intus
1564 3337 1604 3378 in
1625 3335 1806 3379 Socrate

1324 3396 1390 3444 12
