2158 3718
808 124 1067 168 PHAEDO
1098 139 1144 180 p.
1170 127 1266 168 110.
1806 125 1911 178 277

132 270 446 338 χωροῦντα.
505 264 568 319 τὸ
609 265 670 319 δὲ
710 260 853 318 εἶναι
890 262 1124 318 ταύτόν·
1167 261 1268 316 ὑπ’
1307 260 1604 325 ἀσθενείας
1641 263 1734 316 καὶ
1772 267 1914 333 βρα-

134 353 372 421 δυτῆτος
407 348 511 419 οὐχ
548 349 703 412 οἵους
738 368 798 402 τε
837 345 981 402 εἶναι
1017 347 1160 418 ἡμᾶς
1198 348 1509 411 διεξελθεῖν
1550 345 1639 400 ἐπ’
1681 350 1915 417 ἔσχατον
1945 360 1979 400 Ε

95 433 234 500 ,τὸν
271 434 432 505 ἀέρα·
501 434 650 502 ἐπεί,
701 437 756 487 εἴ
786 454 868 497 τις
905 431 1082 487 αὐτοῦ
1123 430 1213 486 ἐπ’
1253 430 1399 502 ἄκρα
1437 433 1596 485 ἔλθοι
1633 430 1669 501 ἢ
1707 430 1916 501 πτηνὸς

131 519 435 590 γενόμενος
459 517 782 588 ἀναπτοῖτο,
822 520 1072 571 κατιδεῖν
1109 522 1138 555 *
1161 515 1277 570 ἀν*
1317 516 1705 584 ἀνακύψαντα,
1735 514 1916 584 ὥςπερ

135 604 347 659 ἐνθάδε
393 604 452 656 οἶ
494 604 557 657 ἐκ
605 607 702 672 τῆς
737 603 1019 672 θαλάττης
1057 601 1251 671 ἰχθύες
1288 598 1705 664 ἀνακύπτοντες
1742 598 1918 670 ὁρῶσι

133 686 203 743 τὰ
248 687 484 756 ἐνθάδε,
535 686 715 751 οὕτως
758 686 829 741 ἄν
867 707 992 741 τινα
1030 688 1125 740 καὶ
1161 684 1228 740 τά
1268 687 1388 740 ἐκεῖ
1421 686 1699 755 κατιδεῖν,
1740 684 1833 738 καὶ
1872 685 1923 737 εἰ

134 771 168 844 ἡ
209 773 382 842 φύσις
420 770 583 842 ἱκανή
627 777 710 842 εἴη
751 770 1052 841 ἀνέχεσθαι
1089 775 1411 842 θεωροῦσα,
1450 773 1666 838 γνῶναι
1705 768 1796 838 ἄν,
1835 766 1922 822 ὅτι

137 856 353 920 ἐκεῖνός
392 857 546 911 ἐστιν
585 855 613 910 ὁ
653 855 882 927 ἀληθῶς
919 854 1162 926 οὐρανὸς
1199 856 1292 908 καὶ
1317 853 1379 908 τὸ
1407 853 1633 924 ἀληθῶς
1671 858 1792 923 φῶς
1830 855 2024 907 καὶ110

151 939 166 960 θ

134 963 170 1013 η
217 939 292 1006 ὥς
329 939 556 1011 ἀληθῶς
592 946 680 1011 γῆ·

757 940 859 1011 ἥδε
903 942 1008 1010 μὲν
1054 938 1161 1010 γὰρ
1207 937 1240 1008 ἡ
1288 942 1360 1008 γῆ
1407 939 1500 992 καὶ
1547 938 1605 992 οἱ
1638 940 1792 992 λίθοι
1830 938 1924 991 καὶ

254 1113 304 1158 D.
341 1107 496 1154 εἶναι
528 1105 761 1165 ταντόν]
795 1111 907 1151 Libri
930 1123 1096 1151 omnes:
1130 1105 1256 1152 εἶναι
1278 1102 1469 1158 ταύτόν,
1499 1122 1610 1149 unus
1633 1102 1925 1152 Ζί11.ταῦτόν

140 1171 309 1214 omittit.
331 1182 371 1212 v.
396 1169 610 1235 explicatt.
652 1169 814 1208 Deinde
834 1169 931 1208 Vat.
954 1180 1103 1207 rursus
1127 1161 1437 1221 βραδύτητος,
1459 1173 1505 1205 ut
1527 1172 1666 1208 antea

251 1227 298 1268 E.
333 1219 419 1267 επ’
461 1216 623 1278 ακρα]
667 1217 817 1291 ἄκρον
847 1223 977 1265 Coisl.
996 1225 1095 1263 Vat.
1116 1224 1245 1265 Vind.
1265 1222 1303 1263 Φ
1332 1223 1427 1265 Par.
1451 1220 1695 1264 CGAmbr.
1718 1220 1832 1262 Floi.
1856 1233 1926 1260 ac

141 1283 168 1324 d
189 1297 244 1324 m.
288 1283 397 1322 Ante
419 1288 520 1321 vett.
545 1282 662 1322 editt.
686 1275 772 1334 οὐχ
794 1278 925 1328 οἷὀνς
948 1275 1073 1321 εἶναι
1097 1280 1243 1319 invitis
1266 1279 1388 1319 codd.
1414 1278 1503 1318 fere
1526 1278 1738 1320 omnibus.

225 1331 594 1405 ἄναπτοῐτο]
636 1337 705 1378 Sic
726 1350 802 1390 pio
827 1350 865 1378 V.
889 1330 1151 1378 ἀνάπτοιτο
1182 1334 1311 1378 Coisl.
1333 1336 1428 1377 Vat.
1453 1335 1547 1377 Par.
1569 1336 1608 1375 Ι.
1651 1335 1694 1374 111
1719 1333 1838 1375 Bodl.
1863 1340 1926 1374 est

141 1387 418 1439 αναπτῠῖτθ.

443 1393 692 1436 wFischer.
717 1393 833 1436 adh.
858 1393 884 1433 l.
910 1393 1024 1436 Bast.
1047 1394 1124 1446 Ep.
1151 1394 1240 1432 crit.
1263 1405 1306 1445 Ρ.
1330 1393 1399 1432 39.

254 1449 530 1493 κατιδεῖν
559 1441 647 1504 ἄν]
682 1440 743 1490 ἄν
772 1449 838 1489 hic
861 1462 958 1489 cum
980 1448 1223 1490 Heindmfio
1247 1456 1287 1488 et
1308 1448 1499 1488 Bekkem
1523 1447 1574 1487 de
1574 1445 1804 1511 Stephani
1825 1457 1926 1486 con-

142 1510 302 1549 iectura
330 1505 845 1558 inseruimus.Sequitu1
875 1507 985 1546 enim
1024 1518 1125 1546 mox
1154 1506 1198 1545 in
1227 1505 1494 1558 epanalepsi:
1539 1494 1688 1550 ου’τως
1719 1493 1780 1543 ἄν
1819 1515 1927 1544 τινα

142 1562 226 1607 καὶ
246 1557 306 1607 τοὶ
328 1557 430 1606 ἐκεῖ
447 1561 682 1616 κατιδεῖν,
702 1575 783 1627 quo
806 1563 896 1603 loco
914 1563 1077 1603 sc1ibae
1098 1568 1322 1602 seivarunt
1338 1561 1531 1601 voculam
1551 1559 1708 1613 quippe
1723 1559 1928 1599 finitimae

144 1622 332 1687 syllabae
354 1620 629 1661 similitudine
651 1631 735 1659 non
756 1620 795 1658 in
820 1619 1013 1658 fraudem
1034 1618 1208 1659 inducti.

255 1669 582 1731 ἀνέχεσθαι
622 1673 947 1728 θεωροῦσα]
991 1674 1061 1715 Sic
1088 1675 1208 1715 Bodl.
1232 1674 1335 1714 Tub.
1359 1674 1468 1713 Ven.
1493 1672 1540 1714 Π
1570 1672 1697 1713 Vind.
1726 1671 1875 1713 YPar
1895 1670 1930 1710 L

142 1735 259 1777 Flor.
281 1746 304 1773 c
326 1735 422 1776 Zitt.
446 1733 604 1772 Euseb.
647 1733 885 1785 Legebatur
907 1733 1005 1772 olim
1028 1725 1347 1785 ἀνασχέσθαι.

258 1783 283 1833 ὁ
307 1762 1930 1859 αληθωςονρανος]8111130111.Οοὶεί.ν61.Τι111.Ὺ611.ΛΠνίῃᾶΛΡ

143 1850 240 1891 Par.
267 1845 497 1888 CEGHIL
527 1846 674 1886 Ambr.
705 1846 938 1885 Florentini
977 1852 1015 1885 et
1048 1857 1100 1884 ex
1131 1857 1236 1884 corr.
1260 1843 1369 1882 Ven.
1394 1841 1450 1887 Ξ
1474 1842 1587 1880 Vett.
1611 1841 1726 1880 editt.
1759 1832 1783 1880 ὁ
1813 1831 1928 1892 ἀλη-

143 1898 290 1952 θινὸς
310 1894 530 1955 οὐρανός.
570 1901 779 1954 Deinceps
803 1901 975 1941 eaedem
998 1901 1176 1940 habent:
1208 1892 1259 1940 τὸ
1291 1890 1533 1951 ἀληθινὸν
1565 1894 1696 1962 φῶς,
1706 1895 1818 1946 quod
1838 1907 1930 1935 mu-

144 1967 282 2002 tatum
304 1972 327 1999 e
346 1959 468 1999 Bodl
490 1956 860 2003 Τ111).ΣῙ611.ΞΠ
882 1957 1007 1997 Vind.
1036 1957 1077 1998 Υ
1095 1957 1192 1997 Zitt.

1237 1955 1430 1995 Ceterum
1453 1953 1653 1995 articulus
1674 1945 1698 1992 ὁ
1723 1960 1850 2003 atque
1870 1945 1927 1991 τό

145 2020 190 2058 111
212 2010 396 2065 B0d1„‹‘›
420 2015 545 2055 etiam
569 2015 611 2053 in
633 2015 725 2054 aliis
748 2014 1003 2065 quibusdam
1025 2013 1145 2053 libris
1167 2012 1300 2052 deest.

204 2150 264 2198 τὸ
308 2150 368 2197 δὲ
411 2148 570 2196 εἶναι
617 2144 853 2194 ταύτόν·
906 2144 996 2192 ὑπ’

149 2207 297 2265 οἶσθ]
318 2211 585 2252 Eusebius
604 2207 775 2250 τοῦτον
790 2220 865 2260 pro
883 2201 1000 2249 ταύ-

150 2264 233 2312 τόν
255 2268 440 2310 exhibet.
471 2266 592 2307 Unde
612 2263 881 2307 Heindorf.
907 2276 997 2304 cor-

149 2327 282 2367 rexit:
313 2317 365 2365 τό
397 2318 450 2365 δὲ
483 2316 607 2363 εἶναι
637 2320 877 2363 τοιοῦτον·
910 2312 997 2362 ὑπ’

151 2376 422 2429 ἀσθενείας,
441 2393 486 2421 κ.
510 2377 569 2433 β.,
606 2379 719 2430 quod
749 2379 998 2431 interpreta-

150 2448 242 2482 tur:
273 2450 386 2478 curn
413 2444 587 2476 tamen
616 2448 698 2475 res
727 2435 802 2474 ita
831 2447 884 2474 se
905 2433 997 2472 ha-

151 2497 296 2547 beat,
339 2499 395 2534 ut
440 2499 664 2546 propter
709 2489 999 2530 imbecilli—

151 2558 311 2594 tatem
361 2549 427 2590 ad
484 2556 773 2588 extremum
832 2558 1000 2587 aerem

155 2618 432 2660 emergere
471 2616 809 2656 nequeamus.

152 2676 374 2705 mannus
403 2662 457 2702 de
485 2660 770 2727 Voegelini
793 2660 1002 2699 coniectu-

152 2734 200 2762 ra
227 2719 415 2773 scripsit:
457 2710 508 2758 τὸ
536 2710 589 2758 δ’
622 2711 747 2758 εἶναι
783 2708 1002 2758 δεινότα-

154 2790 252 2819 τον.
291 2777 388 2830 Ipse
428 2774 527 2815 olim
568 2766 745 2814 ταύτόν
781 2773 1002 2812 eliminan-

155 2834 259 2874 dum
280 2831 421 2878 statui,
454 2830 611 2884 quippe
633 2829 747 2881 quod
771 2828 970 2869 deesset
962 2840 1000 2867 111

157 2889 251 2932 cod.
279 2889 450 2937 Zittav.‚
477 2887 521 2926 in
551 2899 678 2950 quarn
700 2885 904 2925 rationem
927 2896 1005 2938 po-

159 2952 250 2987 stea
280 2944 367 2984 vidi
393 2943 594 2983 incidisse
617 2943 742 2982 etiam
764 2941 1005 2994 Wytten-

158 3000 403 3043 bachium
425 2998 534 3041 Bibl.
557 2997 721 3038 Crit.X.
739 2998 859 3050 p.12.
885 2997 1005 3036 Nunc

160 3068 260 3098 vero
291 3062 432 3095 mente
462 3059 622 3093 mutata
650 3061 833 3093 veterem
864 3053 1005 3093 lectio-

161 3126 258 3154 nem
288 3112 349 3152 sic
380 3110 674 3174 explicandam
705 3122 798 3150 esse
828 3121 1004 3149 censeo:

158 3170 259 3211 hoc
280 3173 452 3209 autem
475 3178 534 3206 ea
560 3166 611 3205 in
644 3178 694 3205 16
714 3165 849 3205 idem
872 3177 1006 3216 esse,

162 3226 298 3279 quod
338 3235 462 3277 prae
508 3221 885 3263 imbecillitate
928 3227 1009 3261 at-

163 3294 262 3334 que
303 3280 558 3320 tarditate
600 3290 697 3319 non
737 3278 1007 3330 possimus

162 3339 226 3379 ad
246 3348 496 3379 summum
520 3347 604 3375 aer
618 3348 691 3375 em
714 3333 1008 3388 pervenire.

162 3394 297 3435 Nam
310 3394 461 3433 verba.
522 3383 607 3433 ὑπ’
652 3383 913 3438 ἀσθενείας
955 3410 1008 3417 -

167 3445 366 3505 ἔσχατον
387 3443 469 3491 τὸν
490 3441 610 3502 ἀέρα
632 3446 848 3489 continent
877 3458 1009 3499 epex-

871 2603 1001 2643 Her-
1039 2623 1046 2630 ·

1087 2151 1235 2204 egesin
1283 2151 1507 2191 verborum
1564 2142 1691 2189 εἶναι
1736 2139 1931 2190 ταύτόν.

1086 2206 1336 2247 Germanice
1364 2207 1489 2258 igitur
1524 2205 1707 2245 dixeris:
1747 2204 1931 2244 dieses

1085 2265 1163 2303 sei
1190 2265 1315 2303 aber
1345 2263 1470 2303 eben
1501 2274 1636 2314 ganz
1659 2260 1928 2308 dasselbe3

1087 2321 1221 2360 deun
1279 2319 1370 2359 wir
1436 2316 1774 2358 vermiichten
1841 2327 1935 2365 aus

1087 2375 1373 2416 Schwache
1395 2374 1497 2414 und
1520 2371 1931 2424 Schwerfallig-

1086 2432 1464 2473 keitnichtbis
1498 2442 1586 2469 zur
1616 2431 1932 2469 aussersten

1087 2486 1811 2554 Lufthindurchzudringeu.
1825 2483 1935 2525 Scri-

1087 2546 1274 2586 bendum
1305 2553 1445 2584 autem
1476 2536 1588 2584 τόδε
1618 2537 1671 2583 δε
1703 2536 1848 2589 εἶναι,
1882 2540 1935 2580 de

1088 2614 1171 2655 quo
1196 2615 1236 2645 v
1258 2613 1355 2641 ann.
1379 2600 1434 2641 ad
1454 2598 1706 2663 Euthydem.
1733 2611 1772 2650 p.
1785 2597 1933 2639 291Α.

1143 2659 1192 2700 Ε.
1227 2648 1408 2704 οὕτως
1450 2647 1519 2696 ἅν
1559 2667 1693 2695 τινα
1733 2646 1934 2694 καὶτὰ

1090 2708 1222 2756 εκεῖ
1249 2711 1315 2768 κ,]
1346 2714 1421 2753 His
1455 2719 1704 2776 repetuntur
1734 2715 1830 2763 post
1856 2720 1936 2762 pa-

1088 2770 1306 2812 renthesin
1353 2769 1572 2825 superiora
1620 2765 1937 2820 perspicuitatis

1091 2840 1234 2869 causa.
1275 2826 1392 2874 Quae
1432 2816 1601 2876 quidem
1638 2823 1806 2864 liberior
1840 2833 1936 2862 ora-

1091 2885 1218 2925 tionis
1243 2881 1521 2923 conformatio
1545 2891 1790 2920 sermonum
1813 2885 1933 2918 natu-

1091 2953 1164 2980 rae
1193 2946 1232 2979 et
1261 2938 1394 2979 indoli
1422 2936 1824 2978 convenientissima
1858 2941 1938 2973 est.

1092 2996 1387 3036 Proximorum
1445 2995 1669 3034 verborum
1729 2990 1937 3031 sententia

1091 3053 1295 3093 haecest:
1314 3064 1362 3097 si
1384 3058 1574 3090 natura
1598 3056 1775 3088 nostra
1797 3046 1937 3085 ferre

1092 3115 1280 3162 posset
1307 3120 1504 3154 eorum,
1536 3116 1668 3156 quae
1700 3104 1752 3141 in
1786 3100 1938 3142 coelo

1094 3174 1251 3217 atque
1309 3165 1362 3204 in
1422 3172 1593 3203 terrae
1641 3156 1938 3212 superficie

1096 3230 1239 3273 sunt,
1263 3226 1607 3273 conspectum
1639 3219 1939 3255 6113οη16111-

1094 3277 1404 3340 piationem
1427 3288 1468 3316 v.
1491 3271 1666 3312 Matth.
1685 3271 1732 3335 ξ.
1757 3271 1853 3310 550.

1151 3334 1198 3376 P.
1222 3335 1315 3376 110.
1350 3323 1453 3385 ἥδε
1493 3325 1595 3383 μὲν
1635 3321 1737 3380 γὰρ
1778 3320 1806 3378 ἠ
1850 3320 1937 3378 γῆ]

1096 3389 1137 3432 h.
1164 3402 1200 3429 6.
1222 3390 1491 3429 namistae
1512 3395 1775 3425 cavernae
1798 3381 1942 3422 orbis

1095 3453 1381 3496 terrarum,
1419 3445 1468 3483 in
1506 3441 1699 3492 quibus
1729 3450 1822 3479 nos
1852 3436 1941 3476 ha-
