2158 3718
406 184 445 220 L
1025 182 1471 222 PROLEGOMENA

404 309 622 380 qualem
668 309 823 363 finxit
869 308 1287 379 Aristophanes,
1342 311 1591 366 coelestia
1642 328 1706 364 ac
1761 310 2100 366 subterranea

404 381 551 435 inani
588 399 757 453 opera·
786 379 1161 451 perscrutanti,
1199 380 1255 433 in
1281 380 1568 453 Symposio
1604 382 1890 453 opponitur
1923 381 2097 453 philo-

404 452 629 524 sophu8‚
667 451 760 521 qui
796 450 1020 521 primm,
1058 459 1119 503 ut
1155 450 1232 503 ait
1257 449 1464 518 Cicero,
1502 452 1890 523 philosophiam
1927 454 2100 525 coegit

402 523 471 576 de
506 522 618 576 vita
654 532 706 575 et
742 521 995 585 moribus,
1033 520 1194 574 rebus
1229 521 1385 576 bonis
1421 533 1473 576 et
1506 524 1678 588 malis,
1716 541 1972 594 quaerere
2003 525 2097 578 de-

402 602 748 661 vocatamque
794 610 823 644 e
861 593 1008 646 coelo
1052 591 1109 644 in
1153 590 1376 646 urbibus
1414 594 1691 649 collocavit
1736 604 1787 647 et
1821 595 1877 647 in
1914 595 2099 648 domos

402 665 560 718 etiam
604 661 915 716 introduxit.
988 661 1242 716 Ceterum
1289 663 1666 736 Aristophanis
1715 665 1899 719 fabula
1941 667 2099 719 etiam

401 733 578 788 verbis
627 732 840 786 disertis
887 742 1213 786 memoratur
1243 753 1298 805 p.
1334 737 1454 788 221.
1488 736 1559 788 A.
1593 736 1694 800 B..
1723 736 1816 789 ubi
1855 735 2101 790 Socrates

403 805 598 858 dicitur
644 803 701 856 in
748 804 882 875 fuga
924 813 1049 875 post
1092 823 1332 877 pugnam
1378 807 1447 858 ad
1495 806 1716 860 Delium
1763 808 2100 861 commissam

402 876 586 944 utique
624 875 916 945 superbum
939 875 1090 928 illum
1115 885 1274 945 atque
1299 894 1520 947 gravem
1547 896 1789 931 servasse
1812 878 2099 942 incessum,

399 946 492 1015 qui
539 954 792 1017 tangatur
838 945 896 998 in
938 945 1204 1000 Nubibus.
1265 946 1556 1001 Enimvero
1593 947 1879 1002 Alcibiade
1925 950 2101 1002 iudice

399 1017 642 1070 incessus
667 1016 767 1069 ille
807 1017 1174 1087 spectantibus
1209 1036 1317 1072 non
1342 1019 1491 1072 visus
1517 1028 1598 1071 est
1622 1019 1965 1084 deridiculus,
2006 1020 2102 1073 sed

401 1087 700 1140 certissimo
737 1098 1052 1158 argumento
1090 1088 1194 1141 fuit
1228 1088 1286 1140 in
1331 1089 1452 1143 talis
1491 1089 1591 1143 viri
1627 1091 1804 1144 animo
1842 1109 2100 1144 summam

401 1158 642 1211 habitare
667 1158 1050 1224 fortitudinem,
1071 1159 1391 1232 gravitatem
1406 1169 1576 1230 atque
1595 1161 1961 1214 constantiam.
1985 1161 2099 1215 De-

330 1242 332 1244 ’
402 1229 565 1298 nique
604 1248 671 1282 ex
706 1228 1007 1283 Alcibiadis
1044 1230 1284 1283 oratione
1324 1231 1483 1285 etiam
1518 1231 1650 1284 illud
1688 1249 2012 1304 cognoscere
2049 1241 2102 1285 et

401 1299 701 1372 intelligere
737 1300 880 1364 licet,
919 1300 1012 1370 qui
1050 1302 1264 1355 tandem
1299 1301 1416 1355 fieri
1451 1302 1704 1373 potuerit,
1741 1313 1803 1356 ut
1833 1304 1955 1357 talis
1981 1312 2099 1356 tan-

405 1381 598 1440 tusque
635 1371 719 1423 vir
743 1371 1036 1424 calumniae
1058 1372 1199 1426 latus
1223 1373 1518 1443 praeberet.
1554 1373 1677 1428 Non
1709 1373 1936 1427 obscure
1962 1374 2101 1427 enim

400 1442 489 1495 ille
525 1441 759 1495 ostendit
793 1441 1046 1496 habuisse
1090 1443 1333 1514 profecto
1371 1441 1608 1498 Socratis
1646 1463 1856 1498 omnem
1883 1445 2100 1499 vivendi

402 1512 720 1582 dicendique
757 1513 1018 1566 rationem
1051 1515 1246 1566 mirum
1282 1514 1538 1584 quiddam
1576 1523 1628 1567 et
1660 1515 1910 1581 insolens,
1958 1516 2100 1586 quod

404 1584 519 1636 fieri
556 1602 664 1636 non
699 1583 872 1654 possit
908 1585 1037 1653 quin
1065 1585 1358 1639 absurdum
1382 1594 1434 1638 et
1455 1585 1696 1656 ineptum
1718 1586 1964 1640 videatur
1987 1588 2099 1640 cui-

439 1674 508 1707 ue
531 1654 732 1707 homini
756 1655 967 1726 vulgari
993 1664 1046 1709 et
1080 1675 1112 1708 a
1136 1656 1474 1727 philosophia
1498 1657 1686 1710 alieno.
1724 1657 1905 1728 Atque
1943 1658 2098 1711 talem

451 1727 560 1779 lato
584 1724 795 1778 videtur
815 1726 973 1778 etiam
996 1726 1414 1798 Aristophanem
1438 1727 1607 1781 videri
1632 1727 1878 1793 voluisse,
1913 1747 2101 1798 quam-

403 1815 565 1864 quam
604 1797 833 1848 eundem
868 1797 1046 1867 paullo
1081 1806 1204 1850 ante
1239 1798 1533 1852 nominavit
1564 1799 1702 1852 inter
1726 1808 1989 1853 amatores
2015 1819 2100 1852 sa-

408 1866 657 1937 pientiae.
698 1866 916 1938 Quippe
953 1868 1103 1921 istud
1138 1869 1352 1939 quidem
1388 1888 1497 1922 non
1532 1870 1659 1923 fecit
1685 1889 1752 1923 ex
1776 1871 1969 1935 animo,
2009 1871 2101 1923 sed

402 1936 604 1990 ironice
641 1937 726 1991 vel
761 1937 1162 1992 benevolentiae
1199 1940 1497 2011 captandae
1535 1960 1740 1994 caussa.
1783 1940 1943 1995 Certe
1980 1943 2099 2012 qui-

402 2008 526 2062 dem
559 2008 707 2062 nulla
742 2028 969 2078 usquam
1006 2010 1245 2064 sincerae
1281 2030 1412 2084 erga
1448 2030 1570 2065 eum
1593 2011 1994 2066 benevolentiae
2017 2013 2099 2065 in-

403 2078 545 2132 dicia
581 2087 635 2131 et
670 2089 986 2150 argumenta
1020 2081 1442 2153 reperiuntur*).

473 2149 658 2219 Atque
694 2150 827 2203 haec
861 2151 1076 2220 quidem
1111 2153 1289 2206 omnia
1325 2153 1371 2207 si
1407 2172 1531 2207 vere
1568 2162 1660 2207 aut
1697 2155 1879 2208 saltem
1905 2153 2100 2225 proba-

402 2219 581 2278 biliter
617 2221 891 2291 disputata
939 2233 1080 2287 sunt,
1129 2233 1274 2278 certe
1321 2244 1430 2278 non
1476 2225 1708 2295 amplius
1745 2225 1967 2279 dubium
2004 2225 2102 2279 erit

403 2300 496 2344 aut
531 2300 944 2358 controversum,
984 2312 1268 2364 quamnam
1304 2314 1587 2367 personam
1622 2295 2012 2367 Aristophanes
2047 2297 2100 2348 in

405 2360 696 2433 Symposio
740 2362 1019 2417 Platonico
1068 2366 1343 2420 sustineat.
1415 2365 1632 2419 Etenim
1678 2368 1791 2440 agit
1840 2367 1927 2421 ille
1976 2387 2099 2420 sane

443 2441 586 2486 artes
621 2443 811 2504 poetae
838 2435 1027 2488 comici
1054 2439 1248 2508 arguti,
1287 2437 1484 2502 festivi,
1521 2439 1835 2507 eloquentiS,
1874 2440 2098 2492 venusti.

451 2504 518 2558 ed
555 2513 762 2558 tantum
798 2504 967 2571 abest,
1006 2516 1066 2559 ut
1102 2509 1150 2561 ei
1185 2508 1404 2562 interior
1439 2509 1702 2579 quaedam
1726 2509 1988 2562 tribuatur
2014 2528 2099 2562 sa-

404 2575 625 2646 pientia,
673 2575 811 2629 sicut
847 2577 1018 2630 doctis
1057 2577 1378 2646 quibusdam
1414 2579 1545 2633 viris
1582 2599 1753 2651 nuper
1790 2581 1965 2633 visum
2002 2589 2101 2641 est,

404 2653 465 2698 ut
500 2646 604 2698 alia
641 2646 817 2699 omnia
852 2666 980 2700 vera
1017 2648 1313 2702 videantur.
1375 2648 1518 2702 Nam
1561 2650 1687 2703 licet
1722 2661 2011 2720 puerorum
2048 2661 2102 2704 et

403 2716 820 2769 adolescentium
865 2736 1097 2771 amorem
1140 2719 1420 2771 honestum
1466 2729 1670 2772 tantum
1719 2729 1878 2790 atque
1913 2721 2098 2777 lauda-

406 2784 568 2838 bilem
605 2786 813 2855 probet,
853 2787 1010 2848 sicuti
1036 2789 1197 2841 ceteri
1222 2789 1381 2842 etiam
1405 2799 1638 2843 oratores
1664 2790 1884 2855 faciunt,
1923 2802 2099 2849 tamen

406 2855 474 2908 de
510 2855 761 2909 universo
798 2857 995 2910 amoris
1031 2876 1229 2928 genere
1267 2860 1529 2914 sententia
1563 2861 1678 2914 eius
1709 2862 1995 2916 admodum
2019 2872 2101 2915 est
2150 2844 2158 2917 l

404 2925 612 2980 lubrica
647 2935 702 2980 et
737 2927 989 3001 ambigua
1021 2947 1194 2999 neque
1229 2931 1343 2986 fere
1378 2931 1519 2987 ultra
1540 2930 1821 3004 physicam
1843 2934 2099 2988 rationem
2148 2949 2158 3021 ξ

461 3139 507 3193 ·)
550 3143 800 3184 Tenendum
838 3146 1012 3186 omnino
1051 3153 1116 3187 est
1158 3159 1235 3188 nec
1270 3148 1495 3189 Platonem
1538 3149 1582 3189 in
1621 3150 1818 3201 operibus
1855 3151 1940 3191 suis
1976 3150 2095 3202 quid·
2146 3133 2158 3174 ⁴

549 3211 677 3252 quam
704 3200 935 3253 prodidisse
967 3203 1017 3242 de
1046 3204 1334 3256 Aristophane
1363 3219 1441 3246 nec
1467 3206 1803 3259 Aristophanem
1834 3208 1885 3247 dc
1903 3207 2095 3252 Platone,
2146 3256 2148 3258 ,

547 3257 659 3296 unde
690 3257 741 3297 de
771 3270 916 3298 eorum
945 3261 1251 3302 necessitudine
1281 3263 1441 3314 aliquid
1471 3263 1616 3314 colligi
1645 3263 1782 3310 liceat,
1819 3270 1867 3304 ut
1901 3263 2006 3304 alter
2034 3264 2095 3304 al·

547 3310 682 3353 terum
712 3321 820 3355 certe
848 3327 934 3355 non
963 3323 1011 3355 ut
1040 3317 1223 3360 amicum
1263 3319 1460 3361 dilexisse
1495 3319 1696 3361 videatur.
1746 3319 1855 3362 Nam
1887 3319 2093 3361 Thesmo-

545 3369 822 3422 phorianusae
851 3371 958 3412 nihil
988 3375 1042 3415 ad
1069 3374 1306 3417 Platonem.
