2158 3718
381 164 481 215 182
953 158 1489 212 PRAEFATIO

379 305 448 357 E.
471 335 524 342 -—-
555 305 638 356 51.
680 303 795 370 D).
871 302 997 370 Qua
1036 302 1242 354 ratione
1279 310 1568 373 postquam
1619 300 1953 354 declaratum
1990 307 2073 354 est

381 375 664 431 Socratem
713 375 845 447 fuga
902 372 1242 444 capessenda
1299 373 1422 426 ideo
1472 372 1824 425 iniustissime
1886 378 2074 424 contra

381 446 772 517 rempublicam
821 464 938 499 esse
988 445 1284 513 facturum,
1350 444 1479 514 quia
1531 444 1747 514 ingrato
1797 449 1851 495 et
1907 442 2072 514 impio

383 518 563 571 animo
614 517 824 588 patriae
875 516 1105 568 salutem
1165 516 1523 569 subversurus
1574 517 1676 582 sit,
1744 533 1882 583 quae
1931 520 2075 567 certe

384 591 500 644 sine
550 589 732 659 legum
783 588 1108 640 auctoritate
1158 588 1310 639 salva
1359 596 1502 639 stare
1541 595 1596 639 et
1630 585 1917 639 incolumis
1954 603 2075 656 per-

384 679 600 714 manere
639 679 748 712 non
786 660 977 729 possit,
1019 657 1214 710 deinde
1253 659 1358 711 alio
1387 677 1604 727 quoque
1642 658 1859 710 nomine
1896 657 2077 726 ipsum

384 731 679 784 iniustitiae
719 731 929 782 crimini
971 729 1264 782 obnoxium
1305 730 1421 782 fore
1460 728 1793 796 ostenditur,
1833 725 2078 797 quando-

387 801 605 872 quidem
657 802 818 854 etiam
866 801 1126 871 perfidiae
1167 800 1383 870 culpam
1420 801 1491 853 sit
1527 801 1583 852 in
1622 819 1678 852 re
1720 798 2076 865 admissurus,

387 874 562 943 ruptis
610 874 786 943 pactis
834 883 888 925 et
937 872 1277 937 foederibus,
1329 891 1468 940 quae
1519 871 1658 924 ultro
1699 890 1821 924 cum
1859 869 2079 922 civitate

387 946 584 998 inierit.
658 944 746 996 De
787 964 894 1013 qua
930 964 987 996 re
1027 945 1208 1015 Leges
1249 943 1414 1012 (inde.
1441 963 1472 995 a
1509 963 1561 1013 p.
1603 945 1689 995 51.
1730 939 1776 993 C
1815 941 1963 1010 sqq.)
2001 939 2080 993 sic

385 1017 499 1069 fere
557 1015 982 1069 sermocinantes
1031 1015 1380 1068 inducuntur.
1472 1015 1706 1067 Monent
1761 1012 1903 1064 enim
1971 1011 2082 1082 pri·

388 1108 565 1148 mum,
623 1088 716 1156 qui
753 1086 883 1155 fiat,
935 1095 997 1140 ut
1036 1088 1180 1140 cives
1220 1105 1343 1139 cum
1379 1086 1602 1138 civitate
1642 1071 1864 1155 pactum
1897 1083 2082 1136 iniisse

389 1157 735 1212 existimandi
774 1159 900 1212 sint.
986 1159 1129 1212 Nam
1182 1158 1476 1227 unicuique
1528 1155 1948 1209 Atheniensium
1983 1173 2084 1224 pu-

394 1231 530 1284 blice
579 1230 901 1300 permissum
951 1249 1069 1283 esse
1118 1236 1466 1296 asseverant,
1528 1235 1590 1280 ut
1637 1226 1871 1299 cognitis
1917 1226 2083 1290 ‚rebus

390 1302 646 1371 publicis,
687 1301 733 1354 si
772 1321 878 1370 qua
914 1301 1024 1371 ipsi
1061 1301 1254 1353 civitas
1294 1299 1598 1370 displiceat,
1639 1298 1882 1353 collectis
1919 1296 2082 1350 rebus

392 1374 504 1426 suis
542 1373 740 1444 migret
775 1391 1102 1442 quocunque
1141 1373 1438 1442 placuerit3
1478 1371 1724 1440 quisquis
1762 1375 1943 1421 autem
1980 1367 2087 1420 ista

393 1443 706 1498 conditione
751 1443 893 1496 ultro
955 1458 1119 1512 atque
1172 1450 1366 1514 sponte
1413 1442 1468 1494 in
1510 1442 1688 1512 patria
1747 1438 2085 1506 remanserit,

394 1535 514 1569 eum
552 1523 775 1568 censent
822 1535 879 1567 re
930 1516 1048 1585 ipsa
1097 1534 1220 1568 cum
1257 1514 1477 1567 civitate
1517 1520 1678 1582 atque
1714 1512 1928 1584 legibus
1967 1518 2087 1563 tan-

395 1606 557 1658 quam
596 1586 791 1639 foedus
826 1586 1014 1640 iniisse
1054 1594 1217 1655 atque
1256 1584 1620 1656 spopondisse
1666 1584 1805 1638 velle
1844 1602 1903 1636 se
1940 1583 1958 1635 i
2001 1601 2087 1635 sa-

394 1679 513 1712 rum
561 1658 789 1728 imperio
837 1658 1092 1729 religiose
1135 1676 1326 1728 parere
1379 1664 1434 1709 et
1471 1657 1860 1726 obtemperare.
1935 1602 2088 1721 (ΞΗΟ-

397 1731 541 1783 circa
592 1749 714 1781 eum
762 1729 1028 1800 perfidum
1081 1736 1136 1781 et
1173 1727 1539 1799 foedifragum
1577 1747 1696 1780 esse
1735 1726 2087 1792 arbitrantur,

398 1802 491 1870 qui
528 1801 635 1854 illis
674 1801 1005 1871 refragetur,
1055 1799 1220 1869 idque
1273 1807 1428 1851 tanto
1476 1799 1679 1852 rectius
1729 1799 1807 1850 ita
1860 1796 2090 1850 iudicari

397 1874 566 1938 aiunt,
609 1871 757 1941 quod
792 1871 1030 1942 ipsarum
1066 1870 1294 1941 imperia
1331 1890 1439 1923 non
1477 1888 1642 1922 saeva
1678 1870 1788 1923 sint
1824 1877 1919 1921 aut
1956 1867 2092 1922 dura

399 1951 454 1996 et
487 1943 811 2011 inhumana,
852 1943 950 1996 sed
983 1943 1127 1996 lenia
1166 1951 1219 1995 et
1254 1949 1568 2010 mansueta,
1621 1949 1684 1993 ut
1721 1939 1859 1993 adeo
1900 1939 2090 1992 civita-

397 2023 508 2068 tem
544 2014 735 2083 liceat,
789 2014 836 2067 si
875 2034 984 2084 qua
1023 2033 1159 2085 opus
1196 2014 1296 2081 sit,
1346 2014 1568 2066 meliora
1615 2011 1843 2065 edocere
1884 2011 1962 2082 (p.
2004 2014 2089 2064 51.

401 2085 465 2140 C.
506 2118 576 2125 --
616 2088 698 2138 52.
739 2086 855 2154 A.).
942 2085 1099 2153 Quae
1149 2084 1368 2154 quidem
1417 2089 1596 2137 omnia
1633 2084 1718 2137 vel
1769 2082 2000 2135 maxime
2035 2081 2092 2133 in

403 2158 684 2213 Socratem
709 2157 999 2210 convenire
1037 2156 1385 2224 arbitrantur,
1429 2156 1631 2225 quippe
1671 2155 1766 2224 qui
1790 2153 2093 2206 Athenien-

402 2249 513 2283 sem
552 2229 827 2282 civitatem
876 2236 989 2281 tam
1038 2233 1355 2281 constanter
1404 2226 1636 2280 coluerit
1690 2234 1745 2279 et
1779 2245 1879 2296 pro
1917 2224 2095 2296 patria

403 2320 504 2354 sua
539 2300 857 2372 agnoverit,
896 2306 958 2352 ut
994 2306 1259 2372 perpetuo
1294 2298 1350 2351 in
1385 2318 1449 2350 ea
1484 2298 1832 2365 habitaverit,
1869 2315 1939 2349 ne
1975 2314 2095 2349 sus-

403 2372 564 2443 cepta
612 2370 830 2441 quidem
880 2390 1117 2441 unquam
1173 2370 1506 2422 diuturniore
1556 2370 1738 2439 aliqua
1785 2367 2096 2439 peregrina-

402 2445 552 2497 tione
587 2442 833 2512 adeoque
871 2461 973 2496 nec
1010 2442 1066 2494 in
1103 2441 1305 2494 iudicio
1342 2441 1491 2493 litem
1531 2460 1683 2494 suam
1720 2440 1881 2492 exilio
1933 2439 2096 2491 aesti-

403 2535 549 2568 mare
588 2513 821 2567 voluerit
864 2515 942 2583 (p.
983 2515 1069 2566 52.
1110 2514 1164 2565 A
1189 2544 1256 2550 -—
1284 2514 1367 2565 53.
1399 2511 1512 2580 A.).
1553 2543 1622 2550 -—
1692 2510 1812 2562 Iam
1846 2529 1976 2563 vero
2013 2510 2096 2561 in-

405 2586 617 2639 iustitia
654 2603 718 2637 ac
755 2583 1094 2654 turpitudine
1134 2584 1297 2654 fugae
1337 2582 1705 2635 demonstrata
1756 2581 1938 2653 Leges
1979 2599 2096 2633 eam

407 2658 569 2710 etiam
610 2655 856 2708 inutilem
903 2662 1067 2724 atque
1116 2656 1332 2707 noxiam
1383 2654 1498 2706 fore
1558 2651 1871 2707 ostendunt.
1952 2651 2098 2705 Nam

405 2727 744 2782 necessarios
797 2725 1018 2795 quidem
1073 2745 1134 2779 ac
1185 2725 1474 2778 familiares
1523 2725 1691 2795 ipsius
1750 2723 2098 2796 gravissima-

406 2819 525 2852 rum
567 2816 865 2869 poenarum
900 2797 1144 2868 periculo
1183 2797 1449 2850 obnoxios
1487 2796 1701 2850 futuros
1740 2814 1859 2848 esse
1899 2796 1977 2867 (p.
2010 2795 2096 2847 53.

406 2871 532 2939 B.);
587 2870 763 2939 ipsum
800 2888 966 2938 porro
1005 2876 1067 2921 ut
1100 2869 1281 2940 legum
1318 2874 1688 2939 corruptorem
1724 2867 1923 2920 exteris
1961 2885 2098 2935 quo-

409 2961 543 3012 que,
595 2940 792 3009 quibus
830 2940 1009 3009 patria
1045 2959 1143 2993 sua
1175 2958 1301 2992 cara
1340 2940 1438 3007 sit,
1500 2947 1812 3011 suspectum
1859 2945 1914 2990 et
1958 2938 2100 2991 invi-

409 3033 526 3067 sum
564 3011 677 3064 fore
717 3010 950 3081 ideoque
989 3019 1236 3065 coactum
1280 3011 1349 3063 iri
1397 3011 1474 3064 ibi
1521 3009 1718 3083 degere
1754 3010 1952 3078 vitam,
2003 3009 2099 3063 ubi

409 3082 642 3137 maxima
689 3091 883 3154 regnet
928 3103 1137 3136 morum
1182 3082 1433 3151 licentia,
1487 3081 1728 3154 indignis
1778 3089 1833 3134 et
1869 3080 2097 3133 abiectis

409 3153 586 3207 modis
623 3153 734 3206 illic
773 3173 895 3207 cum
934 3154 1052 3208 aliis
1090 3161 1498 3208 conversantem
1537 3154 1616 3223 (p.
1656 3154 1741 3206 53.
1779 3152 1827 3204 B
1865 3183 1938 3191 —
1972 3151 2098 3222 E.);

410 3226 611 3279 liberos
650 3223 882 3294 denique
931 3226 988 3279 in
1035 3233 1231 3280 terram
1284 3225 1626 3297 peregrinam
1671 3242 1782 3276 una
1817 3242 1940 3276 cum
1974 3223 2098 3293 ipso

412 3295 679 3350 abductos
715 3296 953 3350 melioris
993 3297 1330 3350 educationis
1360 3296 1476 3350 fore
1499 3301 1774 3366 expertes;
1813 3294 1870 3346 in
1907 3295 2100 3347 Attica

412 3375 591 3422 autem
627 3366 864 3436 relictos,
904 3368 999 3422 ubi
1036 3369 1180 3423 iusto
1216 3367 1378 3421 modo
1414 3386 1643 3439 poenam
1677 3383 1971 3436 perpessus
2007 3366 2095 3430 sit,
