2158 3718
313 106 736 162 APOLOGIA
776 105 1171 161 SOCRATIS.
1226 105 1288 157 P.
1334 106 1419 158 30.
1462 105 1543 160 St.
1705 105 1801 157 115)

104 258 351 335 βλάψετε
380 280 414 323 η
439 254 586 326 ὑμᾶς
618 252 840 318 αὐτούς
869 259 957 324 ἐμὲ
984 258 1085 325 μὲν
1114 276 1221 325 γαρ
1237 253 1399 308 οὐδὲν
1431 250 1504 308 ἂν
1534 253 1804 327 βλάψειεν

106 339 232 397 οὔτε
248 338 653 407 Μέλητος-οὔτέ
654 336 897 403 Ανυτος.
926 339 1055 395 οὐδὲ
1079 336 1188 410 γὰρ
1213 334 1286 392 ἂν
1310 336 1666 393 humeto-01)
1697 336 1805 409 ράρ
1873 383 1876 386 .

105 427 297 497 οἴομαι
361 420 604 493 θεμιτὸν
666 422 807 477 εἶναι
863 423 1115 494 ἀμείνονι
1173 423 1334 495 ἀνδρα
1396 420 1505 478 ὑπὸ
1559 428 1806 494 χείρονος
1842 420 1897 471 D

102 508 478 581 βλάπτεσθαι.
523 506 861 563 ἀποκτείνειε
905 506 1043 578 μέντ’
1096 504 1168 561 ἂν
1213 507 1364 571 ἰ’σως,
1416 503 1449 573 ἢ
1498 505 1807 572 ἑξελοέσειεν,

103 593 138 662 ἢ
185 593 522 664 ἀτιμάσειεν.
567 590 710 645 α’λλὰ
762 595 939 646 ταῦτα
986 585 1150 656 οὗτος
1193 595 1293 661 μὲν
1338 592 1463 655 ἰ’σως
1506 595 1680 646 οἴεται
1717 602 1809 644 και

103 677 272 744 ἄλλος
315 682 396 741 τίς
434 696 543 731 που
587 674 796 746 μεγάλα
841 675 998 740 κακά,
1043 674 1143 745 ἐγώ
1190 674 1231 730 δ’
1286 675 1386 730 οὐκ
1429 672 1805 745 οἴομαι,άλλοὶ

103 762 245 818 πολὺ
292 764 508 829 μᾶλλον
553 770 730 814 ποιεῖν
773 757 809 814 ἃ
856 753 1022 825 οὗτος
1065 763 1184 814 νυνὶ
1232 771 1410 823 ποιεῖ,
1457 756 1653 833 ἄνδρα,
1691 758 1811 813 ἀδί-

102 869 208 910 κως
250 852 535 917 ἐπιχειρεῖν
579 843 998 899 ἀποκτιννύναι.
1040 848 1143 898 νῦν
1175 836 1292 908 οὖν,
1337 836 1377 897 ὦ
1407 841 1809 915 ἄνδρεςἈῦ·η-

103 942 284 1001 ναῖοι,
353 932 563 985 πολλοῦ
609 932 705 983 δέω
752 927 849 997 ἐγώ
909 926 1046 999 ὑπὲρ
1097 930 1337 997 ἐμαυτοῦ
1375 927 1807 995 ἀπολογεῖσθαι,

103 1013 176 1079 ὥς
218 1036 298 1079 τις
342 1013 417 1068 ἂν
463 1013 654 1075 οἴοιτο,
694 1010 806 1065 ἀλλ’
857 1010 993 1079 ὑπὲρ
1038 1009 1212 1081 ὑμῶν,
1252 1009 1329 1081 μή
1379 1033 1432 1065 τι
1471 1010 1809 1083 ἐξαμάρτητε

220 1123 270 1163 D.
331 1136 392 1164 ου
424 1118 521 1175 γὰρ
557 1122 774 1174 οἴομαι]
838 1121 892 1161 V.
934 1113 1073 1171 οἶμαι,
1114 1122 1262 1161 contra
1306 1119 1434 1162 fidem
1469 1121 1727 1174 optimorum
1770 1126 1813 1161 et

101 1179 382 1247 ‘plurimorum
415 1179 629 1221 codicum.

219 1229 384 1278 οὗτος
420 1235 513 1287 μὲν
556 1236 712 1288 ἴσως]
778 1235 822 1277 V.
866 1233 941 1286 μὲι
978 1236 1150 1286 aberat,
1190 1233 1304 1286 quod
1348 1234 1498 1287 optimi
1529 1235 1687 1287 quique
1719 1235 1813 1276 libri

103 1295 449 1338 constantissime
479 1300 662 1335 tuentur.
724 1293 975 1334 Omiserunt
1006 1300 1148 1334 tamen
1181 1305 1324 1334 rursus
1361 1292 1638 1343 'luricenses,
1672 1293 1811 1334 nesci-

103 1366 201 1396 mua
232 1365 324 1397 cur.
351 1389 353 1395 2

217 1409 283 1464 μή
324 1426 368 1451 τι
409 1406 775 1462 ἐξαμάρτητε]
840 1409 895 1446 V.
930 1422 965 1447 τι
1007 1407 1180 1458 deerat,
1221 1406 1337 1459 quod
1382 1407 1530 1461 optimi
1567 1405 1723 1457 codd,
1766 1411 1814 1447 ut

102 1469 230 1511 Bodl.
261 1470 363 1510 Vnt.
398 1469 509 1508 Ven.
550 1468 590 1508 b.
627 1466 748 1509 vind.
780 1464 839 1515 4.,
870 1465 1163 1507 reddiderunt.

103 1597 208 1626 vero
257 1596 360 1624 vere
402 1582 559 1622 Cicero
607 1581 834 1621 Socratem
881 1594 907 1621 a

102 1641 292 1682 Platone
333 1642 378 1682 in
432 1640 597 1680 iudicio
643 1640 797 1691 capitis
843 1640 906 1679 ita

102 1700 322 1740 introduci
357 1711 557 1739 caussam
603 1709 725 1737 suam
757 1697 905 1737 defen·

103 1759 278 1799 dentem
307 1757 568 1805 arbitratur,
605 1761 654 1794 ut
682 1768 772 1794 non
803 1768 903 1807 sup·

102 1816 203 1868 plex
234 1821 310 1855 aut
339 1827 456 1864 reus,
491 1813 570 1853 sed
595 1813 806 1864 magister
829 1817 905 1853 aut

104 1873 308 1914 dominus
340 1872 543 1913 videatur
571 1871 778 1912 iudicum.

161 1987 218 2027 D.
287 1982 347 2028 οὐ
394 1983 495 2039 γὰρ
538 1986 721 2035 οἴομαι
751 1984 900 2035 θεμι-

106 2042 198 2085 τὸν
228 2037 400 2097 εἶναι]
433 2045 476 2084 h.
497 2057 533 2084 e.
566 2055 734 2095 neque
763 2045 901 2084 enim

103 2103 326 2155 legibus
369 2102 581 2142 divinis
617 2106 905 2142 comenta-

103 2172 262 2201 neum
304 2172 424 2202 esse
471 2172 530 2199 ne
570 2158 701 2199 fieri
733 2171 909 2209 posse

103 2223 259 2272 put03
276 2231 313 2260 v.
318 2217 372 2258 nd
392 2230 432 2268 p.
445 2217 514 2260 21.
525 2216 579 2256 Β.
592 2216 689 2258 coll.
703 2214 907 2284 Xenoph.

106 2276 270 2316 Oecon.
300 2275 364 2326 11,
393 2273 421 2317 5
451 2280 493 2315 et
512 2274 583 2317 11.
615 2266 909 2323 Deindeolpec'·

106 2347 201 2372 tom
229 2327 353 2383 ἀνδρὶ
384 2333 547 2372 dictum
577 2338 644 2372 est
673 2344 754 2382 pro
787 2332 908 2382 vulg.

104 2386 262 2441 ἀμείνω
303 2387 461 2461 ἄνδρα,
510 2390 613 2441 quia
661 2389 769 2428 haec
814 2402 910 2429 cuni

105 2444 287 2499 θεμιτὸν
316 2441 426 2488 εἶπαι
455 2447 643 2494 conium
631 2451 794 2486 untur.
837 2452 909 2486 At-

103 2507 334 2548 traetionis
382 2518 519 2557 genus
576 2491 633 2544 ad
680 2503 803 2555 Gorg
869 2517 913 2557 p.

106 2565 203 2608 513.
236 2563 290 2604 E.
319 2564 444 2616 Reip.
478 2563 559 2608 ΙΙΙ,
591 2575 634 2614 p.
664 2551 762 2605 407.
797 2561 846 2601 C.
883 2564 910 2602 Ι.

106 2637 148 2675 p.
180 2620 278 2665 342.
319 2621 372 2661 Β.
416 2621 606 2661 Phaedr.
647 2633 688 2672 p.
720 2618 818 2663 242.
860 2619 912 2660 B.

105 2680 436 2721 illustravimus.
480 2683 700 2718 ‘fetorum
741 2683 913 2718 senten-

107 2739 214 2778 tiam
243 2736 664 2789 praestantissimam
689 2736 813 2775 multi
835 2748 913 2787 po·

109 2801 204 2836 stea
222 2795 508 2837 celebrarunt.
542 2794 730 2833 maxime
751 2792 914 2834 Stoici:

108 2867 149 2893 v.
162 2851 192 2893 S
206 2864 267 2892 en
281 2865 304 2891 e
316 2865 373 2892 ea
385 2852 452 2891 De
464 2851 695 2891 Constant.
710 2864 744 2893 c,
758 2852 796 2894 7,
812 2851 853 2891 D
870 2867 916 2891 a·

109 2911 295 2951 visius
332 2911 388 2949 ad
429 2909 536 2948 Cic.
576 2908 645 2948 De
675 2908 732 2948 N.
763 2909 819 2950 D.
853 2909 916 2948 H.

110 2967 181 3012 66.
203 2967 385 3007 Maxim.
413 2967 517 3019 Tyr.
540 2965 601 3007 ΙΙ.
628 2979 669 3017 p.
689 2965 758 3010 24.
775 2966 918 3018 wyt-

109 3025 359 3065 tenbaeh.
390 3025 446 3065 ad
478 3024 595 3064 Plut.
615 3023 730 3064 Mor.
747 3038 790 3077 p.
809 3023 911 3068 475.

110 3083 163 3124 E.
195 3081 444 3124 Fischer.
473 3081 531 3122 ad
559 3081 601 3123 h.
634 3081 662 3120 l.
696 3105 742 3111 -—
806 3082 916 3122 Mox

111 3135 377 3180 ἀποκτείνειν
413 3152 565 3182 rursus
606 3145 672 3179 est
700 3139 916 3190 faeere,

111 3205 170 3238 ut
227 3198 351 3249 quis
410 3203 581 3239 morte
630 3197 920 3238 damnetur

110 3262 285 3307 atque
308 3254 716 3296 interficiatur:
750 3251 919 3305 ἐξελαύ-

112 3327 204 3355 νειν
253 3313 418 3360 faeere,
465 3319 525 3353 ut
576 3312 697 3365 quis
735 3313 920 3353 multe-

112 3377 211 3411 tur
252 3371 455 3412 exsilio
486 3376 538 3412 et
569 3370 705 3410 urbe
734 3370 923 3411 eiicia-

1008 1586 1118 1620 tur:
1144 1576 1352 1632 ἀτιμάζειν
1371 1581 1584 1630 facere,
1615 1585 1672 1619 ut
1692 1580 1814 1631 quis

1006 1641 1310 1679 velomnem
1346 1640 1632 1679 civitatem
1664 1637 1814 1677 amit-

1006 1703 1087 1737 tat
1114 1698 1179 1738 vel
1196 1703 1310 1737 certe
1332 1697 1561 1737 maxima
1592 1701 1815 1748 etprae-

1006 1755 1163 1807 cipua
1210 1756 1468 1795 civitatis
1528 1753 1818 1794 commoda

1004 1819 1166 1866 atque
1224 1814 1363 1854 iura.
1432 1811 1693 1865 Quanquam
1733 1823 1813 1862 pro

1003 1867 1242 1920 ἅτιμάσειεν
1255 1871 1446 1912 fortasse
1466 1883 1521 1910 ex
1533 1870 1657 1911 Stob.
1674 1869 1814 1908 Serm.

1008 1929 1055 1969 V.
1089 1928 1186 1973 126.
1223 1930 1526 1981 reponendum
1569 1936 1634 1968 est
1665 1921 1815 1975 ἀτιμώ-

1007 2000 1139 2037 σειεν,
1195 1988 1322 2027 sicuti
1375 1988 1513 2027 suasit
1577 1985 1817 2026 Bastius

1004 2045 1061 2085 ad
1094 2045 1286 2095 Longin.
1318 2045 1498 2084 Rhetor.
1538 2057 1579 2096 p.
1620 2042 1717 2086 190.
1753 2049 1819 2082 at-

1006 2115 1089 2155 que
1143 2103 1317 2154 scripsit
1363 2115 1503 2153 nuper
1552 2102 1818 2141 Herman-

1007 2173 1117 2200 uus.
1164 2160 1234 2199 De
1264 2160 1332 2200 his
1364 2172 1604 2212 poenarum
1647 2160 1818 2210 generi·

1010 2218 1090 2258 bus
1136 2218 1254 2269 apud
1285 2218 1579 2257 Athenienses
1622 2217 1818 2256 usitatis-

1010 2276 1131 2316 simis
1179 2289 1221 2314 v.
1279 2275 1464 2315 Meier.
1529 2280 1572 2315 et
1621 2273 1818 2314 Schoe-

1009 2346 1129 2374 man
1144 2346 1185 2372 n
1216 2332 1419 2374 Process.
1440 2333 1533 2373 Att.
1557 2345 1599 2384 p
1625 2330 1708 2374 740
1728 2344 1819 2382 sqq.

1012 2390 1042 2431 S
1059 2391 1270 2430 choenia
1287 2403 1308 2430 n
1325 2403 1348 2429 n
1386 2391 1673 2443 Antiquitatt.
1697 2389 1821 2430 Juris

1013 2448 1129 2516 publ.
1163 2445 1239 2487 Gr.
1272 2448 1309 2497 Q
1341 2448 1440 2488 LX.
1473 2462 1513 2500 p.
1546 2447 1631 2491 285
1663 2461 1727 2499 sq.

1071 2500 1201 2546 ἀλλὰ
1231 2502 1363 2545 πολὺ
1407 2505 1631 2557 μᾶλλον]
1680 2505 1820 2545 intell.

1015 2564 1158 2614 οἴομαι
1189 2560 1316 2631 μέγα
1326 2560 1481 2611 nauch,
1512 2565 1629 2603 unde
1661 2563 1823 2616 pendet

1014 2619 1236 2674 ἐπιχειρεῖν
1291 2615 1441 2662 ninom
1457 2652 1467 2672 ,
1529 2621 1649 2674 quod
1701 2620 1822 2660 Hir-

1014 2680 1186 2731 sehig.
1226 2692 1455 2732 perperam
1492 2681 1539 2720 in
1580 2677 1821 2730 ἐπιχειρῶν

1014 2738 1311 2779 commutavit.

1074 2795 1276 2835 πολλοῦ
1317 2792 1419 2834 δέω
1462 2791 1588 2847 ἐγώ]
1630 2793 1697 2833 De
1739 2793 1821 2833 hae

1015 2854 1341 2894 constructione
1354 2853 1476 2893 verbi
1488 2850 1569 2891 δέω
1581 2865 1604 2890 v
1612 2851 1667 2891 ,H
1680 2864 1702 2890 e
1716 2851 1729 2890 i
1741 2864 1766 2890 n
1779 2851 1819 2889 d.

1016 2912 1073 2951 ad
1113 2911 1295 2951 Theaet.
1330 2925 1372 2964 p.
1407 2909 1505 2954 364.
1544 2909 1820 2950 Matthiae

1018 2967 1095 3008 Gr.
1135 2969 1173 3020 ξ.
1204 2968 1301 3012 277.
1334 2974 1376 3008 et
1405 2967 1505 3012 355.

1074 3023 1140 3078 μή
1190 3040 1234 3066 τι
1284 3024 1422 3077 ἐξαμ.
1474 3049 1526 3056 -—-
1591 3029 1821 3075 καταψη-

1020 3080 1358 3134 φισάμενοι]
1391 3085 1433 3124 h.
1466 3097 1503 3123 e.
1535 3094 1598 3122 ne
1620 3087 1823 3121 temere

1017 3142 1344 3194 repudietis
1384 3143 1486 3182 hoe
1523 3139 1822 3192 Apollinis

1018 3199 1376 3250 beneficium,
1428 3198 1593 3239 vobis
1652 3196 1823 3236 tribu-

1021 3262 1153 3307 tum,
1199 3258 1289 3310 qui
1318 3270 1397 3297 me
1428 3256 1602 3296 iussit
1632 3267 1728 3294 vos
1760 3254 1821 3293 ob

1023 3327 1238 3356 errores
1270 3319 1322 3356 et
1360 3315 1502 3353 vitia
1539 3314 1822 3363 castigare

1025 3379 1191 3426 atque
1226 3373 1290 3413 ad
1321 3371 1550 3412 virtutis
1585 3369 1822 3409 studium
