2222 3762
1670 141 1836 193 LVII

148 284 321 339 bitum
356 285 623 354 fingitur,
637 282 876 340 nundum
912 283 1236 336 evenissent.
1314 281 1427 336 Sed
1453 282 1583 351 quid
1609 283 1837 353 postea?

147 357 318 411 Num
331 354 395 408 id
466 376 526 409 ro
566 356 697 407 vitio
714 362 867 407 recte
891 361 1078 425 potest
1105 354 1312 429 haberi,
1343 353 1492 422 quod
1519 372 1628 406 non
1666 354 1838 406 solum

189 427 395 481 ceticae
451 427 668 480 ibertati
706 434 793 479 est
825 433 1264 492 consentaneum,
1295 423 1409 477 sed
1420 443 1496 476 ne
1534 432 1683 478 caret
1721 425 1839 494 qui-

146 447 271 551 gem
305 497 503 551 idonea
541 516 708 551 causa
734 506 786 550 et
813 496 1062 550 ratione?
1134 495 1332 565 Neque
1367 496 1508 549 enim
1545 496 1840 566 reperimus

145 568 532 640 philosophum
582 577 782 621 temere
821 568 913 620 illa
949 587 1125 622 usum
1142 586 1262 620 esse
1297 567 1579 635 libertate,
1620 567 1718 619 sed
1744 567 1842 620 vel

185 647 456 710 ropterea‚
485 639 634 709 quod
660 659 747 692 res
777 640 900 709 ipsa
935 658 1026 692 ac
1038 638 1423 712 disputationis
1463 645 1841 709 argumentum

146 660 450 783 {agitabam
489 712 577 777 vel
616 712 742 780 quia
780 712 1037 764 obscure
1050 711 1223 764 voluit
1261 683 1570 781 significare
1606 717 1840 791 tempuS‚

149 798 257 851 quo
292 801 569 842 sermones
609 783 797 853 scripti
834 790 999 853 atque
1041 781 1175 834 editi
1200 791 1403 849 essent,
1418 781 1506 834 vel
1537 781 1655 834 aliis
1681 782 1844 833 etiam

151 853 229 907 de
243 854 442 922 causiS‚
473 873 606 924 quas
634 871 951 907 enumerare
974 854 1198 924 longum
1227 859 1327 906 est.
1402 853 1656 920 Accedit,
1695 851 1843 921 quod

149 925 246 978 illa
283 926 535 978 licentia
562 943 695 978 usus
745 931 829 978 est
879 931 1029 976 tanta
1063 923 1439 976 moderatione
1478 942 1542 976 ac
1580 893 1843 987 sollertia,

149 1003 211 1049 ut
243 1015 523 1065 nunquam
545 996 674 1049 artis
698 996 845 1066 leges
882 994 1169 1047 violaverit
1205 1003 1302 1046 aut
1339 994 1657 1075 neglexerit.
1733 993 1845 1048 Sed

150 1067 319 1120 haec
347 1067 586 1120 breviter
635 1041 911 1119 monuisse
979 1065 1212 1118 sufficit:
1265 1083 1401 1133 quae
1462 1065 1509 1118 si
1571 1065 1846 1147 copiosius

89 1185 93 1190 .
152 1126 344 1190 vell-em
381 1156 683 1207 exponere,
720 1155 941 1204 vereor,
980 1155 1049 1188 ne
1080 1135 1324 1207 longiore
1374 1155 1512 1206 opus
1550 1143 1710 1190 esset
1734 1135 1847 1188 dis-

149 1209 453 1280 puta-tione
461 1228 621 1277 quam
648 1227 749 1278 pro
775 1216 972 1261 nostro
984 1182 1248 1261 consilio.
1298 1207 1493 1276 Itaque
1523 1207 1845 1261 accedamus

152 1279 223 1333 ad
243 1281 526 1333 internam
561 1279 791 1388 dialogi
811 1279 1080 1332 Platonici
1117 1279 1343 1331 formam
1381 1278 1680 1350 paullisper
1717 1298 1846 1332 con-

153 1350 516 1404 siderandam.
632 1395 636 1401 ,

295 1422 576 1476 Inter-nam
595 1392 776 1475 autem
802 1421 1006 1494 dialogi
1030 1380 1255 1474 formam
1286 1420 1688 1492 intelligimus
1674 1440 1691 1472 ι
1734 1439 1848 1474 sam

154 1493 460 1549 disserendi
495 1494 637 1546 viam
664 1501 719 1546 et
749 1495 1032 1561 rationem,
1062 1495 1202 1561 quae
1229 1493 1285 1544 in
1311 1510 1374 1545 eo
1403 1500 1612 1562 regnat.
1690 1440 1849 1559 &uae

153 1563 372 1635 quidem
406 1565 495 1618 vel
533 1564 602 1617 ad
641 1584 826 1618 omnes
877 1584 940 1618 ac
977 1564 1219 1646 singulas
1259 1562 1463 1634 dialogi
1501 1570 1685 1633 partes
1725 1582 1849 1634 per-

153 1638 319 1703 tinet,-
339 1637 428 1689 vel
465 1637 522 1689 in
561 1636 925 1708 descriptione
957 1635 1200 1688 universi
1223 1638 1547 1706 argumenti,
1579 1635 1851 1706 sapienter

156 1716 227 1761 et
243 1676 316 1762 ad
350 1709 485 1760 artis
520 1716 815 1779 praecepta
849 1706 1090 1775 tractati,
1132 1707 1388 1759 cernitur.
1462 1705 1658 1775 Itaque
1694 1714 1848 1778 patet

154 1778 428 1861 duplicem
470 1798 588 1832 esse
626 1779 825 1833 debere
861 1786 1105 1833 nostram
1142 1777 1209 1831 de
1259 1776 1487 1830 internis
1541 1796 1847 1831 sermonum

154 1850 562 1904 Pkatonioorum
607 1850 899 1904 virtutibus
957 1850 1407 1920 disputationem,
1461 1856 1523 1901 ut
1574 1868 1713 1919 quae
1761 1849 1849 1902 vel

155 1921 247 1975 ad
263 1940 338 1974 ea
384 1922 681 1991 referatur7
722 1941 859 1991 quae
908 1941 1007 1991 per
1053 1939 1240 1974 omnes
1279 1938 1342 1973 ac
1380 1920 1623 1991 singulas
1663 1939 1848 1973 eorum

154 2001 372 2063 partes
402 1993 599 2047 diffusa
654 2002 814 2062 sunt,
863 1993 965 2047 vel
999 1991 1070 2045 ad
1123 1992 1254 2074 uniy
1258 2011 1407 2044 ersae
1465 1991 1852 2084 disputationis

119 2072 123 2075 ’
158 2073 330 2118 artem
368 2083 430 2118 ac
458 2064 896 2136 descriptionem
924 2064 1247 2135 pertineat.
1658 2089 1660 2091 ·

288 2136 390 2195 Et
424 2136 480 2188 in
536 2137 774 2207 singulis
827 2135 1046 2204 quidem
1094 2135 1343 2205 partibus
1393 2141 1608 2205 praeter
1645 2143 1852 2187 ceteras

158 2206 420 2274 virtutes,
460 2226 598 2274 quae
636 2207 874 2259 Platoni
907 2224 1222 2260 communes
1268 2212 1396 2258 sunt
1433 2223 1555 2257 cum
1592 2205 1710 2259 aliis
1749 2204 1852 2259 So-

160 2278 410 2345 cratici8‚
448 2277 740 2348 praecipue
779 2278 979 2330 eminet
1024 2275 1162 2329 illud
1200 2275 1504 2330 disserendi
1542 2276 1854 2344 artificium,

162 2347 336 2417 quod
358 2367 580 2418 prorsus
631 2356 740 2401 est
764 2347 1250 2401 accommodatum
1281 2348 1370 2400 vel
1405 2346 1475 2399 ad
1514 2365 1722 2401 errores
1757 2368 1852 2400 va-

160 2438 370 2472 nortun
388 2418 668 2472 hominum
703 2419 1085 2501 confutandos,
1111 2420 1200 2472 vel
1226 2418 1295 2470 ad
1321 2417 1504 2471 studia
1534 2418 1857 2472 discentium

159 2489 401 2543 iuvanda
451 2498 507 2543 et
563 2491 748 2573 quasi
776 2498 890 2544 arte
929 2490 1266 2544 ¹obstetricia
1315 2509 1381 2543 ex
1430 2491 1857 2560 parturientibus

159 2581 383 2615 eorum
399 2562 634 2633 ingeniis
679 2562 950 2616 noti-ones
991 2562 1267 2615 involutas
1318 2561 1624 2615 eliciendas.
1712 2562 1859 2615 Nam

159 2627 373 2686 tantum
412 2634 594 2701 abest,
608 2641 674 2686 ut
689 2633 846 2715 apud
864 2633 1170 2699 Platonem,
1197 2632 1255 2684 id
1282 2632 1429 2702 quod
1453 2632 1601 2715 apud
1637 2641 1859 2686 nostros

161 2705 313 2758 fere
310 2705 600 2775 reperiaS,
635 2705 823 2757 omnia
867 2712 1244 2776 proponantur
1281 2711 1541 2774 tanquam
1578 2706 1686 2757 iam
1725 2704 1857 2758 satis

163 2775 482 2846 explanata
522 2776 852 2847 argumentis
907 2775 1305 2843 demonstrata,
1359 2783 1637 2845 certoque
1669 2775 1860 2829 ordine

162 2847 307 2900 inter
359 2866 416 2901 se
461 2848 676 2916 iuncta‚
716 2854 778 2899 ut
829 2848 986 2899 inter
1012 2846 1334 2928 legendum,
1363 2846 1509 2917 quid
1543 2860 1731 2900 verum
1768 2848 1858 2915 sit⁷

166 2917 302 2987 quid
336 2919 562 2986 falsum,
576 2925 672 2972 tuo
682 2919 828 3000 ipse
865 2919 1086 3000 ingemo
1124 2937 1429 2988 anquirere
1450 2925 1506 2971 et
1528 2919 1860 3000 investigare

166 2989 380 3070 cogaris
413 2996 468 3043 et
489 2988 559 3041 ad
583 2989 697 3043 veri
719 2989 1018 3058 quaerendi
1037 2988 1276 3042 studium
1299 2989 1525 3043 mirifice
1549 2989 1859 3059 impellaris·

163 3059 385 3113 Etenim
436 3060 687 3114 notiones
736 3061 932 3113 mentis
965 3061 1340 3142 ‘complicatae
1394 3061 1675 3143 paullatim
1711 3061 1859 3114 evol-

166 3139 393 3196 vuntur3
447 3150 587 3201 quae
637 3139 764 3185 sunt
810 3131 1056 3185 difficilia
1096 3138 1164 3185 et
1211 3131 1471 3203 impedita
1508 3133 1864 3201 exquiruntur

166 3201 526 3272 pedetentim3
555 3202 789 3272 denique
814 3221 922 3271 res,
953 3207 1100 3272 quae
1117 3210 1411 3272 :3tractatu1
1439 3204 1495 3255 in
1533 3211 1644 3255 tam
1680 3203 1859 3257 varias

168 3280 353 3342 partes
390 3280 656 3342 versatur,
685 3280 747 3326 ut
764 3274 1119 3355 legentium
1105 3275 1334 3357 mgenia
1354 3293 1462 3328 non
1501 3274 1714 3355 possint
1752 3291 1858 3326 non

169 3344 381 3415 agitari,
424 3345 758 3416 agitatione
757 3363 1015 3412 exerceri,
1059 3345 1444 3400 exercitatione
1483 3345 1659 3415 subigi
1701 3352 1752 3395 et
1790 3340 1858 3393 ad
