2158 3718
696 108 702 116 ”
744 133 826 170 AD
864 132 1226 186 SYMPosmM.
1767 138 1829 175 lx

132 278 268 326 soor,
304 260 558 314 invitatus
582 260 651 312 ad
675 258 978 312 convivium
992 280 1007 322 3
1045 278 1168 313 nam
1202 258 1355 325 heri„
1376 278 1539 329 quum
1574 261 1827 319 victoriae

131 349 273 397 suae·
296 330 533 404 tragicae
566 330 763 383 festum
798 329 1105 395 celebraret,
1143 330 1292 384 nolui
1318 330 1662 384 convivarum
1686 333 1826 384 mu'l-

128 401 344 454 titudini
377 420 463 454 me
497 395 821 462 immiscere3
860 418 1023 469 quare
1060 400 1282 471 promisi
1319 401 1370 455 ei
1405 400 1564 454 hodie
1607 401 1676 453 ad
1703 420 1828 456 coe-r

127 491 276 537 nam,
323 480 483 541 atque
527 471 603 524 ita
646 490 732 524 me
778 471 994 536 ornavi,
1040 480 1101 524 ut
1146 472 1364 544 elegans
1411 471 1480 524 ad
1527 471 1828 543 elegantem

198 548 204 567 ι
458 550 462 555 ·
1251 550 1253 562 2

266 650 409 707 tuisse,
444 663 493 698 ut
527 658 619 710 ipse
657 663 749 699 tum
785 671 883 699 cum
921 657 1099 700 Socrate
1137 659 1475 715 congrederetur,
1513 658 1670 711 quippe
1708 658 1826 699 cuius

263 714 549 756 familiaritate
583 715 776 755 nondum
814 727 890 767 per
924 715 1135 767 integrum
1169 716 1387 757 biennium
1417 720 1573 756 utatur.
1630 715 1701 756 E'x
1738 727 1824 766 quo

265 771 495 812 clarissime
529 767 787 823 [intelligitur
837 771 1104 813 Glauconem
1147 772 1291 812 istum‘
1324 783 1464 811 rerum
1512 777 1604 811 tum
1640 771 1826 812 Athenis

264 833 479 879 gestarum
514 828 654 868 minus
682 827 812 868 fuisse
841 829 1067 869 curiosum.
1116 827 1262 880 Atque
1299 828 1412 868 idem
1449 828 1613 867 videtur
1642 828 1768 868 etiam
1800 842 1827 868 a

263 884 542 936 philosophia
560 883 692 925 fuisse
712 884 903 934 alienior,
935 885 1280 936 quandoquidem
1300 884 1595 936 Apollodorus
1616 884 1655 923 ei
1683 885 1826 925 iocose

261 941 387 981 vertit
415 941 657 992 opprobrio,
689 942 803 993 quod
833 941 977 981 omnia
1005 941 1092 981 alia
1119 941 1243 981 malit
1264 952 1392 991 quam
1412 940 1714 992 philosophiae
1734 946 1824 982 stu-

263 997 380 1036 dium
411 1009 578 1047 curare3
618 999 670 1037 de
708 1010 793 1049 qua
827 1009 872 1037 re
900 1009 940 1036 V.
969 990 1012 1048 pl
1045 999 1137 1038 173.
1165 996 1221 1036 A.
1281 996 1416 1037 Addit
1452 995 1602 1036 deinde
1637 996 1824 1048 Apollo·
1855 1028 1857 1030 .

239 1054 388 1093 *dorus
414 1053 673 1104 Agathonis
718 1053 960 1092 convivium
1003 1054 1049 1092 in
1088 1064 1138 1092 ea
1173 1052 1368 1092 incidisse
1411 1057 1623 1103 tempora,
1671 1054 1824 1103 quibus

259 1108 351 1160 ipse
379 1109 520 1149 adhuc
548 1108 677 1148 fuerit
704 1109 920 1160 puerulus,
952 1108 1296 1159 quandoquidem
1325 1108 1434 1147 illud
1464 1109 1722 1148 celebratum
1757 1109 1824 1159 sit,

179 1164 192 1170 “
261 1177 393 1216 quum
421 1164 598 1215 Agatho
628 1164 764 1216 prima
801 1165 1022 1215 tragoedia
1049 1165 1095 1204 in
1124 1170 1338 1204 certamen
1368 1165 1596 1205 commissa
1623 1164 1825 1205 victoriae

257 1220 494 1273 praemium
522 1221 809 1272 reportaverit.
851 1222 922 1261 Ex
952 1220 1104 1271 quibus
1133 1221 1271 1260 verbis
1301 1226 1488 1271 apparet,
1520 1220 1690 1271 quando
1720 1233 1823 1260 con-

257 1277 429 1326 vivium,
461 1278 512 1316 de
541 1289 626 1329 quo
656 1282 860 1327 narratur,
888 1289 1034 1318 revera
1062 1275 1188 1317 fuerit
1215 1277 1467 1325 institutum,
1508 1276 1663 1328 quippe
1693 1289 1826 1327 quum

258 1334 488 1373 memoriae
508 1333 747 1386 *prodiderit
775 1334 1084 1374 Athenaeus
1103 1333 1197 1373 Lib.
1214 1333 1270 1373 V.
1292 1345 1332 1384 p.
1356 1335 1452 1373 217.
1477 1331 1525 1372 O.
1548 1333 1612 1372 ed.
1636 1332 1819 1377 Casaub.

260 1395 303 1430 et
330 1390 515 1430 incertus
537 1390 841 1442 olympiadum
871 1390 1049 1441 scriptor
1079 1390 1133 1429 ad
1155 1389 1324 1440 Olymp.
1346 1388 1442 1429 XC.
1466 1394 1505 1429 4.
1544 1389 1823 1439 Agathonem

258 1446 448 1498 primum*
477 1447 523 1486 in
559 1447 814 1497 tragicarum
859 1446 1102 1486 fabularum
1150 1444 1450 1486 commissione
1494 1446 1698 1485 archonte
1737 1446 1823 1486 Eu—

258 1502 416 1554 phemo
440 1502 610 1555 Olymp.
631 1502 725 1544 XC.
743 1507 787 1543 ’4.
817 1503 862 1542 in
889 1502 1070 1543 Lenaeis
1099 1508 1336 1554 reportasse
1364 1501 1601 1542 victoriam.
1631 1501 1703 1541 Ex
1734 1514 1819 1553 quo

258 1557 452 1610 profecto
482 1560 681 1611 sequitur,
710 1565 759 1599 ut
789 1560 941 1599 eodem
969 1565 1158 1610 tempore
1188 1559 1382 1598 habitum
1412 1557 1739 1607 sitconvivium,
1771 1559 1822 1598 de

259 1626 345 1666 quo
365 1616 494 1657 Plato
524 1616 569 1655 in
597 1616 706 1656 libro
729 1616 982 1667 cognomine
1002 1615 1213 1666 exposuit.
1246 1613 1517 1665 Quamquam
1536 1615 1662 1654 fidem
1682 1614 1821 1655 Athe-

257 1672 355 1712 naei
374 1672 655 1723 ‘suspiciosior
683 1672 836 1723 aliquis
865 1671 991 1713 facile
1026 1668 1124 1711 ideo
1162 1672 1207 1711 in
1245 1670 1556 1711 dubitationem
1591 1672 1820 1719 vocaverit,

258 1727 375 1780 quod
402 1729 705 1780 grammaticus
733 1729 813 1768 iste
842 1727 1003 1769 saeculi
1032 1728 1144 1768 tertii
1173 1733 1274 1779 post
1305 1727 1406 1768 Chr.
1436 1740 1478 1777 n.
1511 1727 1682 1767 definire
1711 1727 1819 1766 adeo

256 1797 384 1824 ausus
413 1791 487 1834 est,
520 1791 626 1836 quot
652 1797 828 1826 numero
860 1784 1060 1824 convivae
1090 1785 1226 1835 epulis
1255 1785 1340 1823 illis
1370 1782 1646 1823 interfuerint.
1690 1784 1822 1823 Putat

258 1840 372 1881 enim
409 1840 582 1882 affuisse
618 1842 814 1882 convivas
854 1841 1180 1890 duodetriginta.
1239 1840 1301 1880 At
1347 1840 1460 1879 enim
1497 1851 1596 1878 vero
1636 1839 1820 1879 confisus

257 1896 331 1936 ille
359 1896 442 1942 hac
469 1910 514 1938 re
542 1898 709 1938 videtur
745 1897 1002 1946 auctoribus,
1044 1896 1116 1947 qui
1151 1895 1218 1948 usi
1254 1901 1393 1935 essent
1422 1894 1607 1935 sontibus
1638 1895 1820 1946 antiqui-

257 1952 414 1994 oribus.
471 1954 655 1994 Accedit
683 1954 810 1994 etiam
841 1952 1063 1993 consensio
1094 1952 1265 1992 alterius
1296 1951 1566 2002 chronologi,
1598 1951 1670 2002 qui
1708 1956 1820 1990 certe

257 2021 335 2050 sua
362 2022 452 2050 non
479 2011 646 2050 videtur
675 2022 729 2050 ex
757 2021 844 2049 uno
876 2009 1103 2049 Athenaeo
1133 2008 1340 2048 hausisse.
1398 2006 1551 2058 Itaque
1586 2007 1631 2046 in
1670 2019 1719 2046 ea
1749 2019 1818 2047 su-

255 2077 352 2106 mus
389 2067 607 2116 sententia,
645 2073 694 2106 ut
729 2065 946 2107 Athenaei
983 2064 1227 2104 testimonio
1267 2076 1364 2103 cum
1399 2064 1475 2103 Fr.
1512 2063 1570 2104 A.
1609 2062 1817 2103 Wolfio

257 2122 438 2175 aliisque
468 2123 766 2162 confidendum
797 2133 887 2163 esse
907 2121 1167 2171 arbitremur,
1197 2119 1443 2172 praesertim
1464 2130 1596 2170 quum
1615 2119 1692 2159 illo
1715 2125 1820 2158 tem-

256 2189 362 2230 pore
392 2179 519 2218 etiam
548 2191 708 2228 omnes,
750 2179 822 2230 qui
852 2177 1043 2218 convivio
1074 2175 1315 2217 interfuisse
1351 2176 1580 2225 finguntur,
1618 2187 1673 2215 ne
1702 2175 1822 2216 Alei-

256 2234 380 2274 biade
418 2234 590 2286 quidem
627 2241 829 2286 excepto,
874 2233 1060 2274 Athenis
1097 2233 1254 2273 versari
1293 2232 1521 2283 potuerint.
1587 2230 1681 2271 Iam
1719 2244 1820 2271 vero

257 2295 424 2342 tempus
462 2290 597 2330 habiti
636 2290 840 2342 colloquii
875 2289 1001 2330 facile
1041 2295 1216 2341 apparet
1257 2288 1600 2338 distinguendum
1637 2299 1728 2327 esse
1766 2288 1819 2327 ab
1872 2324 1873 2327 ,

199 2368 202 2374 -
257 2357 308 2386 eo
338 2352 543 2398 tempore,
574 2360 658 2399 quo
687 2347 982 2399 Apollodorus
1013 2347 1064 2386 de
1093 2347 1172 2386 illo
1210 2344 1396 2385 narravit
1425 2343 1716 2384 familiaribus.
1765 2345 1822 2384 Et

256 2402 343 2442 hoc
372 2404 542 2455 quidem
570 2404 644 2444 ille
674 2416 764 2444 sese
786 2403 969 2443 affirmat
987 2401 1139 2443 fecisse
1158 2402 1235 2451 bis,
1267 2400 1613 2452 quandoquidem
1637 2400 1822 2451 primum

255 2471 346 2499 rem
375 2460 619 2512 exposuerit
649 2460 874 2510 Glauconi,
904 2459 1050 2511 paullo
1080 2464 1181 2511 post
1210 2464 1352 2498 autem
1382 2459 1560 2510 eandem
1588 2457 1820 2496 narraverit

255 2515 321 2565 iis,
359 2516 432 2567 qui
470 2518 583 2568 apud
610 2517 837 2557 Platonem
866 2516 1006 2567 ipsum
1035 2516 1212 2555 audiunt
1247 2515 1375 2554 verba
1403 2512 1642 2553 facientem.
1695 2512 1822 2562 Quod

257 2574 426 2624 quando
455 2571 617 2624 factum
647 2574 714 2623 sit,
744 2573 845 2612 item
878 2572 1031 2612 certius
1062 2571 1223 2613 definiri
1259 2575 1412 2623 potest.
1455 2569 1670 2623 'Meminit
1708 2569 1822 2615 enim

254 2628 550 2680 Apollodorus
580 2631 693 2682 apud
712 2629 940 2670 Platonem
960 2627 1153 2669 Socratis
1172 2628 1244 2677 ita,
1273 2632 1323 2667 ut
1349 2627 1467 2666 hunc
1497 2631 1699 2688 appareat
1729 2631 1822 2665 tum

256 2685 397 2725 adhue
426 2686 471 2725 in
498 2686 603 2726 vivis
632 2686 775 2727 fuisse.
833 2686 947 2727 Nam
976 2696 1070 2736 cap.
1101 2685 1158 2725 V.
1188 2685 1296 2724 haec
1326 2683 1446 2723 dicit:
1478 2675 1555 2734 ἀφ’
1583 2677 1637 2720 οὗ
1660 2679 1688 2720 ὃ
1725 2677 1820 2732 ἐγὼ

256 2774 311 2782 ..-.
339 2736 569 2795 Σωκράτει
599 2737 930 2795 συνδιατρίβω,
968 2737 1149 2780 οὐδέπω
1185 2736 1289 2793 τρία
1326 2733 1406 2792 ἔτη
1444 2734 1581 2777 ἐστίν.
1626 2739 1696 2778 Ex
1734 2749 1819 2789 quo

256 2797 457 2850 sequitur,
495 2805 544 2839 ut
579 2799 765 2850 narratio
796 2797 983 2838 hominis
1014 2804 1111 2838 ante
1142 2796 1314 2849 Olymp.
1344 2793 1486 2836 XCV.
1519 2799 1555 2834 1.
1586 2793 1700 2834 facta
1729 2806 1821 2834 esse

254 2856 446 2905 putanda
474 2855 539 2906 sit,
571 2853 656 2907 quo
683 2852 799 2895 'anno
821 2853 1039 2895 Socratem
1069 2852 1278 2905 supplicio
1309 2851 1510 2892 affectum
1531 2863 1622 2891 esse
1643 2855 1819 2891 constat.

255 2908 409 2961 Itaque
454 2909 694 2952 clarissime*
726 2911 977 2962 intelligitur
1022 2910 1344 2962 Apollodorum
1386 2920 1494 2959 quae
1532 2914 1673 2948 narret
1711 2907 1822 2946 intra

259 2965 430 3017 Olymp.
450 2966 545 3007 XC.
568 2973 608 3008 4.
640 2973 682 3007 et
700 2968 873 3019 Olymp.
892 2966 1034 3007 XCV.
1061 2972 1098 3007 1.
1124 2966 1318 3006 retulisse
1337 2965 1477 3017 putari
1497 2970 1703 3016 oportere.
1736 2963 1821 3003 Sed

257 3026 403 3072 potest
438 3028 617 3076 tempus.
641 3023 894 3064 narrationis
933 3023 1060 3062 etiam
1091 3022 1311 3073 aliquanto
1343 3021 1542 3062 constitui
1571 3019 1819 3060 accuratius.

256 3075 371 3117 Nam
392 3089 523 3129 quum
542 3079 838 3131 Apollodorus
858 3080 972 3132 apud
991 3079 1217 3120 Platonem
1242 3091 1285 3131 p.
1309 3080 1402 3119 173.
1425 3078 1481 3118 A.
1504 3089 1595 3117 sese
1622 3075 1818 3122 fateatur,

260 3145 347 3185 quo
378 3139 569 3187 tempore
588 3134 833 3186 Agathonis
862 3135 1103 3175 convivium
1132 3135 1392 3175 celebratum
1422 3135 1489 3183 sit,
1520 3133 1660 3173 adhuc
1688 3129 1819 3170 fuisse

258 3190 506 3242 puerulum,
553 3196 703 3242 sponte
738 3190 988 3243 intelligitur
1038 3203 1135 3231 cum
1181 3197 1332 3244 postea
1367 3187 1556 3236 demum,
1600 3187 1818 3237 aliquanto

261 3245 423 3287 factum
462 3247 730 3296 adultiorem,
766 3259 856 3287 rem
894 3258 991 3288 cum
1028 3246 1307 3289 familiaribus
1344 3243 1731 3291 communicavisse,
1770 3247 1819 3280 ut

259 3314 348 3344 non
387 3303 570 3346 multum
600 3302 691 3346 falli
727 3303 953 3355 videamur,
991 3304 1026 3346 si
1064 3315 1160 3346 eum
1197 3309 1431 3347 statuamus
1469 3313 1554 3342 non
1592 3300 1651 3339 ita
1680 3298 1816 3339 multo
