2158 3718
1807 0 1835 4 ’“
1852 0 1862 3 ’“
1895 0 1913 20 ’“”·
1955 0 2139 37 ΨΫΞᾺἺΨὛΨ

224 101 330 156 212
378 119 386 123 *
955 99 1279 145 PLATONIS

224 240 336 313 γὰρ
375 240 527 305 ὅπως
555 221 691 304 ιτοῖς
735 242 1020 310 παροῦσιν
1067 238 1104 292 ὁὶ
1142 237 1252 308 ἐγώ
1292 239 1435 309 λέγω
1475 238 1610 310 δόξῃ
1649 238 1835 309 άληθῆ
1876 234 2022 293 εἶναι

228 325 781 397 προθυμηθήσομαι,
833 325 885 378 εἰ
919 322 993 394 μὴ
1033 327 1119 393 εἴη
1157 322 1472 394 πάρεργον,
1512 321 1641 376 ἀλλ’
1681 320 1832 387 ὅπως
1868 320 2021 395 αὐτῷ
2093 351 2097 354 ·

172 423 206 465 Β
229 410 355 480 ἐμοὶ
393 408 425 463 δ’
461 429 514 463 τι
550 410 793 479 μάλιστα
831 408 967 479 δόξῃ
1015 406 1197 471 οὕτως
1234 409 1399 477 ἔχειν.
1476 410 1763 478 λογίζομαι
1798 407 1936 478 γάρ,
1976 400 2024 462 ὦ

228 497 362 565 φίλε
399 493 583 563 ἑταῖρε
606 526 678 534 -
701 495 906 548 θέασαι
944 490 1037 556 ὡς,
1055 495 1466 558 πλεονεκτικῶς
1489 525 1560 533 —
1585 494 1639 547 εἰ
1673 494 1778 562 μὲν
1814 491 2022 561 τυγχά-

226 599 337 633 νει·
362 576 548 649 ἀληθῆ
596 570 735 632 ὄντα
783 575 819 630 ὁὶ
866 577 1039 646 λέγω,
1087 580 1275 640 καλῶς
1321 575 1391 647 δὴ
1437 580 1549 647 ἔχει
1585 575 1649 630 τό
1687 579 2019 646 πεισθῆναι·

343 758 484 819 δόξῃ
524 756 743 818 ἀληθῆ]
794 763 872 804 Hic
913 763 1233 805 coniunctivum
1273 770 1444 803 tuentur
1483 762 1606 806 Bodl.
1643 763 1741 804 Vat.
1782 763 1893 806 Ven.
1925 762 2030 804 ΛΠ

228 822 360 865 Vind.
385 819 424 862 Φ
446 821 540 861 Par.
565 819 758 862 EGHIL
787 821 900 874 Aug.
934 820 1045 861 Flor.
1066 832 1088 859 c
1110 820 1138 862 i.
1179 820 1239 860 Le
1273 820 1420 860 ebatur
1443 812 1598 872 δόξει,
1626 819 1741 871 quod
1759 819 1896 860 tenuit
1916 819 2027 859 Bek-

228 880 319 919 ker.
360 876 500 918 Etiam
527 877 670 930 paullo
701 884 801 930 post
830 869 950 932 δόξῃ
979 888 1058 930 pro
1086 876 1202 930 vulg.
1269 869 1368 928 όξει
1399 888 1421 914 e
1449 876 1548 917 Vat.
1577 876 1687 916 Ven.
1711 875 1805 918 ΛΠ
1828 875 1961 916 vind.
1984 874 2024 916 Φ

165 935 169 938 ”
227 935 324 976 Par.
357 932 479 975 EGL
518 934 703 988 Tubing.
735 938 776 973 et
804 945 939 987 marg.
971 933 1094 974 Bodl.
1121 934 1335 977 revocavi.
1394 932 1455 972 De
1483 932 1569 972 illis
1601 930 1804 981 Socrates
1825 932 2026 972 universe

227 991 416 1044 loquitur
437 998 668 1041 narratque
689 989 790 1040 quid
814 990 907 1030 fieri
928 990 1085 1041 soleat,
1104 990 1219 1030 unde
1241 990 1375 1030 utitur
1395 995 1589 1043 tempore
1609 987 1751 1029 futuro
1765 1019 1776 1040 ‚
1817 988 1870 1029 de
1892 987 2028 1029 semet

228 1049 325 1102 ipso
365 1044 590 1099 ita'dioit,
632 1054 679 1087 ut
706 1047 768 1086 rei
795 1054 994 1088 eventum
1024 1054 1240 1099 tamquam
1269 1049 1477 1086 incertum
1507 1057 1556 1086 ac
1586 1045 1764 1097 dubium
1795 1044 2027 1089 describat.

229 1105 452 1146 Turicens.
478 1111 519 1144 et
539 1103 684 1144 Herm.
707 1104 867 1155 ubique
889 1097 1037 1156 δόξει.

343 1188 412 1229 πρ
422 1187 447 1216 ο
457 1173 497 1216 θ
507 1188 536 1216 v
546 1187 578 1227 μ
588 1187 617 1228 η
630 1173 668 1215 θ
681 1166 712 1228 η’
722 1185 748 1215 σ
758 1187 783 1216 o
794 1187 826 1228 μ
838 1187 869 1215 α
881 1171 915 1227 ι]
959 1173 1043 1215 ὃίό
1070 1185 1147 1227 pro
1187 1186 1230 1215 v.
1272 1164 1652 1226 προθυμήσομαι
1692 1171 1815 1214 Bodl.
1845 1173 1957 1212 Ven.
1982 1170 2034 1213 H

228 1232 346 1330 {gfff
360 1240 410 1328 ez
413 1231 650 1341 {giving-{alig
661 1229 718 1330 (il3
727 1231 964 1282 Utrumque
985 1230 1181 1323 probum.
1204 1228 1509 1271 V.Schneider.
1529 1228 1813 1282 adRemp.V.
1826 1229 1965 1283 p.470
1975 1228 2025 1268 Α.

343 1359 390 1400 Β.
423 1354 648 1399 θέασαι
683 1349 773 1411 ὥς]
818 1356 960 1411 Vulgo
990 1354 1076 1399 καὶ
1096 1357 1148 1400 θ.
1173 1349 1250 1405 ὥς.
1293 1355 1378 1397 Sed
1400 1322 1597 1399 uoet'om.
1621 1355 1752 1398 Coisl.
1785 1355 1884 1398 Vat.
1919 1354 2025 1396 Tub.

229 1416 342 1456 Ven.
362 1416 404 1456 Δ
422 1415 553 1456 Vind.
577 1413 617 1456 Φ
639 1414 736 1457 Par.
760 1413 955 1456 EGHIL
976 1414 1126 1457 Ambr.
1158 1414 1272 1467 Aug.
1306 1413 1416 1454 Flor.
1439 1414 1465 1454 b
1487 1413 1501 1452 i
1532 1421 1572 1453 et
1599 1425 1665 1466 pr.
1686 1411 1808 1453 Bodl.
1830 1412 1941 1453 Ven.
1964 1410 2026 1454 H.

230 1472 440 1514 Nimirum
460 1469 550 1512 καί
566 1482 592 1510 a
612 1470 771 1510 criticis
793 1470 1002 1514 additum.

346 1537 399 1583 εἰ
417 1536 520 1595 μὲν
542 1533 845 1595 τυγχάνει]
870 1536 916 1582 εἰ
934 1536 1022 1594 μὲν
1042 1533 1135 1595 γὰρ
1156 1552 1194 1583 τ.
1217 1541 1318 1581 Vat.
1341 1539 1521 1582 Vindsli
1543 1537 1687 1582 Par.G
1706 1538 1854 1582 Ambr.
1877 1538 2030 1580 Flor.d

232 1604 275 1640 et
301 1610 436 1652 supra
464 1609 637 1638 versum
667 1597 792 1640 Bodl.
837 1597 925 1638 Sed
952 1591 1042 1652 γάρ
1076 1609 1102 1637 a
1128 1597 1288 1638 criticis
1317 1597 1535 1637 invectum
1564 1604 1683 1650 puto.
1714 1608 1756 1637 v,
1779 1607 1880 1638 aun.
1921 1595 2030 1636 Dein

231 1655 361 1708 vulgo
383 1654 601 1709 legebatur
634 1643 665 1694 ἃ
688 1646 778 1707 ἐγώ
804 1650 922 1708 λέγω
943 1654 1090 1694 invitis
1112 1653 1258 1694 multis
1281 1654 1420 1704 iisque
1449 1653 1621 1707 optimis
1651 1652 1871 1694 codicibus
1902 1652 2030 1693 etiam

230 1712 413 1764 Tubing.
456 1710 544 1751 Nec
576 1719 719 1751 tamen
743 1723 765 1750 e
793 1708 916 1754 Bodl.
940 1711 1052 1752 Ven.
1076 1709 1129 1752 Π
1151 1707 1313 1763 aliquid
1341 1709 1655 1764 discrepantiae
1677 1715 1891 1760 notatum,
1913 1707 2029 1750 unde

231 1769 421 1810 servavit
438 1768 585 1809 Herm.

292 1903 344 1950 εἰ
384 1900 455 1962 μὴ
496 1905 584 1961 εἴη
625 1902 938 1961 πάρεργον]
983 1907 1089 1948 nisi

231 1965 284 2006 id
314 1965 467 2016 quasi
501 1965 676 2004 obiter
716 1963 828 2004 fiat.
870 1963 961 2004 Hoc
990 1963 1090 2004 dicit

233 2021 456 2063 Socrates:
487 2033 534 2062 se
561 2019 838 2074 illudageoe,
871 2026 917 2069 ut
941 2020 1087 2074 potius

230 2079 326 2132 ipse
376 2077 460 2118 sibi
508 2077 768 2130 persuadeat
806 2076 1089 2117 immortalem

1175 1900 1481 1973 φιλοφρόνως
1502 1898 1687 1954 πάντας
1709 1897 2030 1960 ἀνελάμβανε,

1173 1960 1258 2005 καὶ
1299 1961 1360 2016 δη
1401 1959 1486 2004 καὶ
1515 1955 1667 2004 αὐτὸν
1703 1955 1783 2016 ἐμὲ
1818 1974 2032 2016 παρεμυ-

1172 2020 1330 2063 θεῖτο.
1348 2019 1558 2060 Nimirum
1574 2019 1934 2072 quemadmodum
1950 2011 2031 2073 ἐμὲ

1175 2069 1327 2119 αὐτόν
1345 2076 1514 2128 dicitur,
1533 2076 1667 2116 sicubi
1688 2075 1731 2115 in
1753 2067 1903 2117 αὐτόν
1920 2075 2033 2116 eadit

233 2146 335 2177 esse
362 2135 575 2182 animum,
605 2146 735 2185 quam
778 2139 822 2174 ut
861 2133 933 2173 alii
973 2133 1089 2174 idem

233 2196 447 2243 statuant3
478 2190 556 2232 sed
575 2189 669 2229 fieri
690 2201 840 2244 posse,
867 2195 915 2230 ut
938 2190 1089 2231 eadem

234 2253 488 2302 argumenta
538 2246 664 2286 etiam
714 2246 823 2287 alios
873 2254 1089 2287 moveant.

234 2304 358 2355 Quod
388 2299 433 2346 εἰ
460 2295 524 2357 μὴ
558 2298 602 2344 εἰ
623 2301 698 2356 εἴη
720 2295 958 2358 πάρεργον
980 2303 1091 2344 desi-

235 2362 357 2403 derat
397 2360 442 2401 C.
479 2361 527 2403 F.
568 2361 921 2408 Hermannus,
962 2366 1009 2400 ut
1047 2360 1092 2400 in

234 2418 362 2459 codd.
405 2416 663 2469 quibusdam
701 2415 768 2456 De
805 2416 912 2469 Rep.
942 2417 1016 2460 III.
1045 2429 1089 2470 p.

233 2475 317 2516 411
339 2474 373 2514 Ε
413 2473 700 2527 perscriptum
739 2473 915 2526 legitur,
956 2474 1000 2512 in
1042 2484 1091 2513 eo

236 2543 315 2572 nos
343 2531 434 2570 viro
465 2530 714 2571 doctissimo
743 2529 927 2569 fatemur
953 2530 1092 2570 neuti-

236 2599 365 2638 quam
394 2586 607 2630 assentiri.
665 2585 773 2626 Nam
802 2585 1004 2626 differunt
1045 2581 1098 2628 εἰ

235 2636 334 2697 μή,
376 2643 507 2695 nisi,
551 2649 593 2681 et
623 2635 760 2696 εἰμὴ
794 2637 856 2693 εἰ,
887 2643 995 2683 nisi
1024 2642 1090 2693 si,

236 2701 347 2740 inter
374 2711 423 2739 se
443 2698 637 2739 nonnihil
660 2709 722 2745 eo,
754 2699 869 2749 quod
900 2694 944 2739 εἰ
962 2691 1026 2752 μὴ
1053 2693 1096 2739 εἰ

239 2761 280 2796 et
320 2755 426 2795 nisi
467 2755 509 2795 si
538 2753 834 2795 condicionem
873 2754 1091 2804 aliquanto

236 2811 388 2852 fortius
429 2820 471 2850 et
509 2810 704 2863 gravius,
745 2822 872 2861 quam
911 2810 1093 2851 alterum

236 2867 357 2918 illud,
383 2867 595 2921 exprimit.
617 2864 681 2905 De
703 2878 786 2916 quo
807 2879 851 2910 v.
873 2866 1091 2919 Herzog.

238 2923 294 2964 ad
316 2923 439 2966 Caes.
461 2923 507 2964 B.
532 2921 639 2964 Gall.
663 2924 694 2964 Ι.
717 2924 787 2964 31.
831 2922 880 2962 Id
900 2934 1001 2963 vero
1022 2922 1092 2962 hic

239 2992 318 3020 cur
342 2980 449 3020 adeo
480 2979 766 3019 necessarium
795 2984 1017 3032 putemus,
1048 2986 1095 3019 ut

241 3036 309 3077 vel
347 3036 492 3076 invitis
532 3034 654 3075 codd.
705 3031 750 3076 εἰ
787 3034 1094 3076 inferciendum

239 3105 492 3134 censeamus
556 3090 670 3132 nullo
711 3091 839 3131 modo
878 3091 1093 3145 intellego.

238 3150 320 3190 Pro
343 3142 473 3206 αὐτῷ
496 3121 742 3203 ἐμοίΗεὶι]
755 3147 815 3189 do
828 3146 931 3188 rfi‘o
953 3149 1095 3189 iudice

240 3199 372 3261 αὐτῷ
395 3219 476 3260 μοι
495 3218 573 3259 per
594 3217 718 3246 usum
732 3204 934 3257 loquendi
955 3206 1095 3257 requi-

239 3262 359 3305 ritur.
402 3262 489 3303 Sed
509 3276 551 3306 v,
574 3261 722 3326 Symp.
752 3274 796 3315 p,
818 3262 903 3302 220
922 3261 955 3301 Ε
985 3272 1096 3304 συν·

241 3313 439 3360 διέσωσε
468 3315 552 3361 καὶ
588 3313 647 3361 τὰ
675 3318 801 3360 οπλα
829 3315 915 3359 καὶ
944 3313 1096 3361 αὐτὸν

242 3368 340 3429 ἐμέ.
382 3375 568 3444 Euthyd.
597 3389 640 3430 p.
666 3376 749 3418 273
770 3374 803 3415 Β
833 3367 858 3416 ὁ
889 3368 944 3416 δὲ
975 3368 1094 3427 παρ’

241 3424 394 3474 αὐτὸν
435 3425 532 3486 ἔμε.
582 3433 719 3487 Epist.
749 3432 842 3475 VII.
879 3444 921 3485 Ρ.
953 3433 1036 3474 329
1058 3431 1092 3472 D

1144 2151 1153 2155 ·
1175 2133 1310 2173 maior
1338 2133 1548 2185 quaedam
1575 2133 1643 2173 vis
1655 2139 1799 2198 ‚atque
1826 2132 2031 2186 gravitas,

1174 2191 1233 2230 ita
1252 2195 1414 2230 mutato
1437 2189 1584 2229 ordine
1605 2183 1757 2231 αυτὸν
1779 2181 1862 2243 ἐμέ
1882 2189 1927 2228 in
1949 2200 2033 2228 usu

1177 2246 1278 2298 fuit,
1321 2246 1394 2286 ubi
1423 2238 1503 2299 ἐμέ
1533 2245 1795 2298 aliquantum
1830 2245 2033 2299 ponderis

1177 2303 1367 2344 haberet.
1412 2301 1611 2343 Ceterum
1640 2302 1767 2342 etiam
1794 2301 1901 2343 alios
1931 2302 2032 2342 scri-

1177 2365 1324 2413 ptores
1354 2359 1413 2399 ita
1448 2358 1612 2400 locutos
1650 2371 1746 2399 esse
1795 2358 1938 2399 diseas
1978 2358 2032 2399 ab

1178 2416 1398 2457 Lehrsio
1422 2415 1611 2464 Quaestt.
1635 2415 1753 2468 Epic.
1773 2411 1937 2468 plns,
1961 2414 2034 2467 qui

1177 2478 1371 2514 veterum
1394 2470 1775 2512 Grammaticorum
1802 2468 1942 2511 attulit
1969 2477 2032 2512 te·

1177 2530 1391 2571 stimonia.

1238 2585 1286 2626 B.
1320 2583 1633 2638 λογίζομαι
1662 2576 1767 2638 γάρ
1787 2580 1861 2636 —-]
1894 2583 2036 2624 Fici-

1181 2654 1301 2682 nus:
1341 2642 1417 2682 sic
1459 2641 1593 2680 enim
1623 2640 1822 2692 cogito,
1857 2637 2034 2680 duleis

1178 2698 1366 2747 amice,
1429 2697 1551 2748 quasi
1599 2695 1748 2748 legerit
1788 2694 2037 2750 λογίζομαι

1178 2747 1269 2807 γὰρ
1291 2741 1402 2806 ὦδε,
1433 2752 1548 2804 quod
1569 2758 1710 2792 tamen
1732 2752 1771 2791 in
1798 2752 1913 2792 nullo
1935 2753 2032 2796 cod.

1177 2815 1394 2864 repertum
1416 2815 1495 2851 est.

1235 2862 1457 2907 θέασαι
1480 2858 1551 2912 ὡς
1579 2863 2032 2917 πλεονεκτικῶς]

1179 2922 1298 2962 vide
1347 2930 1541 2974 quanto
1591 2933 1705 2961 cum
1764 2921 2033 2962 commodo

1180 2991 1222 3018 m
1235 2991 1305 3021 eo,
1343 2982 1452 3018 Ante
1475 2974 1519 3020 εἰ
1537 2972 1626 3031 μὲν
1647 2970 1847 3032 τυχάνει
1867 2978 2036 3018 Heus·

1181 3035 1298 3076 dius
1322 3029 1384 3083 ὥς
1413 3035 1514 3076 addi
1540 3035 1724 3075 iubebat.
1767 3033 1868 3074 Sine
1888 3045 2033 3076 causa.

1181 3090 1309 3144 Gorg.
1332 3105 1376 3146 p.
1400 3092 1485 3133 464
1509 3091 1541 3131 Β
1571 3089 1713 3132 δυοῖν
1738 3081 1903 3131 ὄντοιν
1929 3091 2035 3132 τοῖν

1180 3142 1483 3203 πραγμάτοιν
1531 3141 1620 3189 δύο
1672 3142 1791 3201 λέγω
1839 3141 2033 3200 τέχνας·

1183 3202 1273 3259 τὴν
1293 3199 1381 3259 μὲν
1404 3205 1484 3256 (sic
1507 3205 1619 3244 enim
1639 3203 1765 3244 codd.
1790 3203 1937 3256 optimi
1957 3214 2034 3256 pro

1182 3258 1267 3303 καὶ
1288 3254 1378 3315 τὴν
1399 3255 1506 3315 μὲν)
1529 3254 1608 3303 ἐπὶ
1623 3257 1680 3315 τῇ
1696 3257 1829 3314 ’ψυχῇ
1851 3258 2036 3300 πολιτι-

1180 3312 1274 3372 κὴν
1312 3317 1459 3361 καλῶ.
1505 3317 1636 3372 Legg.
1666 3317 1761 3358 VII.
1801 3326 1844 3368 p.
1877 3315 1958 3357 791
1980 3316 2032 3366 A,

1182 3376 1256 3415 ubi
1284 3388 1325 3418 v.
1357 3387 1470 3417 varr.
1499 3373 1637 3425 lectt„
1678 3372 1774 3415 XII.
1804 3384 1846 3424 p.
1875 3372 1959 3414 95⁷
1980 3371 2031 3414 A.

1181 3432 1309 3473 Plura
1332 3432 1430 3473 dedi
1451 3431 1506 3472 ad
1526 3430 1687 3472 Phileb.
1709 3441 1753 3483 p.
1777 3429 1829 3470 12
1851 3428 1899 3470 Ε.
