2158 3718
480 170 992 225 SYMPOSHJM.
1031 188 1087 238 p.
1125 171 1227 222 10?
1262 171 1336 221 St.
1684 173 1750 220 91
1818 172 1824 180 “

74 339 233 387 στος,
277 324 410 391 ἔχων
452 313 521 372 τὰ
566 311 813 388 ὄργανα,
873 322 1081 389 ἔροιτο·
1126 313 1421 380 „Tegea”
1490 313 1520 371 ὃ
1564 314 1756 386 βούλε-

77 408 215 469 σθε,
261 395 301 458 ὦ
346 397 667 472 ἄνθρωποι,
731 399 861 470 ὑμῖν
895 398 1054 474 ,παρ’
1118 396 1375 466 ἀλλήλων
1416 403 1685 470 γενέσθαι
1701 407 1750 467 ;“

76 491 167 544 καὶ
211 493 256 543 εὶ
296 484 652 556 ᾀποροῦντας
709 481 923 557 αὐτοὺς
970 480 1138 539 πάλιν
1199 485 1411 555 ἔροιτο·
1470 475 1636 555 ,ἶΑροέ
1693 505 1753 553 γε

75 574 236 627 τοῦδε
279 572 615 640 ἐπιθυμεῖτε,
658 575 716 623 ὲν
749 571 826 639 τῷ
870 567 1023 638 αὐτῷ
1060 570 1326 639 γενέσθαι
1368 562 1398 622 ὅ
1444 589 1498 623 τι
1537 565 1748 639 μάλιστ’

74 653 358 722 ἀλλήλοις,
415 649 546 718 ὥςτε
591 655 683 708 καὶ
720 652 892 708 νύκτα
935 655 1027 708 καὶ
1081 649 1288 724 ἡμέραν
1343 648 1420 723 μὴ
1466 650 1757 707 ἀπολείπε-

44 764 49 771 ·
76 742 222 794 σθαι
253 735 536 805 άλλήλωνς
580 742 625 792 εἰ
651 733 758 807 γὰρ
788 734 991 793 τούτου
1022 739 1358 806 ἐπιθυμεῖτε,
1404 739 1578 791 ἐθέλω
1610 733 1756 808 ὑμᾶς

75 821 340 890 συντῆξαι
386 824 479 876 καὶ
520 824 804 895 συμφῦσαι
845 826 921 886 εἰς
965 817 1028 876 τὸ
1064 817 1222 883 αὐτό,
1266 816 1402 874 ὥστε
1450 817 1535 876 δύ’
1589 815 1759 884 ὄντας

77 913 175 965 ἕνα
218 911 498 977 γεγονέναι
540 908 630 959 καὶ
660 911 758 968 ἕως
798 903 849 959 τ’
900 900 974 959 ἂν
1005 906 1141 972 ζῆτε,
1183 900 1256 968 ὡς
1278 908 1374 958 ἕνα
1404 898 1559 971 ὄντα,
1602 905 1759 981 κοινῇ

77 989 431 1066 ἀμφοτέρους
472 991 586 1056 ζῆν,
629 992 722 1044 καὶ
763 985 985 1043 ἐπειδὰν
1028 985 1382 1055 ἀποθάνητε,
1425 994 1532 1044 ἐκεῖ
1585 979 1657 1042 αὗ
1701 994 1761 1042 ἐν

65 1071 260 1130 ’Ἅιδου
313 1071 444 1129 ἀντὶ
500 1075 647 1128 δυεῖν
703 1078 799 1127 ἕνα
844 1069 983 1128 εἶναι
1044 1073 1201 1139 κοινῆ
1257 1074 1558 1127 τεθνεῶτε·
1621 1070 1751 1126 ἀλλ’

78 1156 273 1230 ὁρᾶτε,
315 1162 360 1212 εὶ
402 1154 608 1212 τούτου
657 1159 816 1228 ἐρᾶτε
870 1159 967 1212 καὶ
1007 1155 1216 1225 ἐξαρκεῖ
1257 1152 1404 1224 ὑμῖν,
1441 1151 1515 1210 ἂν
1557 1153 1759 1211 τούτου

77 1241 334 1313 τύχητε·“
375 1242 556 1295 ταῦτα
599 1237 847 1304 ἀκούσας
892 1238 1046 1311 ἰ’σμεν
1088 1236 1176 1295 ὅτι
1214 1237 1334 1294 οὐδ’
1387 1234 1462 1306 ἂν
1504 1237 1578 1303 εἷς
1606 1239 1763 1311 ἐξαρ-

77 1329 281 1394 νηθείη
325 1321 446 1380 οὐδ’
509 1321 648 1380 ἄλλο
703 1344 758 1378 τι
803 1319 886 1378 ἂν
945 1327 1146 1399 φανείη
1206 1322 1582 1394 βουλόμενος,
1625 1321 1753 1378 ἀλλ’

76 1409 316 1483 ἀτεχνῶς
360 1406 528 1466 οἴοιτ’
589 1405 663 1464 ἂν
717 1405 1016 1485 ἀκηκοέναι
1072 1409 1270 1474 τοῦτο,
1324 1404 1354 1463 ὃ
1409 1404 1590 1462 πάλαι
1646 1403 1762 1482 ἄρα

78 1578 171 1619 κοῖς
199 1572 345 1628 λόγοις
372 1573 497 1626 ἴσμεν
528 1570 704 1626 λέγοντα
734 1569 1157 1626 τὸνἈριστοφοῖνην,
1188 1568 1245 1618 ὥς
1274 1576 1356 1613 τῶν
1385 1570 1574 1625 ἐρώντων
1603 1570 1673 1614 διὰ
1692 1570 1758 1623 >τὸ

80 1629 252 1686 σφόδρα
280 1629 417 1684 φιλεῖν
446 1626 784 1682 ἐπιθυμούντων·
811 1632 1094 1683 συμφῦναι
1120 1629 1190 1669 καὶ
1209 1632 1413 1684 γενέσθαι
1443 1631 1486 1670 ἐκ
1519 1627 1598 1671 δύο
1629 1629 1765 1671 ὄντων

81 1688 359 1742 ἀμφοτέρους
387 1686 472 1730 ἵνα.
512 1688 708 1740 Synes.
747 1685 884 1740 Epist.
903 1685 1068 1740 p.151:
1103 1685 1298 1739 βούλοιτ’
1332 1685 1384 1726 ὃν
1415 1682 1519 1739 οὖν,
1552 1687 1682 1741 φησὶν
1711 1683 1760 1741 (ὅ

82 1744 319 1801 Πλάτων),
353 1742 596 1797 ςΗφαιστου
638 1743 766 1799 τέχνῃ
798 1745 1058 1796 συντακῆναί
1095 1759 1140 1785 τε
1168 1743 1238 1784 καὶ
1266 1748 1593 1797 συμφυῆναι
1622 1742 1693 1784 καὶ
1722 1742 1765 1785 ἓν

82 1803 212 1859 ἆμφώ
241 1805 461 1858 γενέσθαι.
490 1816 531 1843 v.
563 1799 715 1841 Finkh.
747 1804 789 1842 in
822 1800 951 1842 lahnii
981 1802 1174 1842 Annalib.
1204 1814 1246 1842 a.
1272 1800 1396 1844 1831.
1415 1800 1540 1844 Fasc.
1563 1800 1764 1857 3.p.305.

196 1860 288 1906 ἕως
330 1858 372 1900 τ’
418 1857 482 1900 ἂν
526 1857 678 1911 ζῆτε]
719 1856 814 1899 ἔσθ’
837 1857 889 1897 ἂν
920 1858 1012 1901 vat.
1038 1870 1078 1902 n.
1099 1858 1243 1899 Ambr.
1266 1856 1341 1903 ἕως
1371 1857 1449 1898 τᾶν
1484 1857 1608 1900 Bodl.
1654 1858 1765 1899 Dein

83 1923 190 1962 vett.
222 1918 342 1960 editt.
374 1914 428 1965 ὥς
456 1914 528 1956 ἕνα
566 1913 720 1967 ὄντας,
762 1915 878 1968 quod
910 1914 1108 1956 codicum
1139 1914 1229 1956 fere
1260 1917 1448 1956 omnium
1479 1917 1764 1956 consensione

83 1980 290 2018 mutatum
332 1979 414 2016 est.
474 1973 579 2015 Mox
611 1972 726 2013 δυεῖν
767 1972 832 2014 hic
873 1977 917 2014 et
964 1973 1006 2013 in
1037 1972 1244 2027 proximis
1286 1973 1412 2013 Bodl.
1441 1973 1576 2014 Coisl.
1600 1971 1693 2014 vat.
1713 1970 1768 2014 A.

83 2033 210 2077 Vind.
233 2031 276 2076 2.
297 2033 403 2085 Ang.
418 2045 468 2073 w.
485 2031 631 2073 Ven.t.
656 2043 734 2083 pro
755 2032 866 2083 vulg.
895 2031 1027 2072 δυοῖν.
1048 2029 1188 2071 Etiam
1204 2044 1243 2082 p.
1266 2029 1366 2073 211.
1391 2029 1439 2073 C.
1459 2029 1609 2082 optimi
1634 2029 1764 2069 δυεῖν.

85 2090 175 2133 Sed
207 2101 359 2141 magna
392 2094 460 2130 est
490 2087 570 2130 hoc
609 2087 649 2128 in
679 2100 837 2140 genere
867 2087 1064 2129 codicum
1098 2088 1317 2129 fluctuatio
1335 2118 1347 2138 ‚
1389 2099 1469 2127 nec
1499 2085 1765 2140 grammatici

85 2147 189 2189 certi
219 2145 320 2200 quid
350 2145 404 2186 de
435 2157 516 2186 usu
546 2144 665 2186 huius
696 2143 862 2186 formae
881 2145 1160 2198 praecipiunt,
1195 2158 1231 2189 v.
1255 2143 1505 2185 Schneider.
1526 2143 1580 2184 ad
1601 2144 1761 2196 Remp.

85 2205 195 2257 V.‚p.
220 2203 320 2248 470.
355 2203 405 2244 Β.
435 2203 583 2256 ltaque
612 2201 786 2255 singulis
817 2202 922 2244 locis
951 2201 1052 2254 quid
1085 2201 1211 2246 codd.
1244 2202 1428 2243 maxime
1457 2199 1764 2243 commendent

85 2260 314 2303 videndum
347 2259 443 2301 erit.

145 2376 196 2417 D.
256 2370 599 2428 μαντεύεται
637 2367 663 2411 3
700 2369 876 2428 βούλ.]
962 2378 1011 2415 ut
1058 2385 1187 2427 supra
1234 2385 1275 2425 p.
1318 2369 1412 2416 183.
1461 2370 1514 2412 E.
1574 2370 1761 2425 ponitur,

89 2433 128 2476 h.
160 2446 198 2474 e.
243 2431 456 2473 divinat
498 2430 653 2482 quasi
695 2434 748 2471 et
786 2442 880 2472 au-
962 2443 1092 2483 quum
1125 2434 1169 2472 et
1198 2429 1368 2482 proprie
1399 2427 1453 2470 de
1476 2428 1664 2469 Vulcano
1697 2427 1764 2468 di-

87 2495 329 2544 guratur.
387 2488 460 2529 Sic
488 2484 786 2540 μαντεύεσθαι
816 2488 878 2529 le·
964 2492 1104 2539 catur,
1137 2491 1179 2528 et
1206 2489 1508 2540 μεταφορικῶς
1539 2485 1592 2527 de
1615 2498 1763 2526 amore

87 2549 202 2601 gitur
233 2545 382 2599 Lysid.
410 2559 451 2599 p·
485 2544 585 2588 215.
614 2543 665 2584 D.
701 2543 754 2586 de
785 2544 881 2587 Re-
965 2549 1011 2587 et
1040 2544 1278 2587 amantibus
1309 2543 1503 2596 usurpari
1536 2544 1688 2593 soleat,
1722 2555 1763 2584 ν.

89 2606 205 2659 publ.
235 2604 309 2646 111.
342 2617 384 2658 p.
417 2600 513 2649 394.
555 2602 609 2643 D.
641 2599 807 2645 Pliileb.
839 2615 882 2656 p.
965 2601 1243 2644 Ruhnken.
1285 2599 1339 2642 ad
1379 2599 1491 2641 Tim.
1535 2601 1684 2642 Gloss.
1717 2613 1764 2653 p.

92 2663 161 2708 64.
196 2663 246 2703 Α.
279 2662 334 2704 al.
971 2658 1065 2704 139.
1118 2659 1182 2701 De
1222 2661 1445 2712 συμφῦσαι
1484 2658 1579 2711 lege
1619 2663 1765 2699 annot.

148 2718 240 2759 καὶ
275 2719 322 2760 εἰ
362 2715 555 2764 αὐτοῖς
601 2716 655 2756 ἓν
685 2718 753 2771 τῷ
785 2713 885 2755 αὔ-
973 2717 1066 2758 crit.

91 2781 168 2832 τῷ
204 2774 270 2828 κ.]
319 2775 498 2817 Orditur
537 2773 740 2828 apodosis
782 2772 889 2815 infra
1029 2769 1139 2813 ἀλλ’
1196 2769 1430 2822 ἀτεχνῶς
1475 2768 1642 2813 οἴοιτ’
1702 2767 1769 2810 (ἲν

94 2839 199 2876 sect.
233 2833 285 2874 E.
322 2846 347 2874 a
376 2833 538 2874 verbis:
581 2836 724 2872 ταῦτα
753 2828 889 2872 ἄκου’-
971 2827 1087 2880 ἐκ]
1140 2828 1205 2870 Ad
1250 2829 1378 2887 oign'
1422 2826 1475 2868 ἄν
1509 2842 1562 2870 ex
1592 2841 1769 2881 praece-

94 2906 169 2938 σας
197 2890 317 2941 ἴσμεν
358 2887 430 2930 ὅτι
467 2887 565 2930 οὔδ’
611 2887 664 2928 ἄν
691 2882 750 2935 εἷς
781 2903 888 2933 κ.,τ.
973 2887 1101 2929 dente
1132 2885 1234 2927 ου’δε
1266 2889 1325 2931 ὲὶς
1360 2886 1551 2938 intellige
1581 2885 1765 2932 ἕκαστος.
1803 2910 1805 2913 -

95 2947 148 2998 λ.,
196 2946 268 2987 ubi
300 2950 471 2996 orator,
510 2945 775 2998 pronominis
808 2942 890 2985 αὔ-
972 2945 1038 2986 De
1076 2944 1264 2998 Republ.
1297 2942 1349 2985 11.
1380 2958 1421 2999 p.
1451 2943 1550 2988 366.
1582 2943 1642 2984 D:
1684 2941 1769 2982 τῶν

94 3007 186 3050 τοῖς
214 3014 299 3044 non
318 3002 502 3055 amplius
527 3014 708 3052 memor,
739 3013 892 3043 nume-
970 3016 1016 3055 γε
1059 3001 1199 3042 ἄλλων
1244 2998 1387 3049 οὐδεὶς
1432 2999 1531 3041 ἑκὼν
1586 2999 1766 3047 δίκαιος,

96 3073 189 3102 rum
222 3060 479 3112 singularem
520 3059 663 3112 posuit
703 3070 890 3110 eumque
971 3056 1068 3098 ἀλλ’
1100 3056 1185 3099 ὑπὸ
1226 3056 1452 3112 ἀνανδρίας
1480 3080 1527 3087 -
1560 3058 1684 3111 ψέγει
1713 3053 1763 3093 τὸ

97 3117 294 3172 proximo
326 3113 424 3156 οὐδ’
467 3112 520 3154 ἂν
554 3110 614 3161 εἷς
643 3126 890 3155 accommo-
973 3114 1166 3169 ἀδικεῖν,
1215 3113 1438 3156 ἀδυνατῶν
1484 3112 1590 3154 αὐτὸ
1646 3111 1768 3163 δρᾶν.

98 3174 224 3217 davit.
260 3174 493 3226 Perperam
515 3170 618 3214 haec
648 3169 768 3226 ῥῆσις
798 3172 890 3213 vul-
972 3171 1071 3214 ibid.
1112 3186 1154 3228 p.
1195 3170 1293 3217 382.
1333 3172 1384 3213 Β.
1430 3170 1543 3211 Vlll.
1588 3183 1623 3223 p.
1668 3165 1766 3210 561.

99 3245 156 3286 go
188 3229 546 3284 distinguebatur.
975 3229 1028 3271 B.
1044 3228 1181 3283 Legg.
1200 3228 1296 3274 628.
1322 3235 1373 3270 A.
1405 3227 1583 3268 Theaet.
1608 3238 1646 3278 p.
1669 3222 1767 3267 157.

158 3288 210 3330 Ε.
262 3287 527 3339 συντῆξαι
555 3284 645 3326 καὶ
674 3289 891 3339 συμφῦ-
975 3286 1028 3328 Β.
1060 3285 1336 3342 Demosth.
1368 3285 1408 3324 in
1437 3282 1612 3324 Midiam
1633 3294 1675 3335 p.
1695 3279 1766 3324 39.

101 3345 218 3399 σαι]
266 3344 455 3386 Verbum
502 3343 673 3395 τήκειν,
713 3342 894 3397 lique-
976 3346 1021 3385 et
1048 3342 1118 3388 40.
1149 3343 1218 3386 ed.
1262 3343 1424 3384 Buttm.
1465 3351 1527 3393 pr.
1573 3339 1764 3380 Horat.

100 3402 310 3453 facere,
343 3400 661 3455 elegantissime
685 3398 766 3443 boc
796 3401 892 3443 loco
976 3400 1173 3443 Sermon.
1237 3400 1267 3441 1.
1313 3400 1352 3450 l,
1406 3398 1453 3440 1:
1496 3394 1616 3439 Qui
1657 3393 1766 3442 fit,
