2158 3718
839 149 1102 200 PHAEDo
1135 172 1179 212 p.
1211 159 1279 200 66.
1318 149 1322 152 “

1826 157 1952 211 115

166 287 549 364 παρίστασθαι
595 293 766 358 δόξαν
814 295 1039 348 τοιανδε
1083 315 1210 349 τινα
1255 303 1371 358 τοῖς
1416 298 1660 364 γνησίως
1717 297 1953 364 φιλοσό-

167 398 323 448 φοις,
363 377 498 442 ω’ςτε
534 379 629 431 καὶ
665 376 807 447 πρὸς
845 376 1123 448 αλλήλους
1159 377 1374 432 τοιαῦτ’
1415 378 1551 433 ἄττα
1602 380 1818 448 λέγειν,
1867 378 1953 432 ὅτι

164 463 506 557 Κινδυνεύει
550 481 636 515 τοι
684 461 866 532 ιδ’,ςπερ
916 461 1161 534 ατραπός
1208 483 1290 526 τις
1339 465 1602 533 ἐκφέρειν
1639 462 1781 533 ἡμᾶς
1817 484 1954 534 μετα

278 634 384 687 Cap.
404 634 480 674 XI.
523 634 569 677 B.
611 627 874 686 ἀτραπός
904 648 991 683 τις
1020 628 1324 700 ἐκφέρειν]
1366 648 1436 684 τις
1458 636 1557 678 add.
1579 635 1700 676 Bodl.
1723 636 1829 678 Tub.
1853 637 1949 677 Vat.

162 690 342 731 Ven.11
369 691 497 733 vind.
521 690 560 733 Φ
590 691 737 731 Ambr.
770 691 881 733 F101.
913 691 955 731 d.

999 690 1069 732 Sic
1099 704 1250 751 ωςπερ
1275 698 1483 758 sequente
1504 706 1575 756 τις
1597 704 1725 758 saepe
1747 691 1949 756 positum,

161 745 294 786 veluti
320 746 382 786 De
408 747 514 814 Rep.
540 747 592 789 ΙΙ.
624 759 667 799 p.
687 747 771 787 427
807 745 945 788 δοκεῖ
973 760 1055 814 μοι
1085 750 1210 789 εἰναι
1241 742 1289 801 (ἡ
1328 743 1483 799 πόλις)
1515 739 1666 800 ὥςπερ
1696 741 1835 802 ὑγιής
1865 762 1947 797 τις.

161 802 269 843 Dein
289 795 418 856 ἡμᾶς
440 795 662 855 ἐκφέρειν
683 815 760 856 pro
784 795 1008 855 ἐκφέρειν
1028 798 1155 858 ἡμᾶς
1183 805 1281 845 Vat.
1311 805 1420 844 Ven.
1446 804 1497 845 Π
1513 805 1639 845 Vind.
1663 804 1702 845 Φ
1724 805 1821 845 Par.
1846 805 1880 846 G
1911 815 1951 845 et

161 858 233 898 alii
262 859 468 900 nonnulli

160 915 364 956 ince1tam
385 916 531 956 sedem
553 915 689 955 eiecit.

216 1055 325 1120 Cap.
364 1055 442 1096 ΧΙ.
490 1054 539 1095 Β.
600 1053 1012 1106 παρίστασθαι

161 1105 362 1176 δόῃξαν]
386 1124 430 1153 v,
450 1123 493 1164 p.
518 1111 573 1151 58
592 1111 625 1149 E
639 1110 787 1174 ibique
808 1117 952 1152 annot.

215 1181 308 1210 οτι
347 1161 710 1209 Κινδυνεύει
752 1165 857 1218 τοι]
898 1168 1040 1231 Ante„

159 1225 302 1265 omnia
322 1223 554 1264 tenendum
564 1223 788 1287 loquentes
798 1223 1009 1263 introduci

157 1278 464 1335 philosophos
454 1291 587 1333 ipsos,
607 1280 666 1318 ita
676 1269 805 1320 ιιῑοτι
818 1279 1008 1332 positum

157 1338 213 1378 sit
241 1336 524 1383 abundanter,
564 1335 680 1386 quod
709 1335 1007 1389 pervulgatum

158 1402 237 1436 est.
262 1406 302 1437 v,
321 1391 503 1435 Matth.
523 1392 564 1441 ἕ.
587 1392 683 1431 624.
725 1391 888 1431 Deinde
906 1392 1008 1432 inde

156 1441 485 1491 ειΚινδυνεύει
500 1460 574 1488 τοι
590 1447 782 1499 sequitur
796 1448 892 1500 ipsa
911 1447 1007 1501 phi-

154 1505 432 1558 losophorum
453 1504 663 1544 sententia
684 1510 797 1544 recta
818 1504 1008 1544 oratione

157 1563 390 1604 enuntiata.
418 1561 479 1601 Ea
500 1573 615 1611 vero,
645 1560 682 1599 si
701 1560 802 1612 quid
821 1560 1008 1600 iudicare

156 1630 409 1672 possumus,
459 1616 564 1656 haec
621 1624 708 1656 est:
782 1617 1007 1657 Videtur

155 1687 282 1715 sane
320 1681 586 1725 tamquam
622 1673 813 1713 semita
843 1685 1002 1724 quae—

156 1732 271 1771 dam
293 1727 357 1784 (h.
369 1743 404 1770 e.
428 1730 496 1769 via
517 1729 670 1769 arctior
694 1741 770 1769 nec
786 1741 886 1769 vero
908 1729 1006 1778 lata,

158 1787 295 1838 qualis
315 1792 378 1827 est
393 1787 464 1825 via
481 1783 618 1839 regia)
638 1798 697 1826 no
711 1785 790 1826 bis
813 1785 1006 1826 relicta

157 1855 301 1892 esse,
325 1842 477 1883 cuius
507 1854 604 1895 ope
631 1842 682 1880 in
704 1842 1006 1893 quaerenda

154 1912 329 1940 rerum
348 1899 594 1948 veritate,
614 1910 730 1937 cum
752 1910 1006 1938 sensuum

153 1955 597 2010 perturbationes
614 1954 868 1994 maximae
885 1955 1004 2004 sint,

154 2013 220 2052 ad
240 2010 605 2076 propositum,
635 2010 678 2050 h.
703 2024 738 2051 e.
768 2011 831 2051 ad
860 2012 1003 2051 veri-

152 2069 284 2109 tatis
314 2067 675 2135 cognitionem
707 2067 1001 2107 educamur.

154 2124 320 2178 Quippe
361 2136 596 2177 ατραπος,
649 2123 855 2169 semita,
899 2123 1004 2162 nihil

155 2181 273 2221 aliud
292 2180 564 2242 intellegitur,
589 2179 750 2231 opinor,
775 2191 898 2244 quam
924 2174 1004 2219 λύ-

153 2248 226 2285 σις
247 2233 330 2277 καὶ
352 2228 585 2290 χωρισμὸς
615 2234 776 2288 ψυχῆς
799 2227 892 2275 απὸ
918 2228 1002 2275 σώ-

151 2305 367 2358 ματος,ιι
338 2300 385 2332 ut
404 2291 514 2331 infra
534 2304 577 2344 p.
599 2291 699 2331 67D
722 2291 887 2355 dicitur,
910 2292 1003 2331 sive

151 2342 205 2390 τὸ
238 2340 634 2389 απαλλοὶττεσθαι
664 2345 749 2387 τοῦ
788 2322 1001 2412 σώματος

150 2402 243 2447 καὶ
257 2397 378 2469 αὐτῇ
400 2402 456 2458 τῇ
477 2402 610 2457 ψυχῇ
633 2402 854 2445 θεᾶσθαι
876 2396 1003 2444 αὐτοὶ

153 2475 213 2503 τα
248 2473 505 2515 πραγματα
533 2459 651 2525 (DE5
659 2459 692 2511 ).
754 2459 861 2499 Nam
890 2461 1004 2500 eius-

151 2518 265 2558 modi
286 2518 491 2558 seiunctio
521 2515 651 2556 animi
672 2515 836 2556 Socrati
855 2516 999 2556 Plato-

151 2575 246 2615 nico
268 2574 435 2614 videtur
455 2573 578 2624 quasi
605 2566 846 2625 κάθαρσις
869 2585 998 2624 quae-

151 2631 249 2671 dam
281 2643 396 2680 esse,
429 2629 538 2669 sicut
567 2641 588 2668 e
618 2641 659 2693 Ρ.
683 2630 737 2670 66
759 2630 792 2669 F
816 2638 856 2669 et
885 2630 939 2669 67
961 2630 999 2669 A

149 2686 418 2739 intellegitur.
441 2686 593 2726 Recte'
584 2685 712 2750 igitur
730 2685 821 2749 Oly
832 2698 869 2724 m
884 2697 911 2738 p
922 2686 935 2724 i
947 2698 999 2725 o-

151 2743 334 2783 dorus.
361 2741 548 2807 φησίν,
591 2738 663 2782 ὅτι
683 2735 882 2806 ταύτην
910 2735 1000 2795 τὴν

150 2791 416 2863 ατραπὸν
456 2793 598 2866 ἰτέρν,
641 2790 697 2838 οὗ
738 2791 826 2850 τὴν
864 2798 998 2839 λεω-

152 2847 357 2908 φόρον·
401 2846 536 2895 τοῦτ’
559 2849 674 2918 ἔστι,
705 2855 999 2920 καθαρτι-

150 2909 257 2958 κῶς
298 2906 514 2975 ζητέον
582 2903 795 2976 ἆτραπος
834 2924 924 2964 γαρ
965 2925 995 2963 η

152 2960 287 3032 ὁδός,
318 2959 452 3006 τοῦτ’
493 2961 620 3006 ἔστιν
649 2960 678 3019 ἡ
708 2961 998 3031 καθαρσις

151 3016 208 3086 ἡ
213 2997 307 3064 ἐπὶ
337 3015 439 3075 τὴν
468 3021 729 3086 θεωρίαν
758 3034 995 3076 αγουσα.

151 3091 208 3120 ου
230 3071 318 3132 τὴν
340 3072 595 3144 λεωφόρον
604 3076 756 3142 (viam
777 3079 996 3143 regiam)

152 3129 206 3176 δε
235 3133 319 3176 δεῖ
340 3131 465 3177 ἰέναι
513 3125 644 3173 τοῦτ’
669 3129 767 3174 ἔστι
795 3129 883 3188 τὴν
903 3133 998 3176 τῶν

150 3189 351 3234 πολλῶν.
401 3165 484 3231 παῖ
525 3182 866 3254 Πυθαγόρειον
906 3205 995 3256 γαρ

152 3236 214 3300 ἦν
252 3240 580 3312 παραγγελμα
605 3238 851 3299 φεύγειν
892 3260 996 3294 τας

153 3303 502 3368 λεωφορους.
546 3302 651 3342 Nam
688 3308 733 3341 ut
762 3302 878 3343 Plato
912 3316 996 3342 non

151 3360 395 3412 cogitaverit
418 3360 470 3400 de
490 3366 714 3411 praecepto
735 3358 818 3398 isto
840 3358 994 3411 Pytha-

151 3416 308 3467 gorico,
332 3416 385 3456 de
406 3428 486 3467 quo
520 3429 559 3455 v·
587 3412 911 3454 RittershuS.
942 3416 997 3454 ad

152 3470 359 3525 Porphyr.
388 3472 449 3512 De
486 3472 558 3511 vit.
589 3470 766 3523 Pythag.
797 3471 835 3519 ξ.
865 3471 920 3510 42
958 3478 998 3509 et

511 859 634 907 Quod
663 859 871 899 dederunt
900 859 1081 900 Bekker.
1114 867 1154 900 et
1174 861 1416 901 Turicenss.
1461 860 1545 901 Sed
1574 862 1716 901 Herm.
1747 854 1876 913 ἡμᾶς
1899 865 1950 902 ob

1099 1055 1306 1107 Gyrald.
1343 1056 1404 1095 De
1435 1056 1616 1109 symbol.
1648 1055 1876 1108 Pythagor.
1907 1070 1948 1109 p.

1098 1112 1210 1152 103
1200 1124 1244 1151 ιιι
1266 1112 1332 1154 ed.
1354 1112 1534 1155 Hierocl.
1559 1111 1697 1155 Lond.
1724 1113 1950 1154 16731au-

1097 1168 1222 1208 datus
1246 1167 1316 1207 ille
1345 1180 1369 1207 a
1389 1167 1806 1220 Wyttenbachio
1825 1170 1884 1235 ad
1906 1169 1948 1209 h.

1095 1224 1120 1263 l.
1125 1232 1290 1274 ,tamen
1308 1225 1484 1265 dubium
1500 1237 1585 1264 non
1604 1230 1681 1274 est,
1695 1219 1950 1289 quincimoc-

1094 1275 1185 1328 πός
1205 1281 1491 1334 intellegenda
1513 1281 1568 1321 sit
1598 1259 1800 1321 sol’utio
1834 1282 1950 1320 ani-

1094 1337 1160 1375 mi
1209 1349 1234 1376 a
1284 1347 1527 1390 corpore,
1579 1337 1718 1389 qualis
1758 1337 1950 1390 perfecta

1097 1393 1350 1433 mortalibus
1379 1402 1514 1433 morte
1545 1394 1716 1433 demum
1751 1394 1947 1447 obtingit.

1098 1449 1218 1498 Quae
1234 1450 1404 1501 quidem
1426 1450 1616 1490 semita
1637 1450 1731 1490 ideo
1756 1458 1947 1498 vocatur,

1096 1506 1193 1556 quia
1217 1518 1264 1545 ea
1286 1514 1504 1556 tamquam
1526 1514 1709 1559 angusta
1740 1507 1948 1556 quaedam

1093 1562 1162 1602 via
1200 1561 1467 1615 philosophis
1497 1563 1643 1602 relicta
1682 1569 1764 1611 est,
1796 1575 1877 1612 qua
1905 1563 1946 1601 in

1093 1619 1224 1658 tantis
1285 1631 1492 1658 sensuum
1559 1619 1946 1673 perturbationibus

1091 1675 1260 1740 possint
1290 1675 1467 1715 eluctari
1501 1675 1556 1715 ad
1584 1675 1809 1715 absolutae
1840 1676 1947 1715 veri-

1093 1732 1191 1771 tatis
1233 1731 1527 1784 cognitionem.
1598 1732 1765 1772 Etenim
1806 1724 1948 1783 ε’κφέ-

1094 1800 1217 1840 ρειν,
1260 1788 1506 1837 educere,
1559 1801 1670 1828 nunc
1713 1786 1945 1840 significat:

1095 1856 1157 1884 ex
1198 1844 1644 1884 difficultatibus
1694 1818 1920 1883 edoucere
1953 1876 1964 1896 ‚

1094 1913 1204 1951 quae
1232 1912 1436 1940 sensuum
1470 1900 1861 1952 perturbationibus
1898 1912 1946 1939 ac

1093 1956 1287 1996 ludibriis
1317 1956 1521 2006 oriuntur,
1550 1956 1607 1995 ita
1635 1962 1680 1996 ut
1708 1956 1763 1995 ad
1784 1963 1944 1995 certum

1093 2012 1277 2064 aliquem
1317 2011 1447 2051 finem
1487 2013 1774 2065 perveniatur.
1836 2011 1943 2052 Nam

1090 2069 1263 2122 proprie
1286 2076 1370 2109 est:
1413 2081 1475 2108 ex
1506 2069 1767 2122 impedito
1797 2068 1848 2107 in
1877 2069 1941 2108 li·

1091 2125 1268 2164 berum
1298 2125 1549 2175 educere,
1589 2125 1757 2164 eloco
1788 2132 1942 2177 septo

1092 2181 1142 2219 in
1184 2187 1422 2233 apertum
1464 2181 1679 2221 efferre.
1733 2193 1772 2220 v.
1810 2179 1942 2233 Soph.

1088 2236 1208 2277 Aiac.
1231 2238 1270 2276 7.
1294 2236 1399 2277 Oed.
1423 2236 1511 2277 Col.
1537 2238 1661 2288 1424,
1695 2248 1802 2288 quos
1826 2236 1942 2276 locos

1089 2293 1227 2332 attulit
1267 2293 1392 2332 etiam
1433 2292 1731 2342 Heindorf,
1766 2301 1805 2331 et
1833 2292 1941 2332 Plat.

1070 2381 1073 2383 <
1091 2347 1247 2401 Cratyl.
1279 2362 1322 2402 p.
1346 2348 1428 2389 386
1451 2349 1502 2388 Α.
1545 2350 1633 2388 Iam
1663 2361 1761 2389 vero
1793 2348 1943 2388 semita

1061 2411 1065 2413 ·
1088 2404 1162 2444 illa
1185 2405 1264 2444 hoc
1285 2405 1425 2445 facere
1446 2398 1637 2444 dicitur'
1615 2417 1667 2447 εν
1681 2404 1737 2459 τῇ
1756 2400 1942 2458 σκέψει,

1088 2460 1131 2500 Ιι.
1157 2474 1191 2502 e.
1236 2462 1288 2500 in
1329 2461 1758 2512 investigatione
1798 2463 1941 2501 veri-

1088 2518 1239 2560 tatis.
1304 2517 1411 2557 Nam
1453 2518 1526 2557 de
1545 2517 1626 2557 hac
1665 2517 1940 2570 cogitandum

1087 2587 1184 2613 esse
1213 2587 1267 2614 ex
1300 2574 1521 2614 universae
1551 2573 1851 2627 disputationis
1873 2586 1941 2613 ra-

1088 2631 1203 2671 tione
1224 2637 1418 2696 apparet.
1447 2631 1510 2670 Ita
1535 2642 1665 2683 supra
1685 2643 1728 2683 p.
1752 2631 1806 2671 65
1827 2631 1865 2669 Α.
1887 2643 1939 2672 εν

1086 2685 1142 2740 τῇ
1185 2685 1373 2740 ζητησει
1415 2694 1458 2726 et
1497 2699 1540 2739 p.
1571 2687 1624 2726 66
1649 2686 1682 2726 D
1722 2679 1841 2739 πρὸς
1883 2679 1940 2727 τὸ

1086 2745 1284 2784 σκοπεῖν
1324 2757 1370 2783 τι
1410 2755 1458 2782 ac
1496 2743 1666 2810 plenius
1707 2742 1848 2806 paullo
1877 2743 1939 2782 De

1085 2799 1190 2865 Rep.
1212 2799 1244 2838 Ι.
1267 2812 1310 2852 Ρ.
1333 2801 1416 2840 336
1437 2799 1470 2838 E
1501 2792 1553 2840 ἐν
1581 2797 1636 2852 τῇ
1668 2798 1761 2840 τῶν
1787 2792 1938 2852 λόγων

1086 2861 1269 2907 σκεψει
1329 2855 1438 2894 Fieri
1477 2862 1619 2895 autem
1660 2855 1763 2896 illud
1804 2855 1938 2895 videri

1086 2912 1240 2951 dicitur
1266 2904 1385 2965 μετὰ
1416 2909 1502 2952 τοῦ
1533 2904 1704 2965 λόγου,
1734 2913 1761 2950 1.
1785 2924 1820 2950 e.
1854 2925 1871 2950 r
1882 2925 1937 2951 ι-

1085 2968 1234 3007 tione
1256 2969 1484 3007 ducente
1513 2968 1597 3007 vel
1626 2943 1935 3016 adiuvante,

1085 3025 1186 3064 dum
1215 3023 1308 3064 sola
1347 3032 1489 3064 mente
1530 3025 1751 3063 veritatem
1792 3035 1935 3062 rerum

1086 3092 1345 3133 cognoscere
1419 3081 1668 3120 studeamus
1734 3079 1934 3119 sensibus

1084 3137 1273 3189 corporis
1304 3149 1388 3176 non
1416 3136 1638 3200 adhibitis,
1681 3148 1776 3174 cnm
1817 3135 1935 3175 aliter

1083 3191 1241 3232 faciant
1272 3192 1351 3240 illi,
1383 3194 1455 3242 qui
1477 3185 1567 3244 τὴν
1591 3166 1845 3255 λεωφόρον
1866 3193 1929 3230 in-

1081 3249 1333 3301 grediuntur
1370 3257 1409 3287 et
1444 3249 1484 3287 in
1527 3260 1662 3287 ieiuni
1694 3248 1932 3300 cognitione

1083 3304 1207 3344 etiam
1262 3317 1467 3344 sensuum
1523 3312 1564 3342 et
1611 3304 1800 3356 corporis
1850 3315 1930 3354 ope

1083 3367 1268 3408 utuntur,
1287 3360 1414 3400 licet
1405 3361 1457 3399 lis
1483 3360 1596 3399 varie
1617 3361 1929 3423 perturbentur.

1083 3416 1264 3455 Pertinet
1286 3417 1397 3455 enim
1418 3409 1537 3479 μετὰ
1561 3414 1644 3455 τοῦ
1670 3409 1823 3482 λόγου
1837 3414 1928 3453 sine

1083 3471 1210 3511 dubio
1250 3473 1304 3511 ad
1341 3465 1551 3524 ατραπός
1593 3485 1663 3518 τις
1705 3464 1926 3523 ἐκφέρειν

1514 3538 1590 3588 8ἱίθ
