2158 3718
380 141 486 189 1⁰8
993 143 1413 196 PLATONJS

298 277 339 327 C
383 286 520 357 ἔφυ,
572 289 628 338 ὲκ
671 287 772 340 τοῦ
816 288 951 359 ἐρᾶν
995 289 1107 342 τῶν
1150 289 1334 344 καλῶν
1375 287 1543 346 πάντ’
1607 286 1814 359 ἀγαθὰ
1871 291 2056 360 γέγονε

367 370 465 422 καὶ
521 370 683 432 θεοῖς
738 372 830 424 καὶ
887 368 1238 440 ἀνθρώποις.
1340 372 1528 439 Οὕτως
1586 377 1709 446 ἐμοὶ
1744 377 1938 441 δοκεῖ,
2011 366 2052 430 ὦ

377 453 621 523 Φαῖδρε,
651 448 827 524 ’Έρως
868 457 1089 528 πρῶτος
1131 451 1305 520 αὐτὸς
1345 454 1421 513 ὢν
1463 459 1751 523 κάλλιστος
1786 461 1879 514 καὶ
1921 454 2056 531 ἄρι-

349 555 502 614 Δστος
538 533 675 608 μετὰ
721 539 890 593 τοῦτο
949 547 1069 603 τοῖς
1110 536 1300 604 ἄλλοις
1341 537 1524 598 ἄλλων
1566 542 1835 599 τοιούτων
1877 542 2056 609 αἴτιος

369 616 526 674 εἶναι.
570 624 850 690 ἐπέρχεται
907 624 962 677 δέ
1013 626 1110 694 μοί
1163 645 1219 679 τι
1255 627 1350 680 καὶ
1394 631 1662 702 ἔμμετρον
1711 633 1908 695 εἰπεῖν,
1964 625 2052 684 ὅτι

367 695 535 767 οὗτός
582 708 731 760 ἐστιν
748 736 749 740 =
772 702 803 760 ὁ
848 708 1027 762 ποιῶν

482 865 533 908 C·
595 871 807 919 πρῶτος
850 868 1020 919 αὐτὸς
1059 872 1126 916 ὢν
1162 873 1226 929 m]
1264 873 1450 918 Vind.2.
1492 877 1536 915 et
1565 872 1688 916 Stob.
1719 878 1911 929 πρῶτον,
1937 874 2051 929 quod

365 923 573 976 wolfius,
611 926 710 978 quia
740 933 997 980 sequeretur
1025 930 1134 986 μετὰ
1169 936 1332 986 τοῦτο,
1368 930 1657 986 recipiendum
1685 930 1904 977 iudicavit.
1961 931 2051 974 Sed

365 986 486 1023 recte
517 981 586 1023 alii
613 995 788 1025 sensum
823 984 1094 1031 declararunt
1123 991 1214 1035 sict
1245 1002 1408 1042 quum
1438 989 1647 1043 primus
1676 989 1801 1043 ipse
1831 988 1905 1031 sit
1938 990 2051 1043 pul—

365 1038 694 1081 cherrimus.
756 1041 820 1084 De
853 1049 1021 1098 πρῶτος
1053 1045 1190 1096 αὐτὸς
1219 1047 1347 1090 docte
1378 1047 1578 1101 exposuit
1605 1045 1843 1088 Fritscliius
1873 1046 1929 1089 ad
1957 1047 2051 1089 Lu-

366 1096 471 1140 ciani
510 1096 704 1151 Dialogg.
736 1098 856 1141 deor.
888 1111 929 1155 p.¹
962 1101 1032 1147 44.

480 1157 741 1210 νηνεμίαν
780 1155 1010 1215 ἀνέμων]
1051 1158 1101 1201 τγ
1127 1159 1291 1216 ἀνέμων
1322 1160 1446 1203 Stob.
1477 1158 1641 1203 ven-E.
1666 1159 1845 1204 Vind.2.
1876 1159 2050 1217 ἀνέμοις

360 1266 484 1321 οἶμαι
513 1266 595 1323 γάρ
627 1284 670 1310 σε
702 1269 866 1313 οὑτωσί
897 1287 989 1321 πως
1017 1276 1163 1327 εἰπεῖν,

363 1323 436 1365 δ”ιι
466 1330 560 1372 τοῖς
590 1330 716 1375 θεοῖς
755 1331 1078 1386 κατεσκευάσθη
1110 1332 1160 1374 ’τὰ

362 1381 603 1437 πράγματα
636 1385 695 1425 δι’
743 1388 881 1438 ἔρωτα
909 1391 1061 1434 καλῶν.
1095 1391 1163 1430 αἱ·

364 1442 502 1493 ’σχρῶν
531 1440 614 1496 γὰρ
646 1442 726 1483 ov'n
757 1445 821 1496 εἴη
853 1446 970 1499 ἔρως.

422 1498 470 1540 C.
538 1501 834 1555 ἐπέρχεται
878 1505 933 1546 δέ
979 1505 1078 1559 μοί
1111 1521 1165 1547 τι

364 1554 451 1596 καὶ
490 1557 637 1611 {papi-J
680 1558 720 1602 ll.
763 1573 800 1601 e.
840 1560 890 1602 in
930 1567 1162 1604 mentem

363 1613 489 1655 milii
529 1616 690 1658 venit.
751 1616 1009 1660 Germanice
1041 1619 1164 1663 dixe-

363 1671 443 1713 ris:
501 1671 634 1713 mich
690 1674 926 1717 wandelt
976 1689 1061 1728 an,
1091 1691 1161 1722 ²V.

363 1728 738 1784 Wyttenbacli.
769 1731 822 1773 ad
854 1733 1013 1777 Select.
1035 1735 1163 1776 Prin-

363 1785 432 1839 cip
462 1786 572 1829 Hist.
588 1800 628 1840 p.
644 1786 744 1831 346.
759 1789 868 1833 conf.
891 1791 998 1832 infra
1010 1805 1051 1846 p.
1066 1792 1161 1836 199.

362 1843 415 1886 Β.
438 1843 596 1902 Cratyl.
618 1858 658 1899 p.
677 1844 776 1890 428.
799 1847 848 1892 C.
893 1849 958 1890 De
977 1848 1163 1892 formula

362 1898 436 1941 ὅτι
465 1900 602 1947 οὗτός
629 1903 742 1943 ἐστιν
771 1903 795 1947 ὁ
827 1910 960 1946 ποιῶν
994 1920 1034 1948 ν.
1064 1907 1160 1948 Ba-

362 1959 426 2000 ke
454 1959 508 2002 ad
541 1960 762 2005 Cleomed.
793 1963 978 2006 Meteor.
999 1978 1039 2018 p.
1059 1965 1159 2010 415.

361 2016 612 2059 Versiculos
660 2022 873 2062 convertit
932 2020 1159 2064 Ficinus

362 2074 446 2115 sic=
475 2075 565 2129 ‘qui
595 2089 781 2130 pacem
813 2079 1159 2132 largiturlio-

361 2132 623 2185 minibuS,
672 2136 773 2187 qui*
813 2137 947 2177 mari
1005 2142 1158 2179 tran-

359 2190 716 2245 quillitatem,
751 2194 838 2246 qui
868 2196 1050 2236 ventis
1077 2208 1156 2237 re-

357 2248 562 2300 quiem,
616 2250 1157 2294 cubileviventibus

355 2306 700 2360 omniumque
775 2309 1154 2364 (somnumque‘ss)

357 2376 621 2408 securum.
684 2365 838 2419 ltaque
875 2367 1153 2409 DindorfL

355 2432 432 2472 us,
469 2421 567 2474 quia
597 2428 782 2475 quatuor
802 2424 893 2465 libri
915 2424 1154 2467 Florentini

355 2476 514 2520 liabent
555 2481 734 2533 νηκηδῆ,
785 2474 1012 2535 legendum
1053 2495 1154 2524 ceu-

355 2536 464 2576 sult:
497 2541 695 2591 νηνεμίαν
723 2537 912 2592 ἀνέμοις,
944 2541 1066 2594 κοίτῃ
1094 2539 1151 2580 θ’

352 2590 488 2635 ὕπνον
535 2595 707 2647 νηκηδῆ.
775 2597 1001 2649 Ingeniosa
1051 2610 1154 2639 sane

355 2650 622 2702 coniectura,
673 2664 801 2704 quam
842 2665 986 2694 veram
1027 2659 1152 2707 puta-

353 2719 471 2757 rem,
520 2709 598 2748 nisi
648 2723 693 2748 τε
744 2710 883 2750 invitis
931 2710 1154 2750 codicibus

355 2763 550 2804 Platonis
587 2765 627 2805 in
667 2766 791 2806 aliam
832 2765 980 2807 sedem
1013 2771 1153 2806 trans—

356 2821 487 2862 latum
521 2826 649 2862 esset.
710 2821 820 2862 Nam
862 2822 1042 2874 νηκηὸὴς
1073 2822 1152 2863 etsi

355 2889 564 2930 nusquam
604 2878 702 2920 alibi
734 2886 987 2932 usurpatum
1029 2892 1149 2933 repe—

356 2935 490 2986 ritur,
531 2942 674 2977 tamen
714 2936 909 2989 analogia
953 2937 1153 2979 similium

356 2992 600 3045 verborum,
635 2993 761 3034 veluti
791 2993 1011 3048 νηπαθής,
1048 2995 1154 3036 satis

359 3049 618 3102 defenditur,
649 3049 890 3103 frustraque
923 3063 1056 3105 nuper
1077 3065 1155 3094 ex-

358 3107 467 3149 stitit
497 3108 567 3161 qui
598 3107 718 3150 vocis
746 3109 856 3150 illius
875 3107 1056 3150 formam
1090 3111 1152 3151 le-

360 3165 488 3217 gibus
519 3166 684 3219 linguae
703 3165 918 3207 adversari
938 3168 1153 3210 clamaret.

362 3222 408 3262 Si
447 3235 548 3265 vera
589 3229 656 3265 est
694 3224 821 3265 lectio
861 3225 1055 3276 vulgata,
1095 3224 1156 3264 ἐνὶ

361 3278 482 3330 κήδει
511 3280 624 3323 idem
666 3286 733 3323 est
762 3280 877 3334 quod
906 3285 999 3326 τοῖς
1029 3281 1158 3342 agdo-

362 3341 529 3391 μένοις,
571 3351 606 3380 s.
653 3343 744 3383 τοῖς
780 3341 824 3378 ἐν
862 3336 983 3390 κήδει
1020 3343 1158 3380 οῦσιν.

363 3393 495 3438 Quod
535 3396 657 3438 nobis
703 3395 874 3449 quidem
917 3407 1024 3437 nunc
1064 3397 1154 3438 uni-

1249 1289 1300 1317 ce
1339 1277 1492 1330 placet.
1563 1274 1822 1317 Germanice
1866 1274 2046 1318 dixeris:

1250 1333 1572 1385 Schweigen
1639 1332 1735 1374 der
1801 1332 2046 1385 Stiirme,

1251 1392 1336 1432 ein
1401 1389 1630 1443 rubiges
1693 1389 1870 1443 Lager
1924 1390 2047 1432 und

1249 1446 1445 1488 Schlaf
1477 1452 1634 1488 untes·
1668 1446 1896 1501 Sorgen.
1955 1447 2048 1490 Nec

1249 1504 1442 1546 offendet
1471 1505 1698 1558 quisquam
1737 1504 1778 1546 in
1811 1505 2047 1548 sententiae

1248 1562 1418 1603 ratione
1449 1575 1595 1616 purum
1626 1561 1849 1615 diligenter
1867 1575 2047 1617 expres-

1249 1632 1320 1671 sa,
1374 1618 1445 1672 qui
1491 1619 1734 1661 meminerit
1779 1619 2046 1674 Agatlionem

1248 1675 1326 1718 hos
1356 1677 1591 1718 versiculos
1631 1675 1778 1718 ludere
1812 1689 1836 1718 a
1868 1679 2046 1720 Platone

1247 1734 1412 1775 iussum
1444 1748 1564 1782 esse,
1603 1739 1650 1775 ut
1680 1728 1760 1774 sibi
1792 1733 1887 1788 ipse
1917 1734 2045 1788 quasi

1246 1792 1460 1834 illuderet.
1525 1791 1624 1834 Non
1663 1790 1863 1845 displicet
1899 1796 2044 1842 tamen

1247 1850 1493 1890 coniectura
1533 1849 1854 1900 Hommelii‚
1896 1850 2043 1903 legen-

1246 1906 1347 1948 dum
1393 1907 1586 1961 putantis
1634 1905 1694 1945 ἑνὶ
1741 1904 1887 1960 κήτει,
1924 1906 2044 1960 quod

1244 1963 1289 2005 H
1302 1978 1326 2006 e
1337 1978 1358 2005 s
1368 1977 1394 2017 y
1407 1977 1430 2005 c
1443 1963 1481 2007 b.
1525 1964 1833 2017 interpretatur
1891 1963 2044 2020 στερή-

1245 2037 1323 2074 σει,
1354 2023 1524 2076 ἐρημίᾳ.
1585 2020 1704 2062 Idem
1735 2026 1862 2063 acute
1893 2022 2043 2064 obser-

1243 2079 1359 2120 vavit
1418 2080 1613 2120 binorum
1674 2077 1765 2120 fere
1825 2079 2042 2122 nominum

1244 2137 1428 2190 syllabas
1459 2137 1634 2178 easdem
1654 2134 1812 2178 habere
1831 2148 2044 2178 consonas

1243 2194 1415 2245 literas,
1455 2194 1502 2234 in·
1527 2206 1612 2247 quo
1644 2198 1799 2248 poetae
1829 2195 1947 2235 lusus
1977 2194 2043 2236 in·-

1243 2256 1323 2293 est.
1365 2251 1573 2292 Ceterum
1605 2250 1922 2292 Creuzerus
1955 2253 2043 2293 An-

1242 2310 1324 2352 nal.
1346 2309 1560 2352 Vindobb.
1583 2322 1619 2351 c.
1641 2321 1684 2362 p.
1708 2308 1801 2353 141.
1850 2308 2043 2362 Agatho-

1241 2367 1283 2407 ni
1313 2371 1463 2408 censet
1494 2367 1549 2408 ob
1570 2365 1720 2408 oculos
1741 2371 1937 2408 versatos
1968 2379 2043 2408 es-

1242 2436 1290 2466 se
1328 2437 1481 2465 versus
1524 2423 1751 2470 Homeri
1790 2423 1948 2477 Odyss.
1979 2423 2040 2476 μ’,

1243 2480 1325 2524 168
1355 2494 1445 2535 sq.,
1489 2481 1543 2524 de
1573 2494 1659 2535 quo
1693 2485 1839 2538 tamen
1871 2480 2042 2523 dubita-

1239 2551 1348 2581 mua.

1296 2597 1347 2639 D.
1379 2593 1476 2641 τὰς
1507 2591 2033 2648 τοιάςδεξυνόδους]

1237 2653 1362 2694 Haec
1393 2652 1608 2698 δεικτικῶς
1629 2651 1741 2691 dicta
1763 2656 1885 2692 sunt=
1916 2662 2040 2703 qua·

1240 2710 1292 2750 le
1332 2712 1417 2750 est
1456 2708 1555 2749 hoc
1593 2708 1903 2750 convivium
1953 2721 2041 2750 no-

1236 2771 1419 2807 strum.
1442 2788 1497 2795 —-
1538 2764 1854 2819 φιλόδωρος
1885 2763 2039 2819 εὐμε-

1235 2823 1455 2869 νείας-
1482 2822 1808 2877 δυςμενείας
1839 2835 1878 2864 v.
1906 2822 2039 2864 Mat-

1238 2878 1388 2921 thiae
1420 2879 1453 2932 §.
1488 2879 1585 2924 339.
1648 2880 1712 2920 De
1746 2893 1840 2923 voc.
1871 2879 2038 2934 ἅδωρος

1238 2950 1277 2977 v.
1300 2936 1526 2979 Bekker.
1545 2936 1755 2980 Anecdot.
1775 2938 1807 2981 Ι.
1821 2952 1859 2992 p.
1875 2936 2039 2982 346.—

1239 2993 1451 3040 θεατὸς
1481 3000 1703 3049 σοφοῖς,
1743 3000 2039 3050 spectatus

1238 3051 1607 3106 sapientibus,
1639 3051 1678 3093 h.
1698 3065 1735 3094 e.
1767 3057 1957 3106 gratus
1988 3057 2039 3094 et

1236 3109 1519 3152 iucundus.
1549 3133 1605 3140 —
1659 3107 1904 3162 ζηλωτὸς
1931 3124 1966 3151 κ.
1998 3125 2035 3150 τ.

1240 3169 1278 3208 λ.
1312 3166 1644 3209 invidendas
1675 3166 1768 3219 iis,
1802 3167 1890 3219 qui
1921 3167 2037 3208 eius
2100 3216 2110 3227 ἢ

1241 3228 1504 3279 expertes
1556 3227 1705 3274 sunt;
1757 3224 2036 3266 tenendus

1239 3283 1381 3332 illis,
1429 3282 1519 3335 qui
1571 3286 1692 3324 eius
1730 3281 2036 3335 participes

1239 3338 1374 3381 facti
1407 3344 1546 3382 sunt.
1579 3360 1630 3368 -
1689 3336 1875 3390 χλιδῆ,
1911 3339 2035 3380 mol-

1806 3394 2036 3438 formatum

1242 3397 1423 3449 lities,
1485 3395 1748 3447 deliciae,
