2158 3718
367 160 440 211 36
982 154 1426 211 PLATloNl'S*

372 308 511 380 φησὶ
543 302 681 378 μετὰ
718 303 792 361 -τό
837 304 978 377 χάος
1021 303 1122 360 δύο
1167 303 1345 360 τούτω
1389 309 1686 376 γενέσθαι,
1727 307 1833 376 γῆν
1877 324 1941 362 τε·
1975 305 2069 363 καὶ

358 388 600 464 ”Epulum

686 392 1047 461 [[αρμενίδης
1088 391 1144 443 δὲ
1194 386 1299 456 τὴν
1342 393 1397 445 Γ
1395 397 1564 446 ἑνεσιν
1606 393 1764 459 λέγει,

546 473 860 549 πρώτιστον
901 477 1004 545 μὲν
1030 469 1251 547 ’Ἔρωτα
1291 477 1448 530 θεῶν
1489 479 1762 546 μητίσατο
1824 472 2070 530 πάντων.

495 696 622 751 φησὶ
668 692 802 750 μετὰ
853 693 912 736 τὸ
966 694 1097 749 χάος
1137 719 1196 726 -
1238 697 1507 750 μητίσατο
1556 696 1791 751 πάντων]
1854 696 2074 739 Stobaeus

383 756 566 808 Eclorrg.
605 754 735 806 Phys,
769 754 801 795 Ι.
834 766 875 807 p.
913 754 1005 796 154.
1021 784 1034 806 ‚
1076 752 1150 795 ubi
1189 757 1329 795 totum
1371 752 1479 795 hunc
1508 754 1647 796 iocum
1682 755 1930 808 exscripsit,
1971 754 2077 796 llaec

383 813 542 854 verba:
577 813 683 864 (μησὶ
713 808 820 864 μετὰ
854 809 904 852 τι)
937 809 1045 879 κοῖος
1075 834 1133 842 --
1163 810 1357 862 πάντων,
1390 812 1547 856 omisit.
1610 813 1669 854 Et
1698 826 1776 867 pro
1807 814 2076 865 glossemate

386 883 438 911 ea
480 869 624 910 habuit
671 869 918 921 Heynius
959 871 1000 909 in
1043 869 1355 911 Commentatt.
1397 869 1528 914 Acad.
1560 869 1697 913 Paris.
1729 870 1922 923 lnscript.
1954 870 2009 914 T.
2039 870 2072 913 l.

387 941 429 981 p.
465 925 588 977 377..
627 927 697 979 qui
739 940 789 968 ea
828 927 1071 980 suspicatus
1112 932 1181 967 est
1221 939 1273 967 ex
1315 927 1539 970 Aristotel.
1577 926 1819 980 Metapliys.
1851 927 1883 970 1.
1913 926 1953 969 4.
1994 927 2076 969 huc

385 986 590 1025 translata
630 998 742 1027 esse.

815 986 878 1027 Ita
920 985 1052 1025 etiam
1086 984 1281 1025 Astius
1327 989 1371 1025 et
1411 985 1628 1038 Voegelin.
1662 983 1807 1027 Praef.
1839 983 1892 1024 ad
1924 984 2076 1038 Symp.

387 1042 454 1085 ed.
489 1042 596 1083 '.sur
629 1042 728 1084 min.
764 1054 806 1095 p.
845 1040 872 1084 4
913 1053 1008 1094 sqq.
1052 1041 1106 1082 de
1146 1041 1300 1094 quibus
1343 1054 1381 1084 v.
1423 1041 1544 1085 infra.
1605 1041 1854 1096 Asyndeton
1890 1041 1931 1082 in
1980 1054 2077 1083 ver-

385 1100 450 1141 bis
487 1099 591 1151 φησι
624 1098 734 1152 μετὰ
775 1097 827 1140 τὸ
867 1097 975 1151 χάος
1005 1098 1182 1140 Wolfius
1214 1098 1441 1140 scribendo
1470 1098 1572 1153 φησι
1603 1098 1654 1152 δὴ
1687 1115 1734 1155 μ
1764 1113 1800 1138 τ.
1830 1108 1874 1151 χ.
1886 1129 1898 1150 ,
1941 1097 2078 1140 Heiu-

387 1157 547 1198 ‹lorfius
589 1163 690 1213 post
719 1155 846 1209 Ἔρος
896 1154 1124 1198 inserendo
1163 1154 1222 1202 ὅς
1273 1169 1476 1198 amovere
1524 1154 1793 1198 studuerunt.

386 1215 469 1255 lius
504 1215 651 1258 coni.:

447 1357 575 1410 φησὶ
633 1353 766 1413 μετὰ
828 1373 888 1397 τυ
947 1353 1084 1408 χάος
1137 1378 1193 1388 -

379 1413 602 1469 Ἔρωτα]
638 1413 887 1467 Asyndeton
918 1426 972 1455 ne
999 1413 1194 1465 mireris3

393 1478 494 1514 sunt
554 1472 662 1514 enim
727 1471 833 1513 llaec
892 1471 1196 1514 admonitionis

394 1529 532 1585 gratia
563 1529 696 1571 veluti
727 1527 796 1569 διὰ
828 1533 960 1584 μέσοι
993 1529 1154 1571 addita

453 1587 582 1640 φησὶ
642 1586 774 1642 μετὰ
836 1603 894 1627 το
956 1585 1092 1638 χάος
1139 1607 1195 1612 -

394 1645 637 1699 πάντων]
699 1644 823 1685 Haec
878 1645 1008 1685 verba
1055 1643 1198 1694 Hey-

396 1704 486 1757 nio*
520 1704 697 1755 aliisque
741 1707 945 1755 suspecta
977 1702 1066 1743 visa
1101 1713 1200 1743 esse

395 1761 438 1800 in
493 1760 774 1801 annotatione
825 1760 973 1800 critica
1012 1759 1200 1801 narravi-

396 1830 507 1859 mus.
570 1818 824 1870 Quanquam
857 1817 907 1857 iis
936 1817 1085 1858 eiectis
1115 1828 1200 1856 non

396 1874 551 1926 video,
603 1875 676 1927 qui
729 1873 887 1915 deinde
935 1874 1016 1915 dici
1064 1874 1202 1927 possit

398 1930 513 1973 οὕτω
566 1930 850 1982 πολλαχόθεν
909 1929 1201 1984 ὁμολογεῖται.

399 1990 570 2044 Quippe
620 1989 847 2030 ridiculum
903 1995 947 2030 et
1007 1990 1200 2042 ineptum

398 2061 535 2103 paene
583 2052 723 2098 esset,
780 2048 875 2087 solo
924 2047 1107 2088 Hesiodi
1157 2050 1202 2087 et

400 2105 592 2147 Acusilai
642 2104 891 2146 testimonio
935 2104 1090 2156 allato,
1141 2104 1200 2145 ita

397 2164 539 2216 pergi
594 2166 699 2204 tam
745 2163 1033 2203 multorum
1077 2173 1205 2202 con-

397 2197 1202 2273 firmaturconsensioneqnod

399 2277 661 2327 dicimus,
717 2274 1039 2345 Cupidinem
1079 2288 1204 2318 esse

400 2336 551 2378 deum
641 2337 805 2388 longe
884 2334 1206 2388 antiquissi-

400 2406 546 2436 mum.
605 2392 896 2435 Tolerabilior
937 2396 1058 2436 certe
1099 2391 1207 2433 haec

400 2451 538 2493 oratio
589 2454 657 2492 est
712 2454 883 2492 servata
935 2449 1206 2491 parmenidis

402 2508 645 2550 mentione·
686 2521 814 2560 quam
858 2519 937 2548 cur
971 2507 1205 2556 Stobaeus‚

402 2566 474 2607 ubi
509 2562 617 2606 hunc
641 2565 836 2607 Platonis
868 2566 1009 2606 locum
1044 2563 1207 2606 exscri-

401 2624 516 2677 psit,
559 2623 777 2674 omiserit,
819 2622 928 2664 ratio
973 2622 1094 2663 reddi
1127 2634 1206 2675 po-

401 2685 490 2721 test
522 2680 626 2720 satis
657 2679 832 2721 idonea.
881 2678 1058 2719 Accedit
1087 2676 1206 2730 quod

403 2735 570 2787 Agatho
625 2737 665 2776 in
718 2749 791 2785 ea,
851 2747 978 2785 quam
1038 2736 1206 2782 recitat,

403 2793 599 2834 oratione
652 2805 749 2844 cap.
803 2791 959 2832 XVlll.
1022 2763 1206 2831 Phaedri

403 2849 510 2892 lianc
562 2849 818 2889 sententiam
870 2847 1063 2888 refutans
1123 2857 1207 2888 non

403 2908 542 2949 solum
584 2905 788 2956 Hesiodi,
818 2904 894 2945 sed
928 2906 1056 2946 etiam
1097 2903 1208 2945 Par-

403 2964 584 3008 menidis
616 2960 750 3003 iniicit
780 2962 1054 3004 mentionem.
1117 2961 1207 3003 lta-

403 3035 487 3075 que
532 3032 613 3074 ego
656 3020 697 3060 in
746 3032 798 3060 ea
843 3031 936 3059 sum
980 3018 1206 3070 sententia,

403 3085 452 3121 ut
503 3078 607 3120 haec
655 3076 799 3118 omnia
849 3076 1062 3118 servanda
1113 3090 1209 3119 esse

405 3149 615 3179 censeam.
687 3133 845 3174 Mirum
887 3138 1030 3175 autem
1069 3134 1208 3174 visum

406 3199 487 3244 est.
520 3191 637 3246 quod
661 3189 931 3232 Parmenidis
955 3191 1208 3242 versiculus,

404 3263 530 3305 quem
594 3248 751 3291 habent
812 3248 940 3289 etiam
1008 3248 1210 3290 Sextus

404 3308 601 3362 Επιρίι.
626 3305 702 3351 IX.
734 3303 777 3349 9.
811 3304 991 3359 p..550‚
1023 3306 1093 3346 ubi
1125 3305 1208 3347 vid.

404 3366 596 3415 Fabric..
613 3360 885 3406 Stobaeus
899 3359 1075 3417 Eclogg
1082 3361 1210 3416 Phys.

404 3424 434 3465 l.
469 3437 511 3477 p
548 3422 648 3468 274.
678 3420 746 3465 ed.
774 3418 963 3464 Heeren.
1007 3427 1051 3463 et
1084 3420 1212 3462 Plu—

1277 1355 1500 1398 tarchus
1531 1356 1673 1398 Amat.

1863 1155 2078 1198 Homme-

692 1212 789 1255 ἀλλ’
825 1212 1030 1261 ιΗσίοδος
1071 1217 1239 1270 πρῶτον
1277 1217 1354 1268 μὲν
1389 1213 1500 1267 χάος
1529 1214 1635 1269 φησι
1668 1217 1890 1270 γενέσθαι·
1935 1212 2079 1267 αὐτὰρ

1279 1415 1472 1465 affertur,
1504 1419 1575 1464 ut,
1607 1413 1660 1454 ad
1689 1413 1903 1466 quodnam
1935 1359 2082 1454 subie-

1282 1478 1398 1513 ctum
1451 1470 1726 1512 referendum
1787 1471 1871 1513 sit
1899 1471 2081 1512 verbum

1280 1531 1518 1583 μητίσατο,
1559 1529 1698 1582 primo
1741 1531 1862 1570 certe
1901 1533 2084 1583 aspectu

1281 1588 1323 1629 in
1365 1586 1569 1639 ambiguo
1608 1586 1888 1639 relinquatur.
1951 1585 2083 1629 Quocl

1285 1657 1367 1697 ego
1418 1644 1520 1685 olim
1572 1645 1814 1697 suspicatus
1861 1656 1979 1691 sum,
2040 1645 2084 1686 iu

1284 1702 1430 1743 verbis
1473 1700 1551 1752 τὴν
1594 1703 1751 1754 γένεσιϋ
1798 1703 1907 1755 λέγει
1947 1702 2084 1743 conti-

1285 1760 1374 1801 neri
1406 1759 1588 1800 subiecti
1619 1759 1994 1812 significationem,
2041 1757 2083 1799 id

1285 1817 1473 1858 coniecit
1532 1814 1664 1858 etiam
1726 1817 2083 1866 Hermaiuuus,

1285 1876 1357 1928 qui
1388 1878 1502 1915 teste
1532 1873 1741 1915 Kochio
1772 1883 1870 1916 meo
1894 1873 2087 1916 Praesat.

1288 1932 1343 1983 ad
1388 1931 1603 1973 Additam.
1656 1931 1697 1972 in
1734 1931 1850 1974 Tim.
1893 1931 2000 1973 Lex.
2041 1944 2087 1985 p.

1287 1989 1369 2032 ΧΠ
1403 2002 1464 2042 sq.
1533 1990 1730 2040 Γένεσιν,
1771 1990 1893 2030 litera
1926 1988 2087 2030 maius-

1289 2048 1384 2088 cula
1436 2046 1604 2096 initiali,
1661 2045 1934 2088 scribendum
1983 2059 2086 2088 cen-

1286 2104 1383 2145 suit.
1443 2103 1539 2146 Qua
1563 2103 1728 2144 ratione
1746 2104 1928 2158 probata
1946 2103 2086 2145 omnia

1287 2163 1403 2204 clara
1445 2166 1543 2202 sunt
1581 2165 1624 2202 et
1653 2162 1907 2216 perspicua,
1949 2159 2087 2214 quatt-

1288 2231 1414 2274 quam
1455 2221 1610 2271 γένεσιν
1650 2230 1734 2259 non
1774 2224 1976 2274 putamus
2009 2223 2085 2260 ne-

1289 2276 1481 2319 cessario
1525 2275 1650 2318 litera
1705 2276 1935 2318 maiuscula
1978 2275 2088 2318 scri-

1288 2333 1479 2376 bendum
1521 2346 1643 2386 esse,
1683 2333 1801 2386 quod
1844 2343 1922 2375 nec
1960 2333 2089 2376 Karss

1291 2391 1473 2433 stenio
1520 2391 1583 2432 De
1629 2390 1830 2432 Parmen.
1879 2384 2090 2446 Reliquiis

1290 2464 1330 2505 p.
1377 2448 1456 2493 119
1496 2462 1558 2505 sq.
1601 2454 1790 2490 nostram
1837 2447 2090 2502 explicatio·

1291 2520 1388 2548 nem
1431 2506 1692 2560 amplexanti
1735 2507 1871 2549 nisum
1913 2508 1979 2548 est
2013 2518 2090 2547 ne-

1292 2565 1542 2605 cessarium.
1605 2563 1771 2604 Etenim
1798 2576 1924 2616 quum
1957 2563 2087 2616 vulgo

1291 2622 1405 2662 Eros
1444 2634 1520 2674 pro
1548 2619 1807 2674 Ἀφροδίτης
1839 2620 1925 2660 filio
1958 2618 2089 2660 liabe-

1291 2683 1435 2727 reiur‚
1481 2676 1761 2718 Parmenides
1797 2675 1903 2718 hanc
1934 2677 1996 2718 sic
2027 2677 2090 2718 in-

1292 2738 1678 2786 terpretatusest,
1723 2738 1771 2774 ut
1807 2733 1906 2774 vim
1942 2739 2091 2775 natu-

1293 2803 1384 2831 rae
1427 2791 1827 2843 generatricem
1878 2791 2091 2844 intellige-

1294 2851 1374 2889 ret.
1436 2851 1468 2888 Λ
1501 2861 1585 2901 qua
1610 2848 1789 2902 primum
1816 2848 1971 2890 exiisse
2002 2853 2091 2889 sta-

1293 2905 1374 2946 tuit
1416 2904 1596 2946 coeundi
1647 2906 1914 2959 appetitum,
1965 2916 2091 2960 quem

1294 2962 1501 3003 intellexit
1535 2964 1749 3004 l&morem
1811 2960 1878 3004 Ex
1910 2960 2092 3005 hae-ve·-

1292 3032 1343 3060 ro
1376 3018 1676 3061 obserxatione
1719 3018 1973 3074 perspicitur
2009 3021 2092 3063 eti-

1294 3090 1388 3129 am,
1430 3090 1508 3118 cur
1546 3077 1818 3120 Parmenidis
1858 3079 2091 3120 versiculus

1294 3147 1318 3175 a
1350 3136 1495 3176 multis
1536 3135 1625 3176 sine
1664 3132 1844 3177 subiecti
1873 3127 2091 3178 mentione

1295 3191 1508 3234 afferatur.
1582 3192 1750 3235 Etenim
1793 3203 1920 3246 quum
1963 3200 2090 3235 antea

1294 3253 1372 3302 τῆς
1411 3251 1607 3303 γενέσεως
1654 3249 1767 3291 facta
1819 3257 1936 3291 esset
1973 3257 2090 3292 com-

1296 3306 1576 3358 memoratio,
1625 3318 1708 3348 non
1750 3307 2090 3350 animadversum

1299 3367 1365 3406 est
1391 3369 1560 3406 veteres
1579 3364 1772 3406 Graecos
1798 3375 1882 3405 uno
1913 3363 2092 3407 eodem-

1297 3433 1381 3474 que
1426 3421 1641 3463 vocabulo
1680 3429 1992 3475 saepenumero
2033 3421 2092 3465 ita
