2158 3718
0 3182 5 3194 -
0 3132 16 3153 ’ς
0 2602 29 3111 αυυνεγτεᾞπ-εῐᾷ-εῆ,δοκι
0 2574 11 2586 ι’
3 2509 19 2539 η,
11 2416 13 2418 ,
0 2221 22 2399 12s÷=2w12³xr⁸=2
0 2132 17 2206 ,xz-v
9 2099 15 2110 .-
0 2078 2 2081 ·
11 2032 17 2046 ,,
3 1989 7 1992 ·
4 1962 7 1966 Α

0 3395 17 3418 1¹·

0 3422 44 3477 ἓξ.

0 3483 13 3495 ἑ(

765 90 849 134 An
881 59 1300 136 ΡΗΑΕΒΟΝΕΜ.
1850 97 1915 150 61

143 235 308 287 multis
344 238 543 287 demum
579 237 719 286 annis
753 242 863 301 post
899 236 1113 286 Socratis
1147 242 1356 285 mortem
1393 237 1631 302 scriptum
1659 252 1782 295 esse,
1810 241 1919 304 quia

141 307 304 371 imago
331 306 615 374 philosophi
640 307 690 355 in
717 306 942 372 Sophista
971 308 1215 372 promissa
1242 303 1501 357 coniuncta
1529 322 1678 371 opera
1705 311 1753 358 in
1780 309 1919 375 Sym-

140 380 281 442 posio
318 387 366 429 et
389 377 650 429 Phaedone
686 378 968 441 perficiatur
1004 379 1212 443 ideoque
1238 377 1437 427 Phaedo
1471 386 1583 444 post
1609 380 1919 445 Symposium

140 448 189 498 h.
219 465 261 499 e.
297 456 410 514 post
444 448 633 514 Olymp.
662 446 753 506 98,
781 446 863 513 41)
902 450 951 498 in
987 449 1147 499 lucem
1184 449 1337 497 emitti
1361 463 1460 497 non
1486 453 1725 516 potuerit,
1755 457 1933 513 tamen„

141 518 231 569 alia
276 526 392 570 sunt
436 520 580 569 etiam
624 520 1007 585 ponderosiora,
1044 520 1177 569 unde
1212 518 1325 567 libri
1361 521 1576 582 origines
1610 523 1661 570 in
1697 528 1919 586 tempora

140 588 387 656 aliquanto
416 591 690 655 posteriora
716 591 945 640 incidisse
971 590 1298 653 intellegatur.
1351 590 1543 639 Etenim
1570 593 1784 656 primum
1812 595 1918 657 qui-

140 660 251 710 dem
278 661 501 711 idearum
528 661 764 718 doctrina,
795 677 888 726 qua
909 661 1288 711 immortalitatis
1308 661 1663 711 demonstratio
1690 677 1919 726 magnam

139 737 331 795 partem
358 732 546 790 nititur,
575 733 625 780 in
653 732 746 782 hoc
778 748 927 798 opere
955 732 1077 782 adeo
1105 738 1177 781 est
1201 732 1345 796 plena
1374 738 1420 781 et
1446 733 1674 784 omnibus
1701 736 1918 783 numeris

136 801 384 860 absoluta,
430 808 484 851 ut
518 804 568 850 in
613 802 748 853 nullo
787 804 877 852 alio
913 803 1131 853 Platonis
1166 819 1315 867 opere
1352 805 1521 866 magis.
1574 804 1708 863 Quae
1744 820 1856 855 cum
1891 821 1916 854 3

135 872 432 938 philosopho
471 876 748 924 accuratius
784 874 981 923 demum
1019 874 1228 937 cognitis
1253 873 1608 932 Eleaticorum,
1646 876 1916 940 Megarico-

134 958 245 994 rum
282 949 330 994 et
362 944 785 1010 Pythagoreorum
822 946 882 995 de
919 959 1087 994 rerum
1124 946 1329 993 essentia
1373 939 1568 1012 (οὐσίᾳ)
1615 946 1771 1011 deque
1816 949 1918 996 veri

135 1016 414 1078 cognitione
453 1015 767 1081 opinionibus
803 1015 862 1064 ad
901 1030 1033 1075 eam,
1073 1030 1168 1079 qua
1194 1030 1280 1064 usa
1309 1022 1404 1070 est,
1442 1016 1798 1080 perfectionem
1834 1033 1915 1067 ex-

135 1085 264 1135 culta
290 1086 510 1135 videatur
522 1083 556 1151 2)
574 1125 586 1142 ,
616 1101 927 1151 consequens
955 1093 1050 1143 est,
1079 1090 1131 1134 ut
1156 1101 1249 1134 nec
1274 1085 1472 1134 Phaedo
1501 1091 1611 1135 ante
1637 1086 1918 1152 philosophi

134 1156 195 1205 ad
220 1157 493 1220 Megaricos
521 1157 790 1207 discessum
818 1162 902 1207 aut
928 1163 1038 1206 ante
1063 1156 1278 1222 primum
1305 1157 1397 1205 iter
1423 1158 1472 1204 in
1499 1156 1685 1206 Italiam
1713 1158 1915 1207 inferio-

132 1242 240 1276 rem
277 1243 334 1277 ac
370 1226 584 1277 Siciliam
629 1235 912 1294 susceptum
954 1227 1126 1277 litteris
1170 1227 1484 1290 consignatus
1522 1229 1597 1277 sit.
1649 1229 1915 1278 Enimvero

132 1313 278 1363 quam
316 1299 503 1348 diversa
543 1298 764 1348 doctrina
803 1298 1017 1348 Platonis
1052 1303 1251 1363 postero
1286 1303 1511 1364 tempore
1556 1298 1705 1349 fuerit
1740 1299 1800 1349 ab
1838 1299 1915 1350 illa

131 1371 337 1428 ratione,
367 1385 513 1436 quam
542 1385 596 1419 ea
624 1376 782 1419 aetate
809 1376 1118 1419 consectatus
1146 1374 1235 1426 est,
1260 1384 1354 1434 qua
1382 1369 1603 1419 nondum
1631 1370 1917 1420 deseruerat

132 1439 385 1490 doctrinae
407 1441 685 1490 Socraticae
712 1440 1085 1504 simplicitatem,
1114 1441 1164 1489 id
1190 1455 1305 1488 vero
1333 1442 1592 1505 perspicue
1617 1441 1915 1506 intellegitur

132 1526 191 1559 ex
219 1511 427 1561 Menone
439 1509 502 1576 3),
541 1511 626 1561 ubi
654 1527 766 1560 cum
794 1513 1070 1561 animorum
1100 1511 1442 1560 immortalitas
1469 1513 1582 1561 item
1612 1528 1638 1561 e
1663 1513 1756 1561 vita
1782 1514 1912 1577 ipso-

130 1596 242 1631 rum
279 1584 534 1646 superiore
561 1582 826 1646 probetur,
867 1589 1030 1632 tamen
1066 1582 1290 1631 idearum
1318 1583 1613 1644 cognitionis
1639 1583 1767 1633 nulla
1797 1585 1913 1633 duni

130 1654 311 1702 mentio
336 1654 566 1711 inficitur,
595 1653 681 1703 sed
708 1669 787 1703 res
814 1653 953 1703 aliter
980 1652 1133 1702 multo
1164 1651 1450 1702 illustratur.

270 1724 458 1774 Deinde
495 1725 807 1774 manifestum
845 1730 918 1774 est
952 1726 1004 1773 in
1031 1724 1294 1774 Phaedone
1320 1723 1708 1775 luculentissima
1736 1726 1911 1791 depre-

129 1795 281 1845 hendi
306 1795 660 1862 Pythagoricae
689 1797 954 1861 sapientiae
981 1796 1204 1858 vestigia,
1246 1801 1299 1844 ut
1325 1795 1528 1844 dubium
1555 1810 1654 1845 non
1682 1798 1766 1855 sit,
1795 1799 1910 1862 quin

129 1865 456 1931 philosophus
492 1882 588 1931 quo
626 1873 851 1932 tempore
887 1867 1018 1916 hunc
1045 1866 1226 1915 librum
1255 1868 1531 1931 composuit
1556 1866 1683 1916 illius
1708 1868 1804 1916 iam
1830 1883 1910 1918 ac-

130 1937 488 1987 curatissimam
515 1937 746 1987 habuerit
771 1938 994 1987 notitiam
1023 1937 1098 1987 vel
1125 1953 1183 1987 ex
1209 1938 1405 2001 scriptis
1435 1937 1506 1986 vel
1535 1953 1560 1986 e
1585 1937 1910 1988 familiaribus

129 2007 444 2058 sermonibus
470 2007 741 2058 collectam.
771 2008 1026 2059 Pertinent
1051 2008 1149 2058 huc
1176 2023 1298 2072 quae
1326 2007 1635 2057 disseruntur
1662 2009 1722 2058 de
1748 2011 1910 2059 animo

128 2080 178 2128 in
220 2094 432 2144 corpore
467 2079 615 2129 veluti
651 2095 851 2130 carcere
888 2080 1049 2145 aliquo
1086 2078 1301 2136 incluSO,
1341 2079 1400 2127 de
1428 2080 1705 2129 animorum
1733 2079 1907 2130 libera-

129 2151 260 2199 tione
298 2157 345 2199 et
370 2152 687 2215 purgatione,
718 2151 778 2199 de
806 2165 977 2200 eorum
1004 2149 1407 2214 migrationibUS,
1446 2150 1505 2198 de
1532 2155 1706 2200 natura
1735 2167 1908 2200 eorum

129 2236 240 2270 cum
276 2220 533 2270 harmonia
571 2229 801 2285 cognata,
841 2220 931 2270 alia
959 2220 1134 2277 multa,
1174 2220 1232 2270 de
1269 2219 1446 2285 quibus
1473 2220 1547 2270 vel
1572 2223 1621 2270 in
1651 2224 1908 2287 superiore

129 2291 458 2357 disputatione
484 2291 558 2341 vel
586 2293 634 2341 in
663 2293 1025 2341 commentariis
1052 2291 1411 2356 explicavimus.
1440 2291 1566 2349 Quin
1588 2294 1730 2342 etiam
1751 2300 1908 2342 totum

127 2362 255 2411 istud
303 2361 585 2420 consilium,
633 2379 728 2427 quo
776 2362 939 2412 locum
978 2363 1037 2412 de
1071 2361 1437 2412 immortalitate
1477 2362 1713 2427 peculiari
1758 2378 1908 2428 opera

127 2431 373 2483 illustrare
409 2435 680 2490 constituit,
711 2433 973 2483 subnatum
998 2435 1093 2498 ipsi
1122 2448 1226 2482 esse
1254 2433 1516 2483 verisimile
1544 2443 1638 2492 est,
1679 2450 1790 2484 cum
1818 2435 1907 2500 Py-

127 2504 478 2568 thagoreorum
516 2504 576 2554 de
613 2505 705 2554 hac
741 2521 796 2554 re
824 2506 1089 2554 sententias
1116 2506 1391 2555 accuratius
1416 2507 1738 2569 pernovisset,
1770 2520 1906 2570 prae-

129 2576 298 2625 sertim
345 2590 455 2625 cum
493 2576 542 2624 id
581 2577 723 2625 etiam
765 2576 821 2625 ad
862 2574 1161 2625 fulciendum
1196 2577 1453 2625 universae
1491 2576 1744 2626 doctrinae
1791 2592 1907 2627 suae

56 2652 57 2655 ’
128 2645 404 2696 aedificium
440 2647 672 2696 sensisset
714 2646 858 2711 plane
899 2662 1004 2696 esse
1049 2644 1449 2712 necessarium4).
1516 2647 1615 2696 Nec
1651 2663 1767 2697 vero
1802 2650 1906 2712 ipse

126 2715 449 2783 philosophus
485 2716 583 2766 ullo
619 2718 764 2767 modo
802 2717 1118 2768 dissimulavit
1173 2717 1267 2768 sibi
1310 2718 1402 2766 hac
1445 2718 1494 2766 in
1532 2733 1587 2767 re
1623 2718 1907 2768 obversatos

129 2802 235 2837 esse
269 2788 627 2852 Pythagoreos,
666 2789 714 2838 id
752 2789 884 2853 quod
918 2788 995 2839 vel
1021 2794 1260 2839 testantur
1287 2788 1379 2846 illi,
1420 2804 1541 2852 quos
1569 2789 1904 2855 colloquentes

126 2858 337 2916 induxit,
375 2859 695 2915 Echecrates,
746 2860 972 2910 Simmias
1010 2866 1057 2910 et
1092 2859 1269 2916 Cebes,
1311 2866 1516 2910 testatur
1560 2861 1676 2910 item
1719 2863 1903 2910 mentio

242 3043 285 3094 1)
317 3043 571 3097 Prolegom.
605 3045 661 3084 ad
694 3044 846 3098 Symp.
876 3059 982 3099 pag.
1016 3046 1225 3088 LXVIII.

239 3101 283 3150 2)
315 3099 569 3154 Prolegom.
602 3100 660 3141 ad
688 3102 872 3143 Politic.
905 3115 1011 3155 pag.
1044 3103 1225 3146 31—37.
1287 3101 1335 3146 C.
1367 3102 1418 3146 F.
1451 3103 1700 3155 Hermann,
1736 3102 1900 3146 Gesch.

126 3167 171 3199 u.
205 3155 326 3209 Syst.
359 3157 400 3198 d.
433 3158 554 3200 Plat.
587 3157 761 3200 Philos.
792 3158 826 3199 I.
861 3171 966 3212 pag.
998 3160 1093 3199 527.
1127 3161 1224 3201 530.

241 3215 286 3264 3)
317 3214 427 3267 Pag.
461 3215 513 3254 81
537 3214 574 3253 Α
606 3226 673 3266 sq.
709 3217 754 3254 et
784 3215 838 3255 86
859 3216 912 3258 A.

238 3272 283 3325 4)
319 3269 415 3311 Cic.
449 3270 583 3313 Tusc.
617 3271 660 3318 Ι,
687 3272 760 3320 17,
784 3273 861 3312 39:
906 3272 1126 3313 Platonem
1156 3274 1316 3328 ferunt,
1349 3280 1394 3314 ut
1423 3274 1717 3327 Pythagoreos
1747 3288 1899 3327 009sz-

126 3335 280 3381 sceret,
312 3329 354 3366 in
384 3328 556 3367 Italiam
586 3329 746 3369 venisse
778 3334 820 3367 et
849 3329 1046 3369 didicisse
1077 3330 1350 3384 Pythagorea
1380 3333 1538 3380 omnia,
1577 3335 1899 3383 primumque

128 3384 187 3423 de
218 3389 499 3427 animorum
531 3386 866 3425 aeternitate
897 3399 994 3425 non
1023 3388 1182 3426 solum
1203 3393 1438 3431 sensisse
1461 3390 1610 3430 idem.
1644 3388 1898 3441 qzcodPy-

131 3443 417 3495 tleaqoram,
449 3443 527 3484 sed
555 3445 760 3483 rationem
791 3444 914 3483 etiam
945 3443 1146 3486 attulisse.
