2158 3718
1016 63 1341 147 PLA'roms
1700 62 1704 69 ’

291 233 430 288 ἄττα
480 235 681 303 ψυχῶν
738 234 988 302 σκιοειδῆ
1044 230 1440 302 φαντάσματα,
1485 223 1611 284 οἷα
1625 231 1963 300 παρέχονται
2017 232 2079 285 αἱ

291 321 548 372 τοιαῦται
603 318 780 386 ψυχαὶ
837 317 1070 384 εἴδωλα,
1128 316 1191 368 αἶ
1238 313 1311 385 μὴ
1361 318 1626 383 καθαρῶς
1680 311 2075 399 ἀπολυθεῖσαι,

293 391 438 458 ἀλλά
483 405 586 456 τοῦ
634 399 844 470 ὁρατοῦ
891 401 1249 470 μετέχουσαι,
1298 396 1386 454 διὸ
1424 401 1518 453 και
1569 397 1830 469 ὁρῶνται.

291 491 375 556 γε,
415 478 460 541 ὦ
498 485 816 555 Σώκρατες.
894 482 1066 547 Εἰκὸς
1102 484 1312 553 μέντοι,
1351 475 1398 537 οἷ
1434 476 1641 553 Κέβης·
1685 484 1778 536 καὶ
1815 479 1888 537 ού
1923 502 1976 536 τι
2012 503 2078 552 γε
2154 504 2155 508 ’

291 568 388 635 τὰς
435 574 550 624 τῶν
602 568 837 638 ἀγαθῶν
882 568 1089 631 ταύτας
1139 563 1309 637 εἶναι,
1350 566 1494 622 ἀλλά
1529 565 1625 631 τάς
1662 571 1777 620 τῶν
1815 567 2075 637 φαύλων,

294 657 357 708 αἳ
397 656 527 724 περὶ
574 651 642 707 τὰ
690 657 922 707 τοιαῦτα
968 651 1373 720 ἀναγκάζονται
1419 655 1743 705 πλανᾶσθαι
1792 653 1956 721 δίκην
1993 654 2076 704 τί-

293 752 498 793 νουσαι
535 742 634 807 τῆς
669 738 946 807 προτέρας
983 741 1195 807 τροφῆς
1233 740 1406 806 κακῆς
1443 734 1633 806 οὔσης.
1686 738 1780 790 καὶ
1816 736 1975 807 μέχρι
2012 755 2078 804 γε

238 822 498 878 Ετούτου
536 825 892 890 πλανῶνται,
940 822 1043 884 ἕως
1081 819 1152 874 ἂν
1197 825 1265 892 τῇ
1302 824 1404 874 τοῦ
1443 820 2078 885 ξυνεπακολουθοῦντος

291 910 395 961 τοῦ
434 907 850 977 σωματοειδοῦς
897 907 1171 977 ἐπιθυμίᾳ
1215 906 1387 959 πάλιν
1429 906 1743 959 ἐνδεθῶσιν
1782 906 1860 970 εἰς
1896 908 2073 976 σῶμα.

436 996 551 1061 Cap.
592 994 764 1044 XXXI.
814 989 1143 1044 Ἐνδοῦνται
1183 991 1263 1060 δέ,
1303 988 1485 1060 ῶςπερ
1525 989 1691 1059 εἰκός,
1733 991 1811 1055 εἰς
1845 994 2077 1045 τοιαῦτα

291 1075 436 1146 ἤθη,
489 1074 644 1130 ὁποῖ’
685 1073 805 1128 ἄττ’
853 1074 925 1128 ἂν
971 1075 1065 1128 καὶ
1110 1078 1538 1145 μεμελετηκυῖαι
1593 1075 1841 1145 τύχωσιν
1889 1076 1953 1130 ἐν
2000 1078 2078 1129 τῶ

406 1231 671 1286 σκιοειδῆ
717 1226 1133 1288 φαντασματα]
1177 1233 1397 1274 Bekkerus
1429 1246 1483 1274 ex
1504 1234 1598 1275 Par.
1621 1232 1656 1273 G
1678 1234 1797 1274 dedit
1825 1231 2074 1286 σκοτοειὸἦ

291 1283 539 1344 φάσματα.
601 1289 687 1330 Sed
724 1295 906 1329 veterem
942 1290 1165 1330 lectionem
1202 1295 1373 1343 praeter
1407 1291 1587 1343 optimos
1623 1302 1673 1331 ac
1707 1290 1915 1344 plurimos
1952 1290 2075 1331 codd.

290 1354 464 1387 tuentur
495 1347 621 1387 etiam
650 1347 826 1386 Proclus
854 1347 897 1386 in
926 1347 1075 1400 Remp.
1108 1358 1152 1399 Ρ.
1181 1348 1278 1389 382.
1323 1346 1527 1399 01igenes
1558 1359 1592 1389 c.
1619 1346 1790 1388 Celsum
1810 1347 1865 1387 ΙΙ.
1895 1360 1938 1400 p
1961 1347 2015 1388 97
2038 1354 2078 1386 et

290 1404 385 1444 VII.
409 1416 450 1456 p.
472 1404 571 1444 334.
611 1403 672 1443 De
694 1415 892 1443 usuvoc.
914 1415 956 1442 v,
980 1403 1194 1456 explicatt.

404 1456 506 1500 καὶ
546 1472 608 1500 ου
652 1458 710 1500 τί
745 1457 820 1512 γε]
845 1458 915 1498 Sic
938 1471 1035 1499 cum
1056 1459 1151 1499 Ald.
1177 1459 1297 1499 Bass.
1323 1460 1394 1500 12
1417 1460 1541 1500 codd.
1567 1472 1669 1499 mss.
1695 1458 1822 1499 Coisl.
1845 1459 1954 1500 Tub.
1976 1459 2074 1501 Vat.

290 1517 398 1557 Veu.
423 1514 520 1562 ΛΞ
537 1515 630 1555 Par.
653 1515 938 1556 ACEGrHIL
960 1516 1108 1557 Ambr.
1130 1515 1487 1556 vindobonenses
1510 1516 1619 1558 Flor.
1643 1528 1666 1555 a
1689 1529 1711 1554 c
1731 1516 1786 1555 d
1779 1529 1791 1556 ι
1815 1516 1911 1556 Zitt.
1940 1516 2075 1569 Lege·-

289 1573 415 1613 batm
435 1568 521 1613 καὶ
543 1562 655 1613 ον’τε
685 1584 752 1626 γε.
794 1571 902 1611 Dein
930 1571 1026 1614 Ald.
1057 1570 1203 1625 steph.
1233 1565 1298 1612 τά
1329 1570 1437 1614 τῶν
1459 1566 1559 1626 ἀγ,
1585 1573 1698 1622 quod
1719 1572 1828 1615 Ven.
1855 1572 2077 1614 Hhabere

288 1629 471 1669 videtur.

404 1683 648 1749 τροφῆς]
691 1683 878 1738 τρυφῆς
907 1684 1027 1724 Bodl.
1058 1697 1157 1728 am.
1189 1697 1272 1728 sec
1307 1693 1347 1724 et
1377 1683 1503 1726 Coisl.
1535 1685 1662 1728 Vind.
1691 1685 1861 1750 Ῥη-’.ΙΡειι
1886 1685 2074 1727 CE'HIL

289 1741 400 1783 Flor.
425 1742 450 1783 b
474 1753 496 1780 c
515 1741 529 1780 i
550 1754 593 1781 m
613 1741 727 1789 Zitt„
761 1741 876 1790 quod
896 1741 1098 1781 vitiosum
1119 1753 1214 1781 esse
1235 1742 1374 1794 aiguit
1395 1741 1607 1782 adiectum
1628 1739 1781 1795 κακῆς
1803 1753 1961 1795 ουσης

1901 384 2077 462 Εἰκός
2155 449 2158 475 ;

404 1811 507 1865 Cap.
531 1810 693 1853 XXXI.
724 1811 772 1853 E.
806 1806 889 1858 εἰς
917 1807 1182 1864 τοιαῦτα]
1229 1810 1298 1851 Sic
1329 1810 1455 1852 Coisl.
1488 1812 1614 1852 Vind.
1643 1811 1683 1852 Y
1708 1812 1799 1855 Par.
1823 1811 1943 1853 ACL
1963 1811 2076 1853 Flor.

290 1881 315 1909 a
337 1881 358 1907 c
379 1880 422 1907 m
451 1868 546 1908 71tt
572 1873 612 1907 et
633 1878 739 1907 corr.
764 1867 873 1910 Ven.
899 1868 951 1908 A.
994 1867 1106 1908 Ante
1124 1867 1306 1909 Bekker
1331 1864 1400 1917 εἰς
1420 1861 1480 1909 τὰ
1502 1867 1704 1909 τοιαῦτα
1726 1868 1959 1921 legebatur.

290 2011 344 2053 ll.
367 2011 410 2049 1.
447 2007 739 2049 casaubon.
760 2008 814 2048 ad
834 2007 1026 2048 Persium
1050 2007 1138 2051 Sat.

288 2067 341 2106 V.
362 2078 406 2118 p.
423 2066 506 2105 467
526 2063 628 2114 sq.“
660 2063 978 2104 FlSCHERUS.
1008 2065 1135 2117 Apul.

288 2122 414 2175 Apol.
445 2134 487 2174 p.
511 2123 594 2161 315
616 2120 810 2161 Elmenh.
840 2121 902 2161 At
931 2120 1008 2161 tibi
1037 2122 1141 2162 duat

225 2174 228 2178 ’
289 2181 392 2219 deus
430 2179 537 2224 zeta,-
583 2189 751 2229 semper
787 2176 931 2218 obvias
974 2181 1141 2230 species

287 2241 568 2286 mortuorum,
609 2235 817 2288 quidquid
850 2234 1028 2274 manium
1075 2239 1141 2275 est

287 2304 482 2344 usquam,
516 2291 722 2344 quidquid
750 2291 985 2338 Lemurum,
1018 2291 1140 2343 quid·

288 2349 391 2401 quid
418 2347 622 2395 Manium,
654 2348 859 2400 quidquid
886 2347 1138 2394 Larvarum,

288 2405 419 2444 oculis
451 2404 535 2443 tuis
566 2409 769 2456 querat;
801 2404 939 2444 omnia
960 2405 1140 2444 noctium

287 2464 584 2508 οοοιινεαοαῑα,
624 2461 763 2501 omnia
800 2459 1012 2500 bustorum
1045 2461 1140 2511 for·

287 2518 533 2563 midamina,
566 2518 705 2557 onmia
732 2520 1023 2569 sepulcrorum
1053 2522 1139 2556 ter-

286 2575 578 2614 riculamenta.
611 2573 802 2613 Laetam.
834 2574 937 2616 [nst.
965 2574 1018 2615 11.
1048 2574 1088 2620 2,
1113 2571 1140 2612 6

295 2630 336 2668 V
336 2631 453 2682 ulyus
484 2630 712 2678 eoeistimat,
745 2630 907 2669 animas
927 2631 1046 2669 circa
1076 2635 1138 2668 tu-

287 2687 417 2726 mulos
438 2690 479 2724 et
499 2698 725 2736 corporum
743 2697 914 2725 suorum
933 2686 1138 2737 reliquias

288 2741 507 2787 oberrare,
541 2741 614 2780 ubi
644 2740 1033 2783 v.Bi'1nemann.
1076 2740 1138 2780 De

289 2809 381 2836 voc.
416 2807 737 2858 φαντασματα
767 2795 879 2836 conf.
909 2797 1008 2838 Eur.
1036 2797 1135 2835 Hec.

287 2854 342 2893 54
382 2846 640 2918 φάντασμα
665 2845 975 2918 δειμαίνουσ’
1010 2845 1137 2905 ε’μόν.

288 2909 393 2949 lbid.
419 2910 470 2948 91
500 2898 620 2961 ἦλθ’
641 2902 770 2973 νπὲρ
811 2900 961 2960 ἄκρας
1001 2921 1138 2960 κορυ-

289 2963 389 3017 φᾶς
408 2975 633 3017 φαντασμ
641 2956 915 3018 ’Ἀχίλλεως.
934 2964 1137 3030 Aeschyl.

290 3021 407 3086 Sept.
421 3022 502 3063 710
524 3014 762 3062 ἐνυπνίων
784 3014 1140 3075 φαντασμάτων

288 3068 444 3129 ὄψεις.

346 3131 444 3174 καὶ
504 3124 570 3175 οὕ
629 3133 687 3175 τί
748 3146 810 3188 γε
870 3127 970 3182 τὰς
1031 3133 1140 3175 τῶν

289 3187 489 3256 dycta]
525 3190 595 3231 Sic
616 3190 841 3242 legendum
866 3203 961 3230 esse
982 3203 1057 3244 plo
1081 3182 1140 3232 οὔ

290 3242 340 3287 τέ
372 3258 425 3300 ’γε
460 3249 625 3299 plimus
656 3246 948 3287 Fischeius
980 3248 1139 3288 docuit.

287 3302 447 3343 Eodem
470 3303 595 3343 modo
619 3313 801 3344 enatum
831 3303 968 3344 Parm.
992 3317 1033 3357 p.
1060 3306 1140 3345 150

288 3358 336 3408 Β,
367 3358 439 3399 ubi
459 3359 729 3401 Heindorfius
760 3371 895 3401 ουτοι
923 3373 976 3426 γε
997 3362 1135 3426 lequi-

288 3415 424 3459 rebat.
465 3416 550 3456 Isto
572 3406 679 3458 οὔτι
701 3423 906 3469 sequente
926 3409 1048 3458 ἀλλά
1072 3417 1135 3457 ni-

1228 2008 1287 2048 hil
1324 1987 1607 2060 frequentius.
1637 2022 1679 2050 v.
1721 2008 1781 2049 De
1811 2009 1917 2062 Rep.
1951 2009 2001 2050 [Ι.
2029 2021 2072 2062 Ρ.

1227 2067 1310 2106 373
1332 2065 1380 2108 Ε.
1423 2066 1494 2106 IV.
1530 2078 1574 2119 p.
1614 2066 1698 2108 438
1729 2065 1774 2108 E.
1818 2065 1991 2109 Theaet.
2032 2077 2074 2118 p.

1229 2123 1310 2163 156
1332 2121 1378 2161 Ε.
1421 2120 1578 2174 Cratyl.
1599 2134 1642 2175 p.
1665 2123 1748 2164 393
1768 2122 1815 2162 Β.
1860 2121 2008 2175 Symp.
2029 2134 2073 2174 p.

1229 2178 1310 2218 189
1332 2178 1381 2221 Β.
1420 2178 1544 2231 Hipp.
1586 2179 1685 2221 mai.
1726 2191 1768 2231 p.
1801 2179 1884 2219 297
1912 2179 1959 2222 Ε.
1998 2179 2075 2219 Est

1228 2243 1421 2274 nostrum
1450 2234 1593 2274 nicht
1624 2243 1778 2283 etwa‚
1810 2235 1923 2284 quod
1945 2247 2074 2288 saepe

1225 2290 1393 2331 foitite1
1415 2299 1556 2344 negat.
1594 2292 1655 2331 Ita
1677 2290 1786 2331 infra
1806 2304 1847 2344 p.
1869 2291 1982 2333 820.
2006 2288 2071 2334 Cf.

1227 2348 1506 2390 Hermann.
1527 2348 1578 2388 ad
1603 2348 1748 2414 Viger.
1770 2360 1811 2401 p.
1834 2348 1931 2390 803.

1284 2402 1384 2457 τῆς
1463 2400 1745 2457 προτέρας
1823 2402 2071 2470 τροφῆς]

1226 2461 1322 2512 Ety
1335 2473 1389 2499 m.
1412 2461 1466 2503 Μ.
1488 2460 1764 2501 etSuidas.
1809 2455 1986 2528 τροφή·
2020 2477 2095 2490 -·
2142 2497 2148 2504 .

1225 2474 1523 2668 κσίοὶιιέβοὲνεται
1552 2514 1635 2558 καὶ
1665 2509 1743 2558 ἐπὶ
1770 2531 1855 2570 της
1883 2515 2073 2571 αγωγῆς

1329 2572 1573 2620 παιδείας.

1416 2629 1576 2670 ΧΧΧΙ.
1617 2629 1665 2668 Ε.
1706 2624 1786 2693 εζς
1826 2627 2073 2670 τοιαῦτα

1222 2675 1251 2736 ἠ
1243 2642 1427 2738 ’θη-]
1448 2685 1715 2725 Vocabulum
1736 2684 1840 2738 ηθη
1864 2687 1943 2726 etsi
1965 2686 2074 2726 male

1226 2742 1395 2792 negavit
1434 2740 1702 2781 Heindorf.
1748 2741 1809 2781 de
1850 2742 2072 2782 sedibus

1224 2808 1284 2835 ac
1314 2797 1607 2837 domiciliis
1639 2810 1664 2838 a
1693 2798 1967 2851 scriptoribus
1995 2799 2074 2839 At-

1222 2853 1315 2893 ticis
1348 2854 1543 2906 usurpari
1573 2853 1766 2905 (meliora
1796 2855 1909 2894 enim
1930 2855 2074 2896 docuit

1223 2910 1405 2950 Astius
1428 2910 1482 2950 ad
1504 2909 1634 2963 Legg.
1658 2923 1698 2964 p.
1710 2910 1805 2962 52),
1828 2918 1967 2951 tamen
1992 2911 2073 2953 hoc

1225 2974 1336 3005 certe
1358 2967 1448 3006 loco
1472 2978 1556 3006 non
1578 2975 1719 3019 potest
1741 2980 1837 3008 cum
1859 2967 2072 3008 Fische-

1223 3034 1279 3061 ro
1303 3023 1374 3062 illa
1395 3022 1705 3076 significatione
1731 3024 1881 3077 accipi.
1923 3024 2072 3079 Neque

1229 3080 1342 3118 enim
1370 3081 1547 3119 verbum
1574 3081 1944 3134 μεμελετηκυῑαι
1974 3081 2072 3121 huic

1226 3137 1375 3175 rationi
1415 3137 1612 3177 convenit
1654 3144 1692 3176 et
1724 3149 1833 3187 quae
1869 3137 2070 3190 deinceps

1226 3203 1464 3243 sequuntur
1491 3193 1619 3246 longe
1649 3194 1773 3233 aliam
1802 3194 2013 3234 suadent
2004 3206 2068 3233 in·

1225 3250 1588 3313 terpietationem.
1630 3250 1761 3290 Recte
1791 3249 2025 3290 Heindoi
2038 3249 2070 3291 f.

1224 3296 1328 3358 ἤθη
1370 3304 1593 3370 τοιαῦτα,
1636 3306 1794 3370 inquit,
1837 3314 1937 3346 sunt
1976 3306 2018 3346 h.
2041 3307 2069 3347 l.

1223 3360 1315 3412 ζῶα
1358 3355 1595 3409 τοιούτοις
1640 3336 1794 3415 ἤθεσι
1837 3355 2067 3415 χρώμενα.

1223 3418 1422 3460 Ceteium
1460 3419 1675 3472 copiosius
1716 3419 1768 3460 de
1809 3416 1934 3460 huius
1975 3431 2066 3462 voc.
