2222 3762
416 153 484 204 42
881 148 1494 202 PROLEGOMENA
1531 150 1641 203 AD

415 291 616 362 pellere
657 311 722 347 ac
760 311 974 344 movere
1014 290 1236 344 deberet
1283 289 1355 343 ad
1392 290 1637 359 Socratis
1664 292 1987 346 :memoriam
2024 293 2111 349 vel

415 362 822 427 instaurandam
869 363 958 415 vel
1007 362 1074 415 ab
1124 361 1319 420 iniuria
1371 361 1779 431 vindicandam,
1841 371 1896 415 at
1937 382 2003 417 ue
2054 363 2113 417 id

415 453 596 507 agere,
635 442 697 487 ut
725 433 1019 503 aliquando
1046 432 1730 487 certiusconfirmarentur
1766 454 1915 505 popu
1941 434 2114 489 arium

414 525 634 568 suorum
673 504 740 562 de
776 505 869 558 illo
907 504 1138 570 iudicia,
1190 505 1507 576 praesertim
1545 525 1712 574 quum
1748 505 1836 559 vel
1873 525 1902 559 e
1939 503 2121 577 Gorg..

414 598 466 648 p.
506 579 627 630 484.
667 575 731 630 C.
772 597 823 647 p.
866 578 986 629 485.
1026 575 1078 626 A
1104 593 1222 644 sqq.
1263 577 1463 644 p..500.
1491 575 1877 630 C.-Theaetet.
1909 598 1961 648 p.
1995 580 2122 630 176ἰ

413 651 470 701 A
506 667 626 717 sqq.
665 647 931 717 suspicari
967 647 1161 714 liceat,
1212 648 1376 699 etiam
1423 656 1538 700 tum
1587 649 1781 716 fuisse,
1835 649 1930 718 qui
1966 648 2115 703 istud

415 711 747 772 detensionis
797 738 998 790 genus,
1050 736 1160 786 quo
1201 717 1456 772 Socrates
1493 738 1622 772 usus
1660 728 1835 785 esset,
1877 740 1988 774 non
2023 740 2115 774 us-

416 809 745 859 quequaque
782 790 1093 859 probarent.
1167 789 1403 846 Accedit
1439 789 1576 856 huc,
1628 790 1776 859 quod
1814 792 1974 845 Plato
2013 791 2115 846 So-

415 870 562 915 crate
585 863 871 914 interemto
899 860 1044 931 apud
1076 860 1312 913 animum
1338 861 1621 916 constituit
1644 862 1701 914 in
1725 871 2006 932 posterum
2031 882 2115 916 re-

413 933 634 1003 publica
659 932 822 1002 plane·
856 933 1146 999 abstinere,
1188 931 1486 989 eteasdem
1525 931 1747 1002 quidem
1777 935 1847 987 ob
1873 953 2114 999 caussaS‚

416 1023 552 1073 quas
602 1011 762 1056 antea
811 1003 1049 1057 vidimus
1103 1003 1267 1056 etiam
1308 1004 1588 1060 Socratem
1641 1006 2004 1074 permovisse,
2055 1016 2122 1058 ut.

415 1094 694 1145 nunquam
731 1075 966 1146 publicis
1004 1077 1323 1146 iungeretur
1360 1076 1703 1143 miineribu8‚
1757 1095 1970 1148 semper
2006 1078 2117 1147 pri-

413 1154 596 1200 vatam
636 1146 861 1219 degeret
896 1148 1079 1199 vitam.
1155 1147 1241 1199 De
1282 1166 1390 1215 qua
1413 1167 1470 1200 re
1503 1147 1613 1199 vid.
1636 1148 1816 1218 Epist.
1846 1148 2129 1202 Platonic.=

414 1219 548 1272 VII.
587 1219 706 1271 init.
781 1219 981 1288 Itaque
1018 1236 1185 1287 quum
1219 1219 1454 1272 Athenis
1493 1227 1587 1271 aut
1623 1219 1730 1272 iam
1767 1219 2118 1274 valedixisset

415 1299 510 1344 aut
548 1291 700 1344 brevi
739 1304 884 1344 esset
919 1288 1320 1358 valedicturus,
1370 1290 1679 1343 iaciendum
1737 1291 1842 1344 sibi
1877 1292 2115 1361 putavit,

414 1370 475 1415 ut
512 1362 671 1415 huius
712 1362 924 1415 consilii
972 1361 1054 1415 sui
1105 1379 1327 1417 caussas
1379 1361 1589 1415 civibus
1638 1362 1751 1415 suis
1805 1363 1986 1431 palam
2023 1362 2117 1415 de-

414 1434 670 1498 clararet3
712 1432 863 1503 quod
897 1453 966 1486 ne
1003 1443 1120 1485 tum
1156 1433 1375 1502 quidem
1414 1433 1685 1501 deseruit,
1741 1451 1910 1502 quum
1945 1434 2116 1487 multo

411 1514 656 1576 tempore
694 1513 822 1576 post
860 1525 927 1558 ex
963 1505 1279 1576 longinquis
1317 1505 1603 1558 itineribus
1653 1523 1903 1559 reversus
1941 1506 2118 1576 philo·

415 1577 663 1647 sophiam
731 1578 785 1629 in
849 1575 1168 1637 Academia,
1208 1576 1421 1629 tradere
1489 1577 1723 1628 animum
1793 1576 2115 1631 induxisset.

413 1648 667 1717 Denique
719 1647 788 1700 ad
840 1667 950 1700 rem
990 1648 1193 1700 certius
1235 1647 1599 1702 definiendam
1640 1667 1742 1701 nec
1784 1649 1976 1703 inutile
2015 1649 2118 1702 erit

413 1720 755 1787 meminisse,
813 1719 1100 1780 arctiorem
1155 1719 1426 1788 quandam
1475 1719 1780 1791 Apologiae
1829 1738 1950 1772 cum
2003 1719 2118 1773 Eu·-

413 1791 752 1863 thyphrone‚
815 1791 1055 1853 Menone
1111 1799 1275 1859 atque
1326 1789 1550 1844 Critone
1600 1790 1938 1845 intercedere
1989 1811 2118 1844 con-

414 1863 747 1916 iunctionem
785 1882 850 1916 ac
881 1862 1361 1922 necessitudinem.
1438 1863 1582 1916 Nam
1624 1864 1679 1915 in
1719 1863 2118 1934 Euthyphrone

416 1933 654 2005 quidem,
694 1934 789 2004 qui
823 1935 884 1986 in
921 1933 1179 1987 rimandis
1217 1933 1675 2004 explorandisque
1699 1934 1916 2003 pietatis
1942 1938 2118 1988 notio-

414 2006 575 2060 nibus
611 2014 896 2074 versatur‚
947 2023 1142 2058 caussa
1179 2006 1541 2066 accusationis
1592 2006 1660 2059 ab
1706 2007 1983 2076 impietate
2034 2025 2118 2058 re-

414 2079 588 2149 petita
623 2079 702 2130 ita
738 2076 1040 2144 indicatur,
1081 2092 1142 2128 ut
1180 2077 1340 2129 simul
1380 2077 1602 2144 Meleti⁷
1657 2077 1751 2146 qui
1803 2096 1978 2148 nuper
2015 2076 2119 2131 So-

416 2150 556 2203 crati
593 2149 742 2202 litem
778 2147 1136 2214 intendisset,
1186 2147 1556 2203 adolescentia
1605 2156 1767 2217 atque
1805 2167 1983 2203 rerum
2020 2149 2119 2200 im-

414 2221 613 2292 peritia
649 2222 1018 2274 subsannetur
1066 2219 1312 2289 adeoque
1352 2218 1564 2274 Socrati
1614 2220 1682 2272 ab
1721 2220 2120 2293 Euthyphrone

418 2311 643 2346 caussae
697 2311 827 2345 suae
878 2291 1107 2344 victoria
1154 2292 1503 2362 promittatur
1552 2299 1716 2360 atque
1753 2293 2118 2362 praedicatur,

417 2384 471 2434 p.
514 2367 544 2416 2
570 2396 637 2402 -
664 2368 712 2416 3.
751 2363 817 2415 Ε.
898 2366 963 2416 In
1012 2363 1254 2415 Menone
1305 2383 1498 2433 porro,
1548 2363 1604 2414 in
1656 2382 1763 2431 quo
1803 2363 1870 2416 de
1905 2363 2120 2416 virtutis

415 2447 609 2488 natura
655 2436 712 2488 in
749 2444 1038 2503 utramque
1085 2442 1293 2503 partem
1332 2433 1675 2504 disputatur,
1727 2434 1916 2487 eadem
1953 2453 2121 2504 opera

419 2506 759 2575 ostenditur*⁷
818 2507 913 2575 qui
962 2506 1166 2557 factum
1214 2506 1341 2570 sit.,¹
1374 2513 1435 2556 ut
1472 2503 1729 2558 Socrates
1767 2506 2007 2559 virorum
2043 2505 2119 2558 ci-

420 2577 634 2644 vilium⁷
684 2585 878 2646 utpote
926 2575 1127 2637 virtute
1176 2575 1325 2628 civili
1371 2576 1614 2629 fastuose
1667 2577 2118 2646 superbientium,

417 2648 752 2702 iracundiam
808 2648 863 2699 in
914 2666 972 2699 se
1012 2646 1396 2714 concitaverit,
1448 2646 1596 2716 quod
1645 2648 1865 2716 quidem
1911 2649 1988 2700 ita
2034 2647 2118 2715 fit,

421 2728 482 2772 ut
520 2721 680 2773 etiam
719 2719 942 2790 Anytus
979 2736 1075 2778 cur
1112 2717 1215 2787 ipsi
1251 2719 1654 2784 succensuerit,
1693 2719 2119 2773 luculentissime

422 2790 751 2855 declaretur3
791 2811 842 2843 v.
883 2811 935 2861 p.
978 2791 1062 2842 90.
1102 2789 1167 2840 Β.
1198 2821 1265 2827 -—
1294 2792 1377 2842 94.
1418 2789 1486 2843 E.
1564 2791 1679 2843 Iam
1715 2811 1844 2844 vero
1883 2791 1937 2843 in
1966 2793 2120 2861 Apo-

419 2862 568 2934 logia
604 2862 778 2915 virum
817 2861 1116 2932 sapientem
1154 2860 1400 2913 audimus
1440 2881 1499 2914 se
1535 2862 1712 2932 ipsum
1738 2861 2119 2915 defendentem

421 2934 667 3002 adeoque
706 2932 888 2985 studia
925 2951 1025 2986 sua
1064 2940 1226 3001 atque
1265 2932 1492 2987 consilia
1529 2933 1975 3003 describentem„
2000 2933 2120 3002 qui-

421 3006 524 3059 bus
580 3003 646 3057 de
698 3004 908 3058 civibus
961 3004 1073 3057 suis
1108 3022 1206 3073 per
1237 3013 1406 3057 totam
1443 3005 1610 3058 vitam
1648 3024 1800 3059 suam
1838 3005 1974 3058 bene
2011 3024 2120 3057 me-

422 3076 528 3130 reri
577 3083 806 3129 conatus
856 3077 942 3129 sit.
1019 3075 1275 3144 Denique
1322 3076 1378 3128 in
1427 3074 1653 3130 Critone
1701 3076 2118 3142 demonstratur,

423 3147 706 3202 Socratem
759 3165 880 3199 eum
931 3146 1098 3198 fuisse
1137 3146 1340 3214 civem,
1393 3148 1484 3216 qui
1524 3149 1738 3220 legibus
1785 3147 1992 3217 patriae
2031 3147 2118 3199 vel

421 3227 564 3287 tum,
609 3236 772 3288 quum
810 3219 1062 3288 captivus
1103 3217 1156 3268 in
1197 3238 1412 3270 carcere
1450 3227 1758 3284 teneretur,
1808 3238 1905 3288 per
1941 3219 2119 3271 onmia

424 3290 676 3362 religiose
703 3288 1174 3359 obtemperaverit.
1212 3290 1490 3342 Pertinent
1514 3292 1682 3362 igitur
1707 3290 1761 3343 hi
1786 3289 1908 3343 libri
1933 3308 2117 3341 omnes

423 3360 493 3416 ad
530 3361 933 3416 accusationem
971 3360 1217 3415 Socratis
1257 3361 1709 3432 continenturque
1760 3361 1903 3414 inter
1939 3379 1996 3414 se
2035 3379 2117 3412 ar-
