2222 3762
4 1766 6 1771 -
6 1727 7 1730 „
0 1475 21 1711 ”vm-m*2„*„

383 166 797 223 APOLOGIA
835 165 1254 236 sooRATIS‚
1307 168 1369 220 P.
1411 171 1495 221 21.
1539 167 1621 223 st.
1790 171 1855 221 75

164 313 395 387 σμικρὸν
423 314 888 386 ξύνοιδαὲμαυτῷ
918 310 1211 389 σοφὸςῶν·
1248 305 1411 368 τίοῦν
1439 336 1574 369 ποτε
1597 318 1734 382 λέγει
1748 311 1858 389 φά-

163 421 306 455 σκων
331 403 418 469 ἐμὲ
443 399 778 474 σοφώτατον
804 397 976 465 εἶναις
1001 396 1188 468 οὐγὰρ
1205 397 1384 464 δήπου
1401 398 1664 472 ψεύδεταί
1676 421 1732 468 γε
1749 419 1760 429 ·
1791 397 1857 453 οὐ

164 483 270 556 γὰρ
296 489 462 552 θέμις
489 484 659 553 αὐτῷ.
695 486 786 538 καὶ
811 482 988 538 πολὺν
1010 487 1110 552 μὲν
1128 482 1332 553 χρόνον
1356 481 1626 552 ἠπόρουν,
1658 488 1710 537 τί
1725 503 1858 537 ποτε

163 573 315 636 λέγει,
365 572 548 622 ἔπειτα
594 567 755 636 μόγις
801 567 951 621 πάνυ
993 571 1077 621 ἐπὶ
1107 567 1328 634 ζήτησιν
1371 562 1546 620 αὐτοῦ
1594 566 1859 632 τοιαύτην

167 653 291 707 τινὰ
316 651 656 722 ἐτραπόμην.
703 644 894 717 ἦλθον
937 658 1024 706 ἐπί
1051 673 1173 705 τινα
1201 653 1312 704 τῶν
1337 652 1649 705 δοκούντων
1673 655 1863 726 σοφῶν

166 737 321 801 εἶναι,
349 734 421 800 ὡς
445 739 721 799 ἐνταῦθα,
749 736 896 805 εἴπερ
931 757 1057 801 που,
1086 736 1305 800 ἐλέγξων
1351 732 1414 790 τὸ
1453 746 1718 803 μαντεῖον
1761 739 1852 790 καὶ

166 820 480 895 ἀποφανῶν
503 824 579 889 τῷ
605 823 852 891 χρησμῷ,
878 819 964 874 ὅτι
991 820 1196 876 Οὑτοσὶ
1221 822 1358 886 ιἐμοῦ
1390 818 1706 893 σοφώτερός
1730 828 1859 885 ἐστι,

165 904 229 960 σὺ
257 904 298 959 δ’
332 908 420 972 ἐμὲ
448 909 697 978 ἔφησθα.
770 908 1082 958 διασκοπῶν
1131 896 1232 957 οὖν
1279 906 1487 958 τοῦτον
1515 937 1592 944 ——-
1624 902 1863 974 ὀνόματι

165 987 272 1058 γὰρ
304 988 464 1043 οὐδὲν
499 993 689 1059 δέομαι
710 992 894 1057 λέγειν,
937 980 1004 1053 ἦν
1049 992 1103 1041 δὲ
1132 1009 1214 1050 τις
1247 990 1354 1039 τῶν
1381 990 1692 1052 πολιτικῶν,
1725 986 1864 1058 πρὸς

166 1071 231 1128 ὃν
275 1070 373 1139 ἐγώ
401 1076 620 1126 σκοπῶν
666 1069 924 1126 τοιοῦτόν
938 1094 987 1125 τι
1004 1074 1247 1132 ἔπαθον,
1275 1062 1858 1138 ὦᾶνδρεςἈθηναῖοι,

164 1189 248 1196 —
270 1159 360 1210 καὶ
386 1154 769 1224 διαλεγόμενος
795 1155 947 1224 αὐτῷ
977 1157 1120 1222 ἔδοξέ
1160 1177 1256 1223 μοι
1272 1148 1435 1218 οὗτος
1455 1153 1483 1208 ὁ
1506 1153 1652 1223 ἀνὴρ
1681 1161 1862 1212 δοκεῖν

163 1243 266 1311 μὲν
279 1240 421 1295 εἶναι
436 1236 615 1314 σοφὸς
633 1236 823 1304 ἄλλοις
842 1261 896 1294 τε
923 1243 1152 1304 πολλοῖς
1168 1238 1607 1321 ἀνθρώποιςκαὶ
1620 1240 1862 1310 μα’λιστα

281 1377 468 1418 ἔπειτα
506 1373 700 1430 μόγις]
765 1377 812 1417 V.
847 1374 979 1426 μόλις.
1017 1377 1131 1417 Illud
1173 1375 1299 1417 codd.
1338 1378 1492 1430 optimi
1534 1382 1667 1430 atque
1697 1378 1865 1430 plurimi

166 1448 322 1488 magno
354 1448 567 1476 consensu
601 1440 785 1485 tuentur,
818 1447 897 1474 nec
932 1434 1199 1481 dubitamus,
1231 1436 1330 1485 quin
1368 1436 1535 1476 Platoni
1578 1436 1734 1487 ubique
1766 1435 1864 1476 red-

167 1492 351 1533 dendum
386 1494 454 1532 sit.
501 1506 539 1532 v.
578 1493 798 1533 Dorviii.
843 1491 896 1532 ad
931 1491 1090 1536 Charit.
1131 1507 1172 1546 p.
1212 1491 1311 1536 345.
1353 1493 1491 1534 Inane
1531 1499 1598 1534 est
1637 1493 1864 1534 discrimen

168 1550 285 1603 quod
319 1551 473 1591 statuit
506 1550 689 1591 Thom.
725 1550 860 1602 Mag.
901 1564 942 1602 p.
975 1550 1071 1594 619.

283 1608 332 1651 C.
396 1604 478 1648 ὅτι
521 1603 726 1649 Οὑτοσὶ
764 1605 895 1658 ἐμοῦ
941 1612 1006 1658 σ.]
1071 1607 1143 1649 Sic
1174 1607 1301 1648 Bodi.
1330 1608 1431 1648 vat.
1469 1608 1580 1650 Ven.
1614 1609 1653 1648 b.
1687 1607 1787 1648 Vin.
1823 1609 1862 1651 1.

169 1693 356 1738 Athen.
388 1695 444 1737 V.
480 1708 521 1747 p.
553 1694 651 1738 218.
686 1694 734 1734 Ε.

228 1746 439 1792 ἀνεῖλεν
503 1745 604 1792 οὖν
667 1747 693 1805 ἦ

1060 1699 1309 1734 naturam
1353 1699 1408 1734 et
1455 1695 1607 1746 leges
1639 1694 1863 1736 divinas

1060 1751 1158 1793 hoe
1193 1753 1295 1804 ipsi
1342 1753 1470 1792 iicet
1505 1751 1706 1793 facere.
1749 1753 1863 1794 conf.

1060 1821 1101 1862 p.
1134 1809 1204 1852 30.
1238 1810 1294 1850 D.
1327 1809 1470 1863 ibique
1502 1823 1597 1850 ann.

1117 1863 1396 1921 ἠπόρουν,
1434 1869 1484 1907 τί
1519 1881 1644 1908 ποτε
1684 1866 1862 1921 λέγει]

1056 1926 1354 1967 Fischerus
1408 1924 1523 1978 λέγοι
1592 1926 1864 1966 scribendum

1059 1984 1284 2026 censebat.
1337 1983 1426 2024 Sed
1468 1997 1550 2025 non
1593 1983 1750 2025 desunt
1779 1983 1864 2023 alia

755 1749 972 1804 Πυθία]

166 1808 314 1851 Verba
347 1809 526 1861 Pythiae
559 1809 753 1860 fuerunt,
794 1816 975 1850 auctore

166 1865 344 1909 Laert.
385 1868 446 1908 ΙΙ.
489 1867 570 1911 37:
613 1862 802 1920 Ἀνδρῶν
839 1863 972 1908 ἁπάν-

169 1937 253 1964 των
283 1922 519 1979 Σωκράτης
551 1922 817 1977 σοφώτατος.
850 1924 973 1978 Apud

168 1982 350 2026 Senot.
387 1984 603 2034 Aristoph.
637 1983 775 2026 Nubb.
806 1997 846 2024 v.
874 1982 972 2027 144.

169 2041 230 2080 sic
261 2042 481 2093 leguntur:
524 2039 682 2092 Σοφός
724 2039 973 2094 Σοφοκλῆς,

171 2095 424 2152 σοφώτερος
480 2094 516 2138 δ’
563 2095 828 2150 Εὐριπίδης·
883 2095 973 2139 Ἀν-

170 2154 286 2210 δρῶν
327 2154 373 2196 δὲ
411 2151 585 2196 πάντων
615 2155 856 2209 Σωκράτης
899 2169 974 2196 σο-

172 2211 382 2266 φώτατος.
445 2214 578 2254 Aiiter
645 2216 785 2267 paullo
846 2215 974 2255 Xen.

170 2273 303 2325 Apol.
331 2271 454 2312 Socr.
488 2284 523 2313 c.
550 2269 619 2313 14.
652 2270 776 2311 Conf.
810 2270 863 2312 de
897 2271 976 2311 hoc

172 2329 345 2369 oraculo
367 2329 493 2368 etiam
519 2329 723 2381 Menag.
756 2328 807 2368 ad
836 2328 978 2368 Lae‘rt.

170 2387 231 2428 II.
259 2386 329 2429 37.
354 2386 527 2427 navis.
562 2387 614 2426 ad
638 2387 750 2426 Μωι.
774 2386 877 2438 Tyr.
899 2385 979 2436 IX,

171 2445 211 2488 1.
245 2449 289 2484 et
318 2442 373 2483 ad
404 2443 576 2488 Cicer.
612 2442 820 2485 Academ.
861 2444 897 2485 Ι.
934 2442 977 2486 4.

231 2497 255 2541 ὁ
287 2496 810 2553 ἁδελφὸς-αὐτοῦ]
842 2500 978 2540 Chae-

173 2567 380 2601 recrates.
402 2560 440 2602 v.
455 2562 496 2599 X
508 2572 529 2598 e
542 2573 566 2599 n
579 2573 604 2599 o
618 2573 642 2613 p
662 2559 700 2599 h.
714 2559 844 2599 Mem.
858 2558 919 2601 ΙΙ.
934 2558 976 2602 3.

236 2617 284 2659 Β.
346 2613 586 2668 ξύνοιδα
634 2615 844 2669 ἐμαυτῷ
888 2628 976 2656 σο-

177 2670 284 2726 φὸς
325 2671 437 2726 clia]
498 2676 601 2715 Aiio
634 2674 763 2715 modo
795 2673 901 2714 infra
933 2688 974 2726 p.

171 2733 241 2776 22.
286 2732 351 2772 D:
397 2733 563 2786 ἐμαυτῷ
606 2729 804 2783 ξυνῄδειν
848 2728 978 2772 οὐδὲν

174 2788 529 2844 ἐπισταμένῳ
572 2796 615 2830 et
661 2804 700 2843 p.
731 2789 799 2833 34.
850 2790 895 2829 Β.
936 2804 974 2831 v.

175 2847 257 2890 Ma
274 2847 371 2890 tth.
392 2850 431 2900 §-
452 2847 551 2892 548.
574 2848 612 2890 2.
635 2848 790 2889 Rost.
819 2851 857 2900 ς.
876 2848 976 2892 129.

179 2911 266 2946 not.
298 2906 341 2948 2.

236 2958 300 3002 οὐ
333 2959 429 3016 γὰρ
461 2961 620 3012 θέμις
651 2956 827 3017 αὐτῷ]
869 2963 976 3004 Fre—

175 3033 313 3073 quens
355 3021 569 3060 sententia
619 3026 685 3060 est
737 3022 976 3074 Apollinem

177 3079 344 3120 mentiri
389 3077 507 3117 nefas
550 3090 670 3118 esse:
719 3091 757 3118 v,
797 3079 859 3120 De
888 3079 977 3120 Re-

176 3135 292 3189 pubi.
325 3135 387 3180 ΙΙ.
431 3149 469 3185 ρ.
505 3134 604 3178 383.
641 3135 687 3177 Β.
729 3136 976 3188 Aeschyi.

176 3193 325 3233 Prom.
372 3205 409 3231 v.
441 3193 568 3236 1032.
611 3193 816 3236 Pindar.
848 3193 975 3246 Pyth.

175 3250 258 3291 III.
286 3250 356 3293 29.
387 3250 465 3292 ΙΧ.
494 3249 553 3293 44
572 3263 662 3302 sqq.
693 3250 759 3291 ed.
789 3251 976 3292 Roeckh.

177 3331 233 3337 —-
264 3303 326 3347 ου’
358 3303 457 3361 γὰρ
490 3307 647 3358 θέμις
677 3302 817 3363 αὐτῷ
847 3309 978 3360 igitur

177 3362 406 3418 significem
454 3379 558 3407 non
606 3366 745 3407 enirn
789 3366 839 3410 id
879 3378 977 3420 per

1059 2040 1180 2082 huius
1240 2042 1573 2082 constructionis
1645 2041 1863 2093 exempla.

1059 2098 1267 2140 Nimirum
1321 2100 1526 2139 transitur
1583 2099 1635 2139 ab
1695 2099 1864 2150 obliqua

1062 2156 1255 2196 oratione
1289 2156 1430 2196 subito
1452 2156 1507 2196 ad
1531 2162 1712 2197 rectam:
1750 2154 1866 2196 unde

1062 2213 1194 2254 etiam
1230 2214 1278 2260 τί,
1311 2227 1392 2254 non
1438 2210 1464 2253 ὅ
1493 2228 1531 2253 τι
1561 2213 1750 2266 positum
1783 2217 1864 2255 est.

1065 2283 1103 2310 v.
1135 2270 1327 2314 Matth.
1361 2274 1399 2323 ἓ.
1432 2270 1533 2321 529,
1566 2270 1607 2313 3.

1123 2322 1187 2367 ὥς
1225 2326 1496 2377 ἐνταῦθα,
1535 2330 1688 2381 εἴπερ
1729 2341 1866 2379 που,

1064 2381 1159 2436 eL]
1226 2386 1503 2439 Hirschig.
1556 2385 1736 2426 arbitrio
1784 2398 1864 2426 sno

1065 2443 1236 2495 scripsit
1255 2444 1371 2497 εἴπερ
1392 2458 1478 2485 που
1491 2442 1658 2493 ἄλλοθι,
1674 2441 1731 2483 ἐλ.
1747 2442 1864 2494 quod

1063 2501 1103 2540 in
1148 2500 1223 2541 hac
1254 2500 1438 2543 formula
1478 2514 1649 2555 semper
1689 2506 1732 2541 et
1767 2501 1866 2540 ubi-

1062 2570 1146 2608 que
1176 2560 1330 2610 requiri
1351 2561 1424 2600 ait.
1472 2561 1541 2601 Tu
1567 2559 1650 2599 noli
1672 2559 1864 2601 credere.

1063 2615 1247 2659 Theaet.
1282 2630 1321 2669 p.
1353 2617 1451 2661 171.
1486 2618 1536 2658 E.
1569 2611 1653 2657 ἀλλ’
1675 2614 1867 2655 ἐνταῦθα

1064 2669 1191 2713 ἄλλον
1206 2670 1336 2714 ἄλλου
1358 2673 1591 2729 διαφέρειν,
1623 2675 1740 2727 εἴπερ
1764 2687 1866 2713 που.

1063 2731 1169 2773 ibid.
1199 2745 1239 2784 p.
1280 2734 1378 2777 172.
1415 2739 1471 2774 A:
1514 2727 1704 2782 ἐνταῦθ’,
1751 2733 1867 2785 εἴπερ

1063 2802 1163 2837 που,
1196 2783 1252 2829 αὖ
1286 2786 1557 2844 ὁμολογήσει.
1592 2793 1646 2832 ai.

1119 2847 1168 2887 C.
1211 2849 1291 2887 καὶ
1333 2847 1739 2903 διαλεγόμενος
1780 2843 1867 2888 αὖ·

1063 2905 1130 2959 τῷ
1193 2905 1357 2957 ἔδοξέ
1408 2908 1526 2960 μοι]
1590 2906 1868 2954 Schieier-

1062 2962 1347 3005 macheras
1391 2966 1457 3005 καὶ
1490 2965 1717 3007 delendum
1767 2977 1868 3005 cen-

1064 3025 1132 3060 set
1159 3029 1406 3074 propterea,
1438 3023 1552 3075 quod
1594 3023 1867 3075 participium

1066 3074 1313 3119 διασκοπῶν
1368 3082 1446 3121 iarn
1501 3081 1636 3122 verbo
1694 3080 1869 3122 σκοπῶν

1063 3135 1260 3177 iteratum
1293 3139 1348 3178 sit
1380 3144 1514 3191 atque
1542 3137 1697 3180 durum
1732 3138 1868 3180 videri

1065 3192 1229 3234 debent>
1265 3197 1349 3236 ista
1386 3192 1589 3236 τοιοῦτόν
1628 3211 1664 3237 τι
1695 3195 1867 3237 ἔπαθον

1065 3249 1104 3290 ἰη
1154 3253 1399 3304 parenthesi
1435 3255 1650 3295 collocari.
1717 3255 1865 3304 ltaque

1065 3307 1206 3350 locum
1250 3317 1495 3365 corruptum
1535 3313 1770 3353 arbitratur
1799 3315 1864 3349 nt-

1061 3376 1145 3417 que
1175 3368 1322 3420 talem,
1353 3370 1425 3422 qui
1447 3371 1537 3411 sine
1560 3368 1756 3411 codicum
1780 3378 1863 3418 ope
