2158 3718
289 135 395 191 252

1037 137 1360 183 PLATONIS

285 281 393 339 θος
427 274 692 331 οὐδέποτ’
733 277 956 331 ἐθέλειν
993 275 1107 346 ἅμα
1143 278 1283 346 μέγα
1319 279 1413 333 καὶ
1451 277 1692 350 σμικρὸν
1731 276 1896 351 εἶναι,
1924 279 2070 337 ἀλλὰ

287 361 383 414 καὶ
419 362 482 414 τό
523 361 588 415 ἐν
624 357 758 431 ἡμῖν
803 361 1041 430 μέγεθος
1087 359 1358 417 οὐδέποτε
1402 364 1808 434 προςδέχεσθαι
1842 363 1906 419 τὸ
1943 380 2072 437 σμις

289 443 433 515 κρόν
479 443 607 499 οὐδ’
649 445 872 499 ἐθέλειν
918 443 1323 516 ὑπερέχεσθαι,
1370 446 1512 501 ἀλλὰ
1558 449 1723 502 δυοῖν
1758 448 1821 503 τὸ
1858 450 2075 521 ἕτερον,

223 540 258 580 Ε
288 528 326 599 ἢ
363 529 600 599 φεύγειν
647 530 742 582 καὶ
772 527 1154 600 ὑπεκχωρεῖν,
1202 529 1339 585 ὅταν
1377 531 1528 604 αὐτῷ
1565 536 1764 605 προςίῃ
1801 531 1876 603 τὸ,
1905 535 2073 588 ἐναν-

287 616 438 683 τίον,
487 612 549 667 τὸ
589 614 857 684 σμικρόν,
905 612 942 684 ἢ
987 615 1399 685 προςελθόντος
1439 618 1662 671 ἐκείνου
1700 616 2078 689 ἀπολωλέναι,

287 697 579 768 ὑπομένον
618 698 681 752 δὲ
718 700 814 751 καὶ
852 698 1158 768 δεξάμενον
1194 698 1299 770 τὴν
1336 702 1678 772 σμικρότητα
1717 702 1821 756 οὐκ
1851 703 2080 757 ἐθέλειν

289 779 435 836 εἶναι
471 781 665 852 ἕτερον
702 781 738 852 ἢ
776 781 915 853 ὅπερ
951 775 1052 853 ἦν,
1093 782 1274 855 ὥςπερ
1316 783 1424 853 ἐγώ
1465 787 1764 856 δεξάμενος
1799 788 1893 841 καὶ
1930 785 2077 841 ὑπο-

287 860 481 936 μείνας
516 864 620 936 τὴν
659 868 1027 937 σμικρότητα,
1076 869 1171 921 καὶ
1208 871 1290 923 ἔτι
1327 867 1411 923 ὢν
1448 868 1616 938 ὄςπερ
1655 872 1793 940 εἰμι’,
1841 864 2006 935 οὗτος
2042 869 2074 925 ὁ

288 949 458 1014 αὐτὸς
512 952 745 1022 σμικρός
770 1013 773 1015 ,
800 954 937 1023 εἰμι·

1016 953 1200 1007 ε’κεῖνο
1249 954 1312 1008 δὲ
1360 953 1429 1007 οὐ
1475 955 1777 1024 τετόλμηκε
1822 956 1963 1025 μέγα
2007 954 2076 1009 ὂν

288 1033 531 1106 σμικρὸν
571 1031 738 1091 εἶναι·
794 1034 870 1100 ὥς
907 1035 962 1089 δ’
1001 1036 1186 1101 αὕτως
1222 1039 1316 1092 καὶ
1352 1037 1415 1092 τὸ
1455 1036 1695 1109 σμικρὸν
1732 1036 1795 1092 τὸ
1837 1039 1901 1093 ἐν
1937 1038 2077 1109 ἡμῖν

287 1120 394 1174 οὐκ
442 1120 629 1175 ἐθέλει
676 1120 810 1175 ποτὲ
855 1121 996 1191 μέγα
1032 1126 1331 1191 γίγνεσθαι
1369 1120 1502 1176 οὐδὲ
1543 1119 1713 1192 εἶναι,
1762 1121 1897 1177 οὐδὲ
1935 1122 2076 1176 ἄλλο

241 1228 243 1230 ·
287 1203 460 1259 οὐδὲν
503 1209 631 1281 ,τῶν
688 1205 966 1260 ἐναντίων
1020 1210 1102 1261 ἔτι
1157 1207 1225 1262 ὂν
1273 1207 1412 1278 ὅπερ
1459 1201 1533 1277 ἦν
1580 1205 1691 1277 ἅμα
1738 1206 2078 1262 τούναντίον

177 1307 270 1348 ,103
285 1292 592 1359 γίγνεσθαί
622 1310 681 1344 τε
719 1290 813 1343 καὶ
851 1287 1014 1360 εἶναι,
1055 1289 1180 1345 ἀλλ’
1218 1291 1343 1363 ἤτοι
1381 1291 1677 1361 ἀπέρχεται
1701 1290 1736 1362 ἢ
1763 1291 2076 1346 ἀπόλλυται

289 1376 354 1429 ἐν
390 1374 572 1447 τούτῳ
610 1377 687 1446 τῷ
718 1375 1023 1445 παθήματι.
1076 1378 1470 1446 Παντάπασιν,
1501 1380 1608 1446 ἔφη
1637 1375 1666 1430 ὁ
1694 1377 1895 1446 Κέβης,
1924 1376 2080 1430 οὕτω

288 1461 557 1528 φαίνεταί
588 1479 702 1530 μοι.

402 1619 450 1658 Ε.
482 1608 659 1671 ὅςπερ
702 1613 793 1672 εἰμ
805 1615 845 1673 ί]
887 1610 1039 1673 ὥςπερ
1062 1619 1190 1662 Coisl.
1213 1620 1307 1662 Par.
1331 1606 1393 1661 GI
1421 1621 1587 1675 Ambr.,
1618 1612 1734 1674 ὅπερ
1764 1621 1861 1662 Vat.
1896 1619 2007 1662 Flor.
2031 1620 2076 1661 d.

284 1674 591 1728 Wyttenbach.
613 1675 776 1714 mavult
795 1667 940 1729 ὅςπερ
961 1666 1035 1730 ἦν,
1059 1678 1174 1729 quod
1194 1690 1316 1718 nemo
1340 1679 1631 1731 amplectetur.

401 1738 471 1793 (ὃς
494 1737 543 1786 δ’
567 1735 769 1798 αὕτως]
795 1737 843 1786 δ’
867 1759 951 1791 om.
973 1747 1081 1788 ven.
1104 1749 1145 1788 Α
1165 1749 1261 1789 Par.
1287 1746 1473 1791 CEHIL
1495 1749 1606 1800 Aug.
1628 1747 1741 1788 Flor.
1762 1747 1788 1788 b
1808 1747 1823 1786 i
1843 1760 1901 1790 m.

404 1797 489 1844 ἔτι
511 1793 595 1855 ὅν]
621 1800 779 1842 αἴτιον
802 1802 921 1846 Bodl.
944 1805 1051 1845 Ven.
1076 1804 1128 1845 H
1144 1805 1270 1845 Vind.
1297 1805 1339 1846 Τ
1355 1805 1465 1847 Flor.
1488 1816 1513 1843 a
1534 1805 1630 1848 Zitt.
1683 1803 1901 1844 Mendose.

285 1952 455 1997 praeter
485 1955 609 1994 quem
639 1944 837 1985 consulas
861 1946 986 1984 etiam
1007 1945 1139 1985 Mat-

285 1999 429 2040 thiae
452 1998 523 2042 Gr.
551 2000 590 2049 S.
615 2001 711 2042 565.
735 2003 777 2044 2.

343 2049 619 2097 οὐδέποτ’
651 2051 889 2098 ἐθέλειν
919 2049 1034 2111 ἅμα
1063 2054 1135 2111 μ.]

286 2113 422 2154 Notus
453 2121 518 2152 est
544 2113 614 2153 hic
644 2126 747 2154 usus
776 2114 892 2154 verbi
928 2107 1135 2167 ἐθέλειν,

286 2182 370 2222 quo
395 2170 520 2210 etiam
548 2170 602 2210 ad
631 2183 702 2210 res
720 2171 977 2211 inanimatas
998 2179 1138 2211 trans-

285 2226 434 2267 fertur.
475 2226 696 2267 Falluntur
735 2235 875 2267 tamen
919 2228 992 2279 qui
1031 2228 1138 2268 illud

283 2296 362 2336 per
402 2279 652 2325 δύνασθαι
698 2284 1044 2337 interpretantur.
1093 2299 1135 2325 v.

283 2339 614 2393 Wesseling.
646 2340 701 2380 ad
728 2340 825 2383 Her.
851 2342 883 2383 Ι.
907 2341 1005 2383 109.
1039 2339 1139 2380 Ga—

285 2396 454 2438 taker.
496 2396 678 2437 Advers.
719 2409 764 2450 p.
801 2398 872 2439 43.
914 2396 1136 2438 Dorvill.

285 2453 341 2493 ad
380 2452 538 2494 Charit.
576 2466 619 2506 p.
650 2455 752 2496 429.
792 2454 901 2495 Ast.
939 2455 994 2494 ad
1029 2454 1136 2497 Plat.

283 2509 461 2550 Phaedr.
484 2522 526 2563 p.
550 2511 647 2551 235.
687 2509 906 2550 Sententia
924 2509 1029 2551 haec
1052 2517 1138 2550 est:

286 2578 387 2605 non
410 2566 579 2607 solum
602 2566 724 2606 idea
748 2567 1138 2618 magnitudinis

285 2614 427 2673 (αὐτὸ
463 2615 515 2663 τὸ
545 2619 771 2676 μέγεθος)
809 2635 911 2663 non
948 2631 1027 2663 est
1060 2624 1136 2662 si·

284 2679 388 2717 mul
432 2680 644 2731 species
684 2679 994 2732 parvitatis,
1045 2680 1137 2718 sed

285 2747 347 2773 ne
397 2734 492 2773 illa
542 2735 749 2784 quidem
799 2735 1136 2787 magnitudo,

285 2791 488 2841 quaein
512 2790 666 2831 nobis
688 2791 829 2831 inest
852 2790 1023 2844 (quam
1046 2803 1136 2830 nos

283 2855 583 2886 concretam
606 2848 1025 2900 magnitudinem
1048 2858 1136 2887 so·

285 2903 452 2943 lemus
481 2901 785 2956 appellare]
815 2905 1135 2956 parvitatem

285 2971 505 3010 usquam
526 2960 573 2998 in
599 2972 652 2999 se
675 2960 1061 3012 complectitur.

341 3016 387 3057 E.
420 3007 714 3069 ὑπομένον
745 3011 804 3057 δὲ
834 3014 932 3057 καὶ
964 3010 1133 3067 δεξά-

283 3085 457 3127 μενον
477 3071 548 3124 -—]
574 3074 724 3126 lunge:
754 3064 840 3113 οὐκ
864 3066 1056 3114 ἐθέλειν
1079 3068 1133 3114 δὲ

285 3124 414 3171 εἶναι
437 3124 597 3183 ἕτερον
617 3118 653 3182 ἦ
672 3122 787 3182 ὅπερ
808 3119 869 3183 ἦν
891 3123 1134 3195 ὑπομένον

283 3182 367 3227 καὶ
403 3180 669 3239 δεξάμενον
697 3179 786 3239 τὴν
822 3196 1132 3240 σμικρότητα,

284 3254 377 3282 nec
407 3255 528 3283 vero
560 3243 700 3283 velle
729 3242 873 3283 aliud
903 3256 1023 3284 esse
1053 3253 1132 3282 at-

284 3310 384 3350 que
425 3306 606 3351 antea,
659 3300 775 3340 dum
823 3301 1132 3353 susceperit

284 3367 341 3396 ac
382 3356 613 3396 subierit
646 3356 987 3411 parvitatem,
1019 3356 1059 3395 h.
1093 3368 1129 3397 e.

285 3424 364 3452 nec
382 3424 483 3452 vero
504 3412 614 3453 velle
635 3413 853 3467 suscipere
879 3413 1132 3467 parvitatem

285 3480 420 3521 eoque
445 3469 573 3510 modo
603 3470 718 3511 aliud
747 3481 840 3516 esse
870 3481 994 3521 quam
1017 3471 1132 3522 quod

1225 1952 1316 1985 erat
1353 1954 1490 1985 antea.
1543 1945 1677 1993 Quam
1706 1945 1958 1984 sententiam
1994 1957 2078 1985 suo

1223 2003 1359 2055 ipsius
1390 2001 1584 2054 exemplo
1622 2001 1839 2041 illustrans
1877 2000 2079 2041 Socrates

1225 2059 1427 2111 deinceps
1474 2058 1593 2098 addit
1641 2057 1743 2098 hoc:
1795 2058 1938 2097 sicut
1977 2069 2078 2109 ego

1225 2128 1334 2154 cum
1372 2114 1706 2168 susceperim
1735 2119 1784 2154 et
1819 2114 2075 2154 subierim

1186 2173 1550 2225 *parvitatem
1604 2179 1654 2211 et
1712 2169 1882 2211 adhuc
1939 2170 2077 2210 idem

1225 2241 1321 2269 sun
1351 2229 1439 2279 qui
1468 2235 1646 2280 antea,
1669 2227 1807 2267 idem
1836 2226 2077 2280 illepar-

1227 2298 1321 2325 vus
1346 2297 1470 2325 sum.
1515 2284 1656 2324 Illud
1676 2295 1802 2325 vero
1826 2279 2080 2336 (magnum)

1228 2354 1323 2381 non
1378 2341 1615 2382 sustinet
1663 2352 1883 2392 parvum
1934 2352 2077 2391 esse,

1227 2399 1426 2451 quippe
1455 2409 1566 2438 cum
1596 2397 1646 2437 id
1673 2397 1846 2450 ipsius
1883 2396 2074 2436 adver-

1227 2460 1375 2498 setur
1411 2462 1647 2496 naturae.
1715 2454 1820 2494 Tum
1855 2464 1957 2493 vero
1984 2465 2076 2492 ex-

1224 2512 1383 2564 plicata
1416 2510 1722 2564 magnitudinis
1757 2516 1976 2550 concretae
2004 2521 2073 2548 ra-

1227 2569 1353 2615 tione,
1383 2580 1481 2608 cum
1508 2568 1591 2607 iam
1615 2579 1692 2607 suo
1722 2566 1854 2619 ipsius
1877 2565 2077 2617 exemplo¹

1226 2625 1448 2677 parvitatis
1491 2635 1660 2673 quoque
1698 2623 1903 2662 rationem
1944 2622 2078 2661 obiter

1189 2723 1192 2726 ,
1224 2679 1526 2732 significaverit
1544 2679 1771 2732 (pertine-nt
1789 2678 1902 2717 enim
1920 2679 2074 2718 verba:

1184 2763 1197 2769 κ
1223 2729 1374 2788 ὥςπερ
1404 2727 1495 2789 ἐγώ
1523 2727 1714 2788 σμικρός
1744 2730 1840 2787 εἰμι
1870 2735 1925 2774 ad
1953 2743 2074 2774 ante-

1223 2803 1401 2844 gressae
1437 2792 1670 2831 sententiae
1707 2789 2075 2844 explicationem),

1221 2854 1363 2888 tamen
1405 2847 1530 2888 etiam
1567 2847 1786 2901 parvitatis
1821 2848 1907 2887 vim
1942 2847 2074 2887 ratio·

1222 2917 1406 2956 nemque
1446 2904 1661 2945 declarare
1699 2904 1896 2947 instituit.
1956 2903 2075 2952 Quo·

1222 2962 1333 3001 circa
1363 2962 1547 3013 denique
1575 2960 1681 3001 haec
1709 2961 1949 3030 subiungit:
1980 2971 2074 3012 pa-

1223 3019 1355 3057 riter
1383 3030 1506 3058 vero
1541 3019 1694 3057 etiam
1725 3009 1806 3069 (ὥς
1835 3015 1866 3058 ὃ
1915 3008 2075 3063 αὕτως

1220 3073 1323 3125 καί)
1364 3087 1608 3128 parvum,
1649 3074 1785 3125 quod
1823 3074 1876 3113 in
1916 3072 2074 3112 nobis

1220 3131 1385 3179 inest,
1409 3143 1511 3172 non
1534 3131 1650 3172 vult
1678 3142 1905 3182 unquam
1926 3135 2076 3181 mag-¹

1221 3200 1336 3227 num
1374 3187 1504 3227 fieri
1540 3194 1630 3227 aut
1666 3199 1783 3227 esse
1827 3185 2068 3227 omnino-

1220 3257 1315 3296 que
1356 3244 1491 3284 nihil
1532 3256 1728 3295 eorum,
1767 3255 1898 3293 quae
1938 3249 2071 3281 sunt

1220 3302 1512 3349 contraria,
1543 3302 1594 3340 in
1623 3299 1947 3340 contrarium
1977 3297 2067 3337 ab·
2104 3311 2106 3313 ¹

1218 3358 1307 3397 ire.
1351 3359 1469 3398 Istud
1497 3350 1559 3405 ὡς
1595 3348 1646 3397 δ’
1677 3347 1847 3407 αὕτως,
1878 3366 1952 3407 pro
1985 3362 2071 3406 quo

1220 3414 1343 3456 codd.
1389 3414 1561 3464 quidam
1602 3405 1819 3460 ὡςαύτως
1871 3411 2070 3461 offerunt,

1222 3478 1362 3511 exstat
1384 3471 1510 3510 etiam
1531 3469 1662 3522 Legg.
1680 3469 1732 3512 V.
1755 3481 1796 3521 p.
1817 3469 1899 3509 728
1919 3467 1966 3509 E.
1990 3465 2068 3506 IX.
