2222 3762
1606 151 1810 202 XXXI

123 298 326 351 nitente
366 294 628 361 Platone,
680 313 746 345 ne
795 293 927 361 quid
963 295 1017 345 in
1054 295 1215 347 talem
1259 297 1430 346 virum
1468 293 1663 346 iniuste
1704 302 1813 345 sta-

120 376 379 422 tueretur.
455 364 580 432 Quo
619 364 764 417 facto
803 383 910 417 non
949 365 1124 418 solum
1159 365 1527 435 improborum
1564 366 1814 435 potentia

121 441 319 507 crevit,
374 436 471 491 sed
509 436 669 488 etiam
707 437 915 488 animus
953 437 1097 508 regis
1135 437 1212 488 ita
1250 437 1432 507 coepit
1466 436 1691 504 mutari,
1730 444 1811 504 ut,

118 509 250 580 quid
295 516 612 564 eventurum
662 514 834 574 esset,
897 508 1043 561 viros
1102 509 1374 579 sapientes
1422 527 1532 560 non
1583 507 1813 576 amplius

116 581 413 652 praeterire
472 587 675 650 posset.
774 578 899 631 Etsi
960 579 1128 649 igitur
1175 579 1478 651 Dionysius
1529 579 1813 631 Platonem

120 653 369 707 omnibus
406 650 582 704 modis
619 651 853 703 retinere
891 651 1133 719 studuit,
1175 651 1328 703 cuius
1367 649 1670 703 discessum
1707 649 1813 703 sibi

119 724 374 778 dedecori
421 723 536 775 fore
588 721 975 790 arbitrabatur,
1033 732 1212 775 tamen
1263 722 1655 792 philosophus,
1721 721 1813 790 qui

118 804 261 849 artes
293 795 499 848 civium
534 793 900 864 improborum
931 795 1316 864 perspexisset,
1357 794 1413 845 in
1439 793 1668 864 patriam
1708 792 1813 845 sibi

114 865 451 920 redeundum
500 864 780 917 iudicavit.
867 863 1141 932 Quocirca
1187 867 1474 935 impetrata
1528 865 1604 916 rei
1653 864 1813 916 venia

116 938 338 991 tandem
388 955 575 990 rursus
623 935 873 989 Athenas
930 937 1170 989 revertit.
1258 935 1424 1003 Quod
1475 935 1695 1003 quidem
1746 954 1813 987 ex

121 1007 439 1064 Corsinii
505 1007 713 1060 ratione
773 1007 851 1059 ita
915 1006 1118 1060 accidit
1180 1006 1400 1077 Olymp.
1457 1006 1613 1060 CIII.
1664 1010 1710 1059 4.
1762 1026 1811 1059 a.

120 1082 240 1136 365.
278 1100 325 1132 a.
366 1076 494 1131 Chr.
530 1097 582 1129 n.
622 1078 840 1130 biennio
875 1085 1006 1147 post
1044 1098 1204 1147 quam
1240 1079 1518 1148 profectus
1558 1085 1674 1129 erat
1713 1076 1811 1149 Sy-

117 1169 337 1204 racusas
374 1150 426 1218 ¹³⁶)

259 1220 425 1289 Quod
475 1226 653 1272 autem
703 1219 906 1272 fecerat
960 1239 1027 1272 ex
1121 1219 1254 1272 rimo
1291 1220 1483 1273 itinere
1521 1220 1693 1273 redux
1730 1221 1809 1272 fa-

115 1300 271 1361 ctus,
320 1300 383 1345 ut
431 1309 490 1344 Se
540 1298 716 1343 totum
767 1289 990 1344 dederet
1036 1239 1416 1362 piiilosophiae
1467 1291 1696 1358 studiis,
1753 1291 1811 1343 id

116 1364 404 1433 quominus
443 1381 586 1414 nunc
623 1380 839 1431 quoque
877 1364 1109 1430 faceret,
1163 1362 1557 1432 prohibuerunt
1604 1371 1811 1434 tempe-

114 1442 283 1489 states
320 1454 446 1489 mox
481 1435 774 1487 insecutae.
849 1432 1032 1501 Quum
1071 1433 1213 1486 enim
1252 1434 1362 1488 Dio
1385 1434 1619 1487 Athenis
1658 1435 1811 1488 exsul

114 1507 349 1574 viveret,
400 1506 517 1576 ipse
556 1517 735 1558 autem
772 1512 1005 1574 tyranno
1054 1505 1330 1576 pollicitus
1381 1513 1526 1560 esset
1572 1506 1711 1559 velle
1751 1525 1810 1560 se

114 1578 314 1631 reverti
376 1575 708 1648 Syracusas,
775 1577 820 1628 si
882 1577 992 1630 Dio
1040 1577 1095 1629 in
1150 1577 1381 1646 patriam
1440 1584 1807 1645 revocaretur,

112 1656 330 1720 praeter
365 1648 826 1719 exspectationem
866 1648 1084 1717 accidit,
1122 1655 1183 1701 ut
1218 1668 1327 1701 non
1363 1649 1440 1701 ita
1476 1649 1645 1702 multo
1683 1658 1811 1719 post

113 1721 331 1772 tertium
383 1720 487 1772 iter
540 1719 595 1770 in
633 1718 874 1773 Siciliam
913 1727 1058 1773 esset
1105 1720 1530 1790 suscipiendum.
1603 1720 1807 1773 Invita-

115 1800 204 1844 tus
256 1799 339 1845 est
388 1791 529 1844 enim
568 1809 599 1842 a
637 1788 936 1862 Dionysio,
983 1791 1096 1844 sive
1148 1792 1295 1861 quod
1344 1792 1389 1845 is
1438 1792 1807 1862 improborum

113 1863 388 1916 hominum
439 1861 666 1915 consilia
716 1881 860 1915 nunc
914 1862 1032 1933 ipse
1082 1862 1332 1915 reiiceret
1369 1870 1423 1915 et
1457 1863 1805 1934 improbaret,

116 1937 230 1987 sive
268 1933 416 2002 quod
455 1932 754 1986 discessum
793 1933 1042 1987 Platonis
1079 1953 1208 2004 prae
1240 1935 1388 1987 inani
1427 1935 1659 2003 quadam
1697 1954 1808 1987 am-

113 2006 318 2059 bitione
363 2003 648 2073 laudisque
700 2004 880 2057 studio
934 2024 1095 2077 aegre
1143 2006 1337 2074 ferret,
1396 2014 1456 2059 ut
1505 2005 1806 2078 Syracusas

114 2084 488 2131 reverteretur.
566 2074 780 2142 Quibus
828 2077 1046 2146 tyranni
1094 2078 1346 2146 precibus
1397 2078 1498 2130 etsi
1548 2078 1615 2131 ab
1652 2078 1807 2130 initio

75 2165 77 2169 ’
113 2147 248 2200 nihil
286 2145 637 2200 tribuendum
672 2149 904 2215 putavit,
942 2155 1121 2200 tamen
1160 2167 1324 2217 quum
1360 2148 1449 2200 ille
1487 2167 1596 2200 non
1634 2149 1809 2202 solum

115 2219 236 2287 ipse
270 2218 619 2288 polliceretur
653 2216 792 2269 velle
843 2234 902 2270 se
939 2218 1171 2271 Dionem
1212 2219 1499 2276 restituere
1539 2220 1806 2289 bonisque

116 2288 355 2342 consiliis
393 2288 795 2358 obtemperare,
844 2287 944 2340 sed
996 2289 1157 2341 etiam
1195 2290 1355 2342 amici
1393 2289 1668 2358 Platonis,
1707 2291 1807 2343 im-

115 2360 302 2430 primis
342 2359 617 2430 Archytas
642 2357 971 2412 Tarentinus
1012 2359 1209 2429 aliique
1234 2360 1585 2432 Pythagorei,
1624 2381 1807 2433 regem

114 2429 186 2495 ad
221 2431 417 2484 bonam
454 2431 665 2502 frugem
699 2429 906 2483 redisse
943 2430 1292 2498 affirmarent,
1337 2432 1556 2484 tandem
1593 2451 1687 2503 spe
1721 2452 1806 2486 re-

115 2501 547 2557 rum'meliorum
585 2501 764 2554 animo
802 2509 1068 2572 concepta
1105 2503 1326 2555 tertium
1362 2503 1464 2556 iter
1502 2502 1804 2574 Syracusas

116 2573 393 2644 suscipere
451 2572 750 2626 constituit.
850 2573 1046 2641 Itaque
1107 2574 1388 2645 navigavit
1446 2575 1502 2627 in
1564 2574 1805 2630 Siciliam

118 2643 339 2716 Olymp.
379 2642 530 2698 CIV.
553 2647 603 2697 4.
646 2663 692 2695 a.
733 2645 851 2699 361.
889 2664 936 2696 a.
975 2642 1103 2696 Chr.
1142 2665 1196 2717 n.
1238 2664 1380 2698 anno
1418 2647 1610 2700 aetatis
1651 2665 1806 2699 sexa-

117 2716 320 2786 gesimo
358 2735 520 2768 nono.
576 2714 713 2780 ‚Sed
761 2734 886 2786 spes
937 2715 1053 2769 eius
1092 2726 1207 2768 tum
1244 2736 1462 2787 quoque
1498 2718 1555 2770 in
1592 2718 1805 2770 irritum

117 2786 329 2840 cecidit.
412 2786 558 2841 Nam
605 2794 868 2856 tyrannus
918 2805 1097 2855 neque
1145 2787 1384 2842 Dionem
1414 2789 1712 2842 revocavit
1747 2789 1803 2842 in

114 2858 344 2928 patriam
392 2866 446 2910 et
493 2859 730 2930 grassari
792 2859 937 2911 omni
986 2858 1187 2912 scelere
1237 2861 1432 2930 coepit.
1521 2860 1805 2915 Platonem

115 2947 245 2982 vero
294 2928 528 2982 reditum
575 2930 631 2982 in
680 2929 912 3000 patriam
961 2937 1236 3001 parantem
1275 2951 1385 2984 non
1423 2931 1596 2985 solum
1634 2931 1805 2984 omni-

114 2999 219 3053 bus
270 2998 444 3053 modis
490 3000 681 3054 itinere
730 2999 1037 3071 prohibuit,
1089 3000 1186 3055 sed
1233 3002 1390 3055 etiam
1428 3002 1650 3056 vexavit
1683 3022 1804 3056 cru-

117 3069 418 3139 delissime,
456 3078 519 3125 ut
557 3072 804 3128 omnibus
842 3072 1136 3127 clarissime
1173 3081 1460 3145 appareret
1494 3094 1603 3128 non
1640 3093 1803 3145 posse

181 3312 227 3367 ³¹²)
264 3312 325 3353 De
365 3314 433 3354 his
472 3287 917 3369 erunibusjiegendns
961 3319 1026 3355 est
1064 3316 1278 3369 imprimis
1319 3314 1663 3356 Plutarchus
1705 3315 1729 3353 l.
1764 3326 1800 3355 c.

261 3370 314 3409 of.
346 3370 706 3424 'Pennemanm
738 3386 779 3427 p.
815 3371 872 3415 54
902 3385 1013 3424 sqq„
1045 3375 1118 3425 qui
1151 3386 1240 3414 rem
1273 3375 1450 3413 uberius
1483 3373 1698 3423 exposuit.
