2158 3718
638 147 933 202 CRITO.
975 149 1035 201 P.
1077 149 1159 203 53.
1199 146 1281 202 St.

1708 149 1807 202 247

123 300 215 351 καὶ
260 301 312 351 οἱ
357 293 547 365 νόμοις
591 301 682 349 καὶ
710 295 810 350 ουκ
836 299 937 350 οἴει
974 292 1223 366 ἄσχημον
1269 291 1342 348 ἂν
1386 297 1699 369 φανεῖσθαι
1746 292 1809 349 τὸ

124 385 223 436 τοῦ
269 378 614 449 Σωκράτους
658 382 887 451 πρᾶγμα
907 404 922 447 ,-

978 380 1204 434 οἴεσθαί
1245 401 1303 443 γε
1341 377 1465 449 χρή.

123 468 222 534 μὲν
270 462 481 518 τούτων
526 467 635 518 τῶν
681 463 866 519 τόπων
908 463 1157 535 ἀπαρεῖς,
1202 460 1344 528 ἥξεις
1388 465 1443 516 δὲ
1488 468 1563 525 εὶς
1612 465 1816 517 Θεττα-
1879 474 1885 480 ’

126 554 251 603 λίαν
291 546 443 620 παρὰ
490 546 619 611 τοὺς
663 548 849 614 ξένους
890 546 1022 611 τοὺς
1063 550 1374 617 Κρίτωνος·

1438 553 1542 600 ἐκεῖ
1596 544 1702 617 γὰρ
1749 545 1815 613 δὴ

128 637 348 698 πλείστη
392 630 594 698 ἀταξία
639 635 729 686 καὶ
778 633 1066 696 ἀκολασία,
1111 635 1202 686 καὶ
1247 631 1374 695 ἰ’σως
1401 628 1473 685 ἂν
1518 629 1684 696 ἡδέως
1716 651 1815 686 σου

125 716 382 771 ἀκούοιεν
437 714 509 780 ὡς
563 720 783 786 γελοίως
845 723 902 771 ὲκ
947 720 1047 771 τοῦ
1108 718 1477 786 δεσμωτηρίου
1520 714 1815 785 ἀπεδίδρα-

123 821 258 864 σκες,
302 802 498 867 σκευήν
541 808 597 856 τέ
639 823 763 854 τινα
811 804 1190 872 περιθέμενος,
1241 797 1273 866 ἢ
1319 804 1602 875 διφθέραν
1630 797 1816 870 λαβὼν

124 881 155 951 ἢ
202 882 345 939 ἄλλα
394 883 486 939 οἶα
531 881 596 951 δὴ
643 885 911 940 εἰώθασιν
938 883 1369 950 ἐνσκευάζεσθαι
1413 889 1466 938 οἱ
1507 882 1815 956 ἀποδιδρά-

123 989 369 1032 σκοντες,
432 974 520 1024 καὶ
580 969 643 1023 τὸ
705 973 883 1039 σχῆμα
943 966 1005 1023 τὸ
1063 972 1272 1021 σαυτοῦ
1317 967 1678 1038 μεταλλάξας.
1729 966 1814 1023 ὅτι

123 1055 179 1106 δὲ
222 1058 392 1124 γέρων
437 1050 582 1123 ἀνὴρ
629 1057 861 1124 σμικροῦ
901 1051 1109 1125 χρόνου
1153 1055 1228 1121 τῷ
1273 1054 1374 1121 βίῳ
1409 1055 1606 1106 λοιποῦ
1637 1049 1814 1117 ὄντος,

122 1194 163 1284 ci.
205 1244 242 1288 h.

119 1301 293 1354 margini
328 1304 558 1355 appictum.

288 1243 422 1287 Huet.
465 1246 556 1287 Par.
602 1244 695 1284 DS.
739 1257 817 1296 pro
858 1245 972 1297 vulg.
1014 1260 1052 1286 «τ.
1093 1259 1131 1285 τ.
1169 1241 1350 1284 πόλεων.
1391 1242 1506 1296 quod
1546 1243 1585 1284 in
1620 1243 1732 1284 Ven.
1775 1243 1814 1283 b·

233 1357 364 1404 τούς
405 1358 591 1405 ξένους
632 1359 761 1404 τούς
797 1355 1119 1415 Κρίτωνος]
1156 1358 1218 1399 lta
1250 1360 1361 1402 Ven.
1395 1359 1435 1401 b.
1468 1357 1597 1399 Vind
1629 1357 1671 1400 4.
1702 1358 1813 1400 Tul».

120 1429 199 1469 pro
231 1418 329 1457 vnio
303 1430 342 1466 g.
369 1419 452 1455 τοῦ·
480 1417 572 1471 Κρ.

235 1489 356 1514 σκευ
367 1471 425 1523 νίν
462 1479 520 1514 τέ
565 1479 717 1526 τινα]
751 1489 796 1514 τε
831 1487 854 1515 e
885 1471 1015 1514 Bodl.
1052 1473 1149 1522 Vat,
1180 1474 1289 1514 Ven.
1325 1474 1371 1514 Ξ.
1405 1487 1443 1514 a.
1475 1474 1516 1513 b.
1550 1472 1662 1513 Tub.
1698 1472 1817 1515 vind.

122 1532 161 1575 1.
194 1532 222 1574 2
267 1532 308 1575 3.
341 1530 384 1573 4.
416 1531 455 1574 6.
489 1533 528 1575 7.
561 1531 677 1575 Flor.
710 1546 748 1575 a.
778 1533 818 1572 b.
849 1544 885 1574 c.
919 1532 960 1571 d.
992 1560 1018 1571 ..

282 1590 414 1630 Huet.
445 1592 542 1631 Par.
574 1591 668 1632 DS.
702 1591 815 1631 Tub.
849 1588 966 1632 Flor.
1000 1587 1037 1628 h.

125 1588 246 1631 Bodl.

119 1644 400 1702 μεταλλάξας.

123 1788 236 1829 mula
275 1786 453 1828 οἴεσθαί
487 1798 540 1838 γε,
579 1783 663 1836 χρή
715 1798 924 1840 saepenu-

122 1858 239 1886 mero
287 1847 403 1886 soiet
459 1843 675 1895 interponi
734 1846 927 1899 reliquae

123 1903 323 1943 orationi.
385 1901 490 1943 Mox
522 1914 560 1953 p.
594 1899 662 1944 54.
696 1901 744 1941 Β.
777 1903 852 1943 ἐὰν
882 1904 927 1944 δὲ

124 1961 185 2006 εἰς
231 1957 384 2002 Ἅιδου
442 1957 750 2014 ἅποδημήσῃς,
823 1960 928 2013 ου’χὶ

123 2015 474 2069 ἑπιμελήσονταις
527 2039 584 2046 -
643 2019 826 2057 οἴεσθαί
879 2034 927 2072 γε

122 2073 222 2128 χρή.
254 2074 417 2116 Phaed.
451 2087 490 2126 p.
514 2073 582 2116 68.
607 2078 653 2113 Α.
687 2073 762 2116 οὐκ
794 2076 927 2129 ἅσμε-

125 2147 197 2176 νος
212 2131 320 2172 εἶσιν
341 2130 532 2178 αὐτόσες
562 2132 740 2170 οἴεσθαί
763 2147 808 2183 γε
823 2131 925 2187 χρή.

126 2188 308 2241 Protag.
357 2202 398 2241 p.
448 2187 547 2231 325.
591 2187 640 2229 C.
689 2193 832 2228 ταῦτα
882 2189 924 2231 δ’

127 2246 213 2298 ἄρα
243 2244 296 2287 οὐ
325 2243 605 2286 διδάσκονται
650 2244 747 2286 οὐδ’
781 2247 925 2300 ἐπιμε-

128 2303 308 2343 λοῦνται
348 2308 491 2345 πιῐσαν
530 2303 796 2357 emplastum
843 2307 925 2344 οἴε-

127 2363 243 2400 σθαί
275 2376 321 2414 γε
357 2358 457 2415 χρή.
501 2360 637 2413 Gorg.
668 2377 709 2415 p.
739 2361 839 2405 412.
875 2363 924 2405 Β.

127 2419 259 2459 Plura
281 2418 453 2471 collegit
472 2417 613 2468 wytt
628 2419 843 2462 enbach.
870 2420 925 2460 ad

126 2475 347 2517 Phaedon.
389 2489 429 2529 p.
460 2475 545 2519 168
583 2489 648 2530 sq.
693 2476 760 2518 ed.
805 2477 927 2531 Lips.

186 2590 236 2631 D.
304 2591 417 2630 ἐκεῖ
449 2588 548 2643 γὰρ
593 2589 652 2642 δὴ
695 2592 924 2643 πλείστη

127 2670 182 2678 -
215 2645 504 2700 ἀκολασία]
544 2648 777 2701 „Thessali
813 2651 922 2691 enim

127 2710 215 2745 tum
248 2704 427 2746 infames
472 2712 592 2747 erant
623 2707 677 2747 ob
710 2707 924 2748 licentiam

130 2762 456 2814 libertatemque
475 2763 656 2813 vivendi,
678 2763 923 2806 fraudulen-

129 2819 255 2870 tiam,
305 2820 544 2872 levitatem.
586 2821 923 2873 immodestiam,

130 2878 432 2929 panianum,
477 2880 709 2929 luxuriem,
757 2881 924 2932 aliaque

130 2933 246 2975 vitia.
281 2946 319 2976 v,
355 2934 670 2977 Athenaeus
698 2936 775 2980 IV.
809 2937 835 2980 6
882 2950 924 2988 p.

130 2990 226 3035 137.
258 2989 311 3034 X.
343 2991 384 3035 4.
409 3005 448 3044 p.
469 2991 568 3035 418.
589 2992 686 3034 ΧΙΙ.
707 2994 791 3047 6.p
797 2993 926 3038 5.27.

128 3049 243 3090 xlv.
275 3047 344 3092 23.
379 3063 416 3102 ρ.
450 3050 582 3093 663.“
618 3007 923 3095 Fiscif'erus.

133 3105 277 3147 Addas
331 3109 572 3159 Xenoph.
622 3107 753 3150 Mem.
803 3109 836 3150 l.
881 3110 924 3160 2,

131 3163 200 3208 24.
236 3162 498 3208 Philostr.
534 3165 618 3205 vit.
651 3165 744 3206 crit.
762 3178 802 3218 p.
823 3166 922 3210 501.

133 3227 177 3264 et
202 3221 302 3265 502.
362 3220 467 3263 Nam
497 3223 654 3262 Critias
683 3234 854 3275 quoque
884 3226 925 3265 in

134 3279 303 3320 exilium
347 3279 509 3320 eiectus
549 3279 813 3322 Thessaliam
847 3294 924 3334 pe-

134 3337 253 3378 tiisse
293 3342 501 3380 narratur.
566 3337 751 3378 Verbum
795 3335 924 3378 ἀποί-

134 3406 223 3449 ρειν
267 3393 600 3438 discedendi
650 3395 687 3436 vi
737 3395 923 3448 positum

1052 1530 1089 1578 h,
1123 1531 1150 1574 i.
1186 1531 1416 1582 Parisinis‚
1451 1531 1570 1579 aliis,
1603 1531 1815 1573 additum.

1071 1587 1358 1644 κατ-αλλᾰξας,
1400 1588 1475 1630 sed
1509 1601 1656 1641 margo
1688 1589 1813 1631 Bodl.

1009 1789 1196 1890 ni7115133smrat
1237 1787 1448 1830 Ruhnk.
1495 1787 1580 1829 vid.
1617 1788 1727 1831 Tim.
1768 1803 1807 1842 p.

1070 1928 1265 1983 σκευήν
1312 1934 1368 1971 τέ
1423 1946 1550 1971 τινα
1597 1932 1811 1987 nepe-9]

1013 1989 1398 2042 Hesychius
1467 1995 1510 2030 et
1581 1990 1809 2030 Suidas:

1013 2046 1167 2099 σκευή·
1219 2045 1367 2098 στολή.
1439 2045 1812 2088 phavorinus:

1013 2103 1160 2156 σκευή·
1223 2103 1457 2155 ὀξυτόνως,
1519 2103 1568 2144 ‘to'
1629 2106 1811 2158 ἔνδυμα·

1011 2160 1124 2202 ὅθεν
1160 2162 1235 2201 καὶ
1274 2159 1531 2215 σκευάζομαι
1570 2163 1618 2203 τὸ
1664 2161 1810 2204 ἐνδύο-

1011 2235 1106 2271 μαι.
1187 2219 1376 2271 Intelligi
1435 2218 1602 2260 videtur
1661 2222 1810 2271 vestis,

1010 2290 1121 2328 quae
1149 2281 1286 2317 totum
1321 2288 1476 2328 corpus
1510 2279 1723 2328 contegit:
1768 2278 1808 2318 id

1011 2333 1125 2386 quod
1159 2348 1181 2374 e
1214 2335 1346 2375 verbo
1383 2336 1702 2386 περιτίθεσθαι
1742 2349 1810 2376 re-

1013 2396 1082 2432 cte
1114 2391 1276 2444 colligit
1307 2389 1629 2434 Fischerus.

1069 2476 1276 2530 σχῆμα]
1318 2478 1433 2521 refer
1479 2478 1534 2519 ad
1579 2477 1809 2521 habitum

1013 2539 1064 2576 et
1098 2536 1360 2576 vestitum
1393 2536 1660 2590 (Tracht).
1707 2537 1812 2579 He—

1012 2591 1202 2644 sychiu
1219 2607 1262 2632 s:
1294 2598 1463 2648 σχῆμα·
1483 2618 1535 2624 --
1555 2594 1811 2648 ἱματισμός.

1010 2650 1176 2702 Tetigit
1209 2651 1316 2691 hunc
1337 2652 1533 2694 vocabuli
1553 2664 1677 2693 usum
1710 2653 1812 2693 Ku-

1011 2712 1201 2749 sterus
1233 2708 1285 2748 ad
1319 2708 1570 2752 SuidamT.
1590 2709 1626 2749 I.
1649 2723 1690 2763 p.
1710 2710 1807 2754 192

1012 2765 1153 2806 Verba
1186 2764 1416 2808 cohaerent
1447 2768 1530 2809 sic:
1576 2766 1724 2819 σκευήν
1755 2784 1808 2809 τε

1010 2825 1293 2876 περιθέμενος
1332 2825 1418 2865 καὶ
1458 2823 1509 2865 τὸ
1553 2829 1698 2877 σχῆμα
1736 2842 1808 2880 με·

1010 2877 1235 2925 ταλλοὶξας.
1302 2882 1389 2924 Ista
1432 2895 1559 2924 vero·
1614 2899 1635 2934 η
1680 2884 1809 2938 διφθ.

1010 2937 1047 2980 λ,
1088 2935 1113 2989 ἢ
1150 2937 1260 2977 ἄλλα
1296 2955 1331 2980 κ.
1363 2956 1402 2980 τ.
1438 2941 1475 2980 λ.
1515 2940 1654 2981 varias
1701 2943 1809 2982 indi-

1011 2998 1109 3035 cant
1138 2999 1217 3046 τῆς
1245 3001 1394 3048 σκευῆς
1433 2997 1604 3051 species
1646 3003 1689 3039 et
1719 2999 1810 3041 for-

1011 3064 1118 3095 mas.
1192 3050 1452 3110 -Διφθέρα
1513 3059 1580 3095 est
1635 3058 1809 3098 vestis

1013 3122 1076 3150 ex
1122 3111 1366 3161 peilibus
1405 3111 1684 3165 confecta3
1724 3127 1808 3166 quo

1010 3167 1170 3208 vestitu
1208 3171 1356 3210 rustici
1390 3169 1521 3210 Attici
1561 3171 1806 3220 utebantur,

1011 3224 1083 3275 qui
1114 3223 1211 3266 inde
1242 3225 1345 3268 dicti
1365 3232 1462 3268 sunt
1492 3226 1733 3283 διφθερίαι.
1766 3242 1806 3269 v.

1010 3282 1142 3334 intpp.
1183 3282 1237 3324 ad
1276 3283 1634 3338 Theophrast.
1683 3286 1806 3325 Char.

1009 3338 1104 3439 IV:⁷
1135 3339 1176 3384 4
1237 3345 1282 3382 et
1337 3341 1606 3395 Aristoph.
1666 3343 1803 3384 Nubb.

1008 3411 1045 3437 v.
1107 3397 1145 3440 1.

1551 377 1701 432 Ἀλλ’
1753 385 1808 432 ἐκ
1855 394 1908 444 Ι)
