2158 3718
830 115 1088 159 PHAEDo
1122 129 1165 172 p.
1197 117 1268 160 58.
1333 172 1337 174 q
1397 84 1400 86 ’
1863 116 1931 168 79

154 256 210 312 δ’
261 259 380 313 ἐστὶ
424 261 521 327 τῆς
568 259 840 326 θεωρίας,
892 252 1123 308 ἐπειδάν
1162 253 1191 308 ὁ
1231 252 1414 323 ἱερεύς
1450 259 1551 307 τοῦ
1586 253 1934 323 ’Λπόλλωνος
1974 269 2012 310 G

155 344 330 413 στέφη
366 340 470 412 τὴν
507 342 771 412 πρύμναν
809 343 912 393 τοῦ
950 342 1177 393 πλοίου·
1220 342 1385 392 τοῦτο
1414 337 1467 391 δ’
1495 341 1710 409 ἔτυχεν,
1749 339 1930 413 ὥςπερ

154 427 326 496 λέγω,
375 431 443 497 τῇ
480 428 786 496 προτεραίᾳ
832 428 929 494 τῆς
975 426 1132 494 δίκης
1167 422 1415 492 γεγονός.
1495 422 1586 478 διὰ
1623 429 1799 478 ταῦτα
1837 428 1933 479 καὶ

153 509 332 574 πολύς
377 511 578 581 χρόνος
627 511 846 579 ἐγένετο
894 513 970 580 τῷ
1009 509 1300 578 Σωκράτει
1347 508 1412 562 ἐν
1457 512 1533 579 τῷ
1572 511 1934 583 δεσμωτηρίῳ

155 595 184 649 ὁ
223 594 428 666 μεταξύ
465 599 561 664 τῆς
599 597 756 663 δίκης
792 614 851 647 τε
890 594 982 647 καὶ
1019 598 1121 647 τοῦ
1158 592 1429 647 θανάτου.

297 684 497 749 Cap.11.
560 684 677 732 EX.
726 682 795 732 Τί
829 679 891 732 δὲ
930 677 997 748 δὴ
1035 677 1100 731 τὰ
1140 679 1268 747 περὶ
1306 676 1483 732 αὐτὸν
1518 677 1619 732 τὸν
1655 680 1955 750 θάνατον,

155 758 200 819 οἷ
239 767 493 828 Φαίδων;
535 767 592 816 τί
622 757 694 834 ἦν
730 762 798 816 τοὶ
836 765 1106 832 λεχθέντα
1145 764 1238 816 καὶ
1275 765 1617 833 πραχθέντα,
1657 766 1750 817 καὶ
1787 769 1938 828 τίνες

155 851 214 903 oc
245 848 694 919 παραγενόμενοι
718 852 833 902 τῶν
870 848 1200 916 ἐπιτηδείων
1236 851 1312 918 τῷ
1351 847 1541 917 άνδρί;
1581 847 1617 918 ἢ
1655 847 1761 902 οὐκ
1801 855 1933 903 εἴων

156 935 214 988 οἱ
271 933 537 1004 ἄρχοντες
598 942 889 1002 παρεῖναι,
954 930 1077 984 ἀλλ’
1142 934 1343 1001 ἔρημος
1406 933 1667 986 ἐτελεύτα
1717 937 1931 1002 φίλων;

158 1023 370 1072 ΦΑΙΔ.
427 1015 728 1086 Οὐδαμῶς,
769 1015 910 1069 άλλά
947 1015 1208 1085 παρῆσάν
1253 1035 1431 1084 τινες,
1472 1018 1565 1069 καὶ
1602 1021 1806 1070 πολλοί
1848 1038 1929 1086 γε.
1953 1033 1995 1072 Ι)

157 1108 273 1157 ΕΧ.
330 1106 518 1155 Ταῦτα
557 1099 625 1170 δὴ
663 1101 844 1154 πάντα
883 1101 1284 1170 προθυμήθητι
1333 1097 1407 1162 ὠς
1445 1102 1763 1170 σαφέστατα
1800 1100 1935 1171 ἡμῖν

156 1185 507 1256 ἀπαγγεῖλαι,
549 1187 599 1239 εί
633 1186 708 1255 μή
744 1188 826 1247 τίς
852 1199 941 1238 σοι
968 1184 1199 1253 ἀσχολία
1225 1184 1489 1253 τυγχάνει
1514 1178 1674 1239 οὖσα.
1720 1190 1935 1240 ΦΑΙΔ.

151 1269 316 1324 Ἀλλά
372 1271 617 1340 σχολάζω
672 1290 764 1339 γε,
823 1270 916 1323 καὶ
962 1269 1299 1340 πειράσομαι
1343 1266 1479 1339 ὑμῖν
1527 1272 1930 1341 διηγήσασθαι·

158 1458 216 1500 fid
272 1400 317 1443 C.
350 1398 452 1442 καὶ
491 1393 670 1449 πολὺς
702 1393 927 1454 χρόνος]
973 1399 1111 1453 Vulgo
1140 1397 1223 1441 καὶ
1254 1394 1278 1440 ὁ
1307 1401 1412 1441 πολ.
1446 1415 1516 1455 χρ.
1547 1408 1714 1455 praeter
1744 1402 1948 1443 codicum,

219 1471 299 1502 em.

277 1513 346 1556 Τί
364 1509 424 1556 δὲ
447 1507 539 1568 δὴ]
573 1510 657 1554 δαὶ
678 1525 754 1566 pro
777 1508 831 1554 δὲ
853 1513 978 1554 habet
998 1517 1104 1554 corr.
1130 1512 1267 1555 Clark.
1293 1520 1333 1554 et
1356 1512 1483 1555 Coisl.

271 1584 331 1627 τί
355 1573 424 1639 ἦν
453 1578 519 1626 τὰ
551 1581 867 1638 λεχθέντα]
900 1582 1009 1624 τίνα
1031 1583 1126 1626 Vat.
1160 1585 1303 1627 Ambr.
1332 1585 1442 1627 Flor.
1469 1585 1517 1637 d,
1550 1586 1662 1650 quod
1693 1586 1735 1625 in
1755 1587 1864 1626 Ven.
1889 1585 1945 1627 Π

156 1650 268 1683 teste
295 1641 437 1682 Bastio
468 1653 493 1680 a
519 1653 603 1681 rec.
628 1654 683 1681 m.
707 1642 932 1683 invectum.
971 1639 1058 1680 Nec
1085 1641 1252 1691 dubito,
1287 1642 1386 1692 quin
1410 1641 1533 1680 etiam
1554 1642 1699 1682 inillis
1722 1642 1938 1683 codicibus

160 1712 218 1740 ex
257 1698 513 1739 correctione
542 1706 686 1737 natum
719 1698 794 1748 sit,
826 1697 1074 1750 praesertim
1105 1709 1201 1737 cum
1230 1706 1339 1738 teste
1366 1697 1603 1738 Gaisfordio
1633 1698 1753 1739 Bodl.
1784 1698 1939 1739 habeat

158 1768 269 1798 τινα
298 1743 359 1820 ἦν
386 1762 563 1794 accentu
591 1754 635 1793 in
663 1754 914 1806 pronomine
945 1753 1126 1804 omisso,
1163 1754 1276 1805 quod
1315 1755 1422 1794 solet
1459 1767 1554 1795 esse
1591 1755 1680 1795 vitii
1717 1755 1935 1806 indicium,

161 1824 299 1864 neque
337 1812 378 1850 in
421 1811 600 1862 Tubing.
631 1811 763 1850 ullum
793 1818 988 1850 cernatur
1016 1809 1141 1850 huius
1172 1811 1365 1850 lectionis
1396 1812 1634 1864 vestigium.
1694 1812 1748 1852 Et
1788 1812 1942 1864 quidni

160 1867 351 1909 etiamh.
373 1867 401 1907 l.
423 1875 532 1920 utp.
555 1868 608 1908 57
630 1867 908 1907 Acommode
937 1865 994 1908 τί
1030 1855 1089 1919 ἦν
1131 1859 1190 1907 τὰ
1231 1863 1466 1932 λεχθέντα
1505 1869 1798 1920 interrogetur,
1840 1881 1937 1908 cum

158 1925 353 1990 proxime
381 1923 622 1966 antecedat:
655 1922 712 1964 τί
737 1918 791 1965 δε
822 1916 883 1976 δὴ
916 1915 982 1964 τὰ
1003 1920 1112 1976 περὶ
1135 1916 1284 1965 αὐτὸν
1312 1917 1395 1964 τὸν
1424 1918 1673 1966 θάνατον’.)
1713 1925 1943 1964 Enimvero.

159 1983 218 2022 ita
237 1980 474 2021 rectissime
495 1980 709 2032 quaeritur
729 1979 830 2020 hoc:
865 1991 1112 2031 quorsum
1134 1981 1477 2035 pertinebant
1509 1989 1556 2021 et
1587 1982 1740 2021 cuius
1772 1993 1935 2033 gene-

160 2039 233 2078 ris
265 2043 432 2088 erant,
467 2048 598 2087 quae
629 2037 773 2076 dicta
803 2044 851 2076 et
878 2035 1018 2075 facta
1047 2043 1189 2085 sunt,
1222 2037 1335 2088 quod
1365 2037 1488 2089 plane
1520 2038 1818 2078 concinitcum
1841 2050 1935 2078 ver·

0 2127 6 2142 ἦ,
162 2095 227 2134 bis
267 2093 548 2146 antegressis,
588 2092 694 2132 Nam
732 2093 847 2144 quod
877 2091 922 2135 C.
954 2093 998 2136 F
1028 2093 1308 2158 Hermann,
1347 2092 1632 2134 Gesammelte
1660 2093 1937 2137 Abl1andl.u

0 2147 14 2223 {⁴
163 2150 290 2192 Beitr.
320 2162 364 2203 p.
387 2150 442 2190 65
469 2149 547 2188 hoc
575 2148 667 2189 loco
697 2161 823 2188 usum
848 2149 1085 2201 imperfecti
1113 2136 1175 2202 ἦν
1197 2125 1339 2189 scrib⁷it
1362 2162 1580 2190 numerum
1602 2150 1807 2216 pluralem
1829 2150 1943 2192 τίνοι·

6 2205 9 2209 “
166 2219 249 2247 non
278 2214 361 2246 tam
389 2205 603 2258 postulare
634 2218 756 2256 quam
787 2205 926 2258 potius
948 2204 1160 2256 flagitare,
1191 2206 1234 2245 id
1256 2218 1337 2256 quo
1360 2207 1449 2246 iure
1469 2207 1532 2245 vir
1554 2207 1748 2259 egregius
1770 2207 1827 2246 ita
1849 2216 1935 2247 sta-

163 2263 302 2311 tuerit,
343 2261 458 2301 haud
498 2273 600 2301 sane
629 2261 931 2313 intellegimus.
991 2261 1132 2301 Edidit
1158 2268 1300 2301 tamen
1329 2261 1468 2304 Herm.
1500 2275 1634 2316 nuper
1662 2261 1771 2303 τίνα
1801 2263 1945 2303 fretus.

163 2319 324 2360 scilicet
344 2318 535 2357 Bekkero
559 2331 611 2357 ex
633 2317 754 2361 Bodl.
777 2326 817 2357 et
837 2318 931 2357 Vat.
956 2316 1064 2358 τίνα
1087 2318 1286 2358 enotanti.

274 2375 325 2418 D.
356 2366 500 2415 ἀλλὰ
529 2367 796 2427 παρῆσάν
826 2371 1000 2425 τινες]
1024 2373 1155 2415 Codd.
1186 2375 1377 2427 plerique
1406 2374 1476 2413 alii
1505 2387 1712 2427 personae
1733 2376 1942 2416 tribuunt.

158 2433 397 2486 Perperam

275 2479 528 2541 σχολάζω
552 2485 636 2541 γε]
672 2500 723 2541 γε
754 2499 829 2541 pio
860 2499 931 2536 τε,
965 2486 1078 2537 quod
1107 2487 1291 2527 servavit
1319 2487 1469 2540 Bekk„
1503 2501 1526 2528 e
1556 2488 1676 2528 Bodl.
1699 2489 1795 2531 Vat.
1826 2489 1944 2530 Ven..

160 2613 301 2654 praec.
342 2600 526 2642 πλοῖον.
572 2598 745 2652 synesis
775 2612 852 2639 nec
891 2600 1006 2653 apud

160 2657 376 2713 Platonem
399 2657 457 2696 ita
477 2668 584 2700 rara.
612 2656 744 2710 Legg.
767 2658 840 2698 III.
866 2658 944 2697 701
973 2656 1006 2696 Ε

163 2726 217 2754 ex
225 2714 464 2754 πολιτεῖαι
479 2714 785 2754 assumendum
796 2713 1004 2754 πολῖται.

161 2770 225 2822 (ν.
255 2768 418 2822 annot.)
450 2770 554 2810 Ibid.
578 2769 652 2810 IX.
686 2771 769 2811 876
790 2769 822 2809 Β
861 2777 902 2809 et
930 2770 1005 2811 XI.

162 2839 208 2879 Ρ.
233 2826 365 2867 933Ε
392 2834 490 2878 post
514 2819 803 2879 δικαστήρια
831 2825 1007 2866 infertur

164 2873 328 2934 αὐτοί,
370 2882 494 2931 quasi
533 2879 758 2923 δικασταὶ
787 2884 1007 2923 memorati

164 2938 263 2980 sint.
303 2937 408 2977 Ibid.
439 2937 494 2978 X.
525 2951 566 2990 p.
589 2939 671 2979 886
695 2938 726 2979 C
756 2951 809 2978 ex
836 2938 956 2992 θεογ
960 2951 1007 2980 ο-

164 2992 275 3035 νίαν
304 2994 581 3046 1epetendum
601 2993 728 3035 θεοί.
762 2995 870 3038 Ibid.
891 2997 1004 3035 VlIl.

164 3061 207 3102 Ρ.
232 3050 378 3097 828B,
410 3050 479 3089 ubi
509 3062 551 3092 v.
571 3062 670 3090 ann.
703 3050 860 3093 Criton.
890 3064 933 3116 Ρ.
951 3054 1005 3093 53

164 3106 198 3146 Β
215 3114 313 3159 post
333 3098 514 3153 πόλεως
530 3107 784 3146 mentionem
805 3109 1004 3147 continuo

165 3162 439 3215 cogitandum
463 3169 526 3202 est
547 3162 597 3202 de
618 3161 846 3211 πολίταις.
886 3163 1007 3208 Conf‘.

165 3230 267 3259 ann.
289 3218 343 3258 ad
363 3231 406 3272 p.
431 3218 512 3259 105
533 3220 584 3258 A.

225 3275 271 3316 C.
302 3265 482 3327 ὥςπερ
506 3270 662 3328 λέγω]
687 3274 900 3325 Frequens
922 3276 1007 3315 sor·

167 3331 279 3370 mula
295 3332 348 3371 de
364 3344 409 3370 re
423 3332 504 3370 iam
528 3339 652 3370 antea
668 3340 1005 3372 commemorata.

166 3386 254 3427 Nos
284 3387 483 3427 dicimus:
522 3388 620 3427 wie
648 3396 850 3441 gesagt.
892 3401 931 3431 v.
955 3388 1007 3428 ad

164 3442 348 3496 Apolog.
370 3456 412 3497 p.
435 3445 484 3484 21
510 3445 561 3487 A.

1150 2594 1422 2669 Cap.11.ot⁶
1451 2613 1730 2668 αρχοντες
1761 2599 1830 2654 -—]
1865 2602 1937 2641 In-

1092 2656 1349 2709 telleguntur
1369 2652 1418 2697 οἷ
1437 2652 1626 2709 ἕνδεκα,
1658 2658 1937 2698 undecim-

1092 2714 1195 2752 viri
1235 2714 1512 2767 capitales.
1546 2727 1585 2755 v.
1618 2715 1699 2766 Ap.
1732 2714 1851 2756 Socr.
1889 2727 1939 2768 Ρ

1093 2771 1146 2810 37
1172 2769 1201 2810 C
1229 2770 1369 2821 ibique
1401 2779 1548 2813 annot.
1567 2783 1611 2824 p.
1636 2772 1688 2811 39
1710 2771 1757 2813 Ε.

1148 2881 1198 2923 D.
1251 2896 1433 2935 τινες,
1474 2880 1573 2923 καὶ
1612 2883 1817 2925 πολλοί
1856 2882 1943 2938 ys}-

1092 2939 1199 2978 Plat.
1218 2939 1348 3004 Legg.
1371 2939 1465 2980 XII.
1490 2952 1532 2992 p.
1551 2941 1631 2980 951
1654 2940 1685 2979 B
1707 2939 1845 2981 θεῖοί
1868 2955 1941 2981 τι-

1091 3007 1186 3063 νες,
1209 3008 1265 3036 ου
1287 2994 1468 3037 πολλοι
1493 2996 1781 3062 Xen.Hell.13
1812 2999 1853 3048 5,
1883 2998 1941 3036 22

1091 3051 1179 3092 καί
1196 3065 1329 3099 τινας
1369 3045 1699 3104 ἀπέκτειναν,
1723 3065 1780 3093 ου
1821 3053 1934 3094 πολ·

1095 3100 1218 3156 λονς.
1250 3108 1358 3148 Plat.
1390 3107 1517 3172 Gorg.
1540 3121 1580 3162 p.
1604 3110 1688 3149 455
1711 3102 1823 3172 Οῴς
1846 3101 1945 3162 ἐγω,

1091 3178 1226 3212 τινας
1272 3157 1444 3218 σχεδὸν
1493 3162 1577 3205 καὶ.
1618 3158 1819 3235 συχνοὺς
1859 3161 1935 3206 αἰ·

1094 3213 1356 3274 σθάνομαι.
1398 3223 1442 3261 In
1473 3222 1627 3261 talibus
1663 3218 1745 3262 καὶ
1786 3230 1826 3261 et
1853 3218 1944 3262 καὶ.

1092 3295 1149 3303 -
1169 3289 1221 3331 γε
1251 3277 1405 3318 habere
1429 3277 1512 3316 vim
1542 3277 1726 3328 augendi
1746 3277 1934 3317 ostendi-

1094 3345 1187 3372 mus
1209 3334 1264 3372 ad
1285 3336 1365 3386 Ap.
1389 3332 1507 3374 Socr.
1531 3346 1571 3385 p.
1596 3335 1710 3375 23Α.
1734 3333 1942 3381 Quocirca.

1094 3401 1245 3428 sensus
1274 3389 1342 3429 hic
1372 3395 1457 3429 est:
1494 3390 1712 3429 aderant
1743 3388 1942 3440 aliqui„

1094 3454 1252 3496 atque
1273 3446 1402 3486 adeo
1424 3442 1590 3486 multi.
