2222 3762
318 145 712 202 PLATONIS
758 143 1236 200 APOLOGIAM
1275 142 1677 199 SOCRATls.
1778 148 1845 198 13

152 308 281 344 usus
331 296 462 342 erat.
539 286 711 341 Cuius
759 287 834 340 rei
885 306 983 357 per
1028 294 1204 339 totum
1250 286 1493 340 libellum
1544 294 1654 340 tam
1684 287 1839 340 lucu-

149 360 299 414 lenta
347 368 534 422 extant
582 358 859 428 exempla,
909 366 970 411 ut
1007 357 1222 430 singula
1261 357 1629 412 demonstrare
1667 378 1843 429 paene

147 432 441 502 poeniteat.
505 416 714 499 Neque
754 429 895 483 enim
933 429 1103 483 libera
1139 429 1230 482 illa
1267 429 1629 498 contumacia,
1678 449 1841 499 quam

151 503 401 556 Cicero
435 502 482 570 *)
555 501 634 554 ait
684 501 740 553 in
791 498 1107 554 defensione
1154 499 1398 554 Socratis
1458 519 1719 571 regnare,
1783 502 1838 554 in

147 573 352 627 ultimis
389 580 600 631 tantum
638 572 754 625 eius
794 572 1040 641 partibus
1078 572 1345 640 cernitur,
1386 571 1483 624 ubi
1522 580 1701 624 tamen
1740 572 1841 624 im·-

145 645 333 715 primis
372 645 600 711 eminet,
650 662 836 706 verum
887 643 1050 695 etiam
1099 643 1155 695 in
1194 643 1366 714 prima
1402 649 1555 713 parte
1593 642 1840 695 domina-

143 726 249 769 tur.
325 714 601 782 Quocirca
639 714 820 767 mirari
863 733 992 767 sane
1030 715 1205 783 subit,
1252 716 1345 784 qui
1381 715 1584 767 factum
1622 714 1724 781 sit,
1778 726 1841 767 ut

145 795 336 840 nostra
372 794 548 839 aetate
587 786 806 839 criticus
847 784 1067 854 quidam
1103 785 1180 855 **)
1231 785 1433 856 passim
1484 786 1646 838 etiam
1683 786 1838 856 igna-

144 858 264 910 viae
302 876 367 910 ac
404 857 711 910 timiditatis
750 856 907 928 signa
945 864 999 909 et
1035 856 1238 910 indicia
1273 857 1330 910 in
1369 856 1509 910 libro
1536 855 1838 927 deprehen-

145 929 288 983 disse
327 929 432 982 sibi
467 928 617 982 visus
656 928 742 981 sit.
817 929 899 980 At
934 927 1187 980 nimirum
1234 928 1324 980 ille
1377 946 1514 997 quae
1551 926 1660 981 huc
1695 929 1840 982 refe-

142 1008 336 1053 runtur
400 999 613 1068 accepit
661 999 815 1050 aliter
875 1016 1035 1067 quam
1086 999 1390 1068 oportebat.
1483 997 1650 1064 Quod
1695 1000 1837 1052 enim

143 1079 328 1124 orator
373 1068 667 1122 identidem
715 1068 884 1121 utitur
931 1068 1158 1121 solemni
1215 1067 1308 1122 illa
1356 1069 1412 1121 in
1461 1067 1678 1122 iudiciis
1727 1070 1838 1123 for-

140 1141 314 1195 mula:
361 1147 437 1210 μή
479 1143 814 1210 θορυβεῖτε,
868 1135 906 1191 ὦ
946 1139 1172 1206 ἄνδρες,
1218 1139 1307 1194 vel
1341 1137 1418 1206 μὴ
1455 1137 1747 1210 ἄχθεσθε,
1795 1137 1840 1194 ὦ

139 1218 424 1280 δικασταί,
473 1219 536 1264 ut
586 1231 638 1282 p.
686 1213 766 1263 17.
805 1211 879 1265 D.
927 1229 983 1280 p.
1025 1213 1109 1264 21.
1147 1213 1218 1266 A.
1274 1213 1359 1265 30.
1399 1209 1485 1279 (3.,
1537 1210 1644 1265 hoc
1691 1219 1836 1266 certe

138 1303 248 1338 non
285 1283 627 1336 timiditatem
666 1281 897 1336 dicentis
944 1282 1155 1354 arguit,
1205 1282 1303 1337 sed
1349 1283 1587 1354 pertinet
1636 1282 1706 1336 ad
1754 1284 1838 1337 iu-

140 1355 320 1408 dicum
368 1353 811 1421 admonitionem,
855 1353 949 1424 qui
987 1372 1147 1425 aegre
1186 1354 1351 1408 laturi
1389 1353 1747 1416 videbantur,
1786 1355 1834 1408 si

177 1426 273 1479 uid
313 1425 608 1479 ‘diceretur
663 1423 918 1492 liberius,
988 1425 1334 1494 quantumvis
1391 1433 1538 1479 recte
1598 1444 1836 1495 vereque

139 1447 342 1550 dictum
391 1504 554 1551 esset.
641 1495 1116 1564 Quemadmodum
1176 1505 1358 1550 autem
1418 1497 1527 1550 ista
1583 1497 1837 1568 ignaviae

137 1568 441 1623 criminatio
488 1587 630 1621 vana
676 1575 761 1621 est
800 1575 855 1620 et
888 1567 1098 1635 inanis,
1157 1567 1234 1621 ita
1272 1568 1434 1621 etiam
1472 1568 1676 1622 crimen
1714 1568 1834 1621 ina-

135 1640 222 1694 nis
260 1639 551 1694 iactantiae
590 1639 965 1710 superbaeque
1003 1639 1500 1710 magniloquentiae
1538 1640 1595 1692 in
1633 1638 1833 1694 Socra-

134 1720 243 1765 tem
267 1710 574 1765 coniectum
590 1711 698 1780 '¹‘**)
738 1709 948 1763 idoneis
977 1711 1185 1764 caussis
1208 1718 1261 1764 et
1280 1711 1587 1764 rationibus
1612 1711 1833 1764 omnino

136 1791 220 1837 est
257 1781 595 1836 destitutum.
667 1782 812 1836 Nam
864 1800 1219 1852 quaecunque
1269 1801 1332 1835 eo
1379 1783 1652 1854 pertinere
1690 1781 1832 1836 iudi-

136 1861 258 1907 cata
295 1861 458 1922 sunt,
510 1853 668 1923 quale
706 1853 810 1906 hoc
843 1860 958 1920 est,
1020 1853 1168 1922 quod
1215 1852 1283 1907 de
1335 1854 1556 1908 oraculo
1595 1851 1833 1907 Chaere-2

132 1925 324 1997 phonti
379 1924 507 1978 dato
559 1940 742 1977 narrat
780 1925 800 1993 (
845 1964 857 1975 .
898 1925 981 1977 20.
1022 1923 1085 1977 C.
1124 1925 1308 1995 sqq.);
1359 1924 1508 1994 quod
1545 1944 1603 1979 se
1642 1923 1829 1979 divino

132 2015 356 2050 munere
405 1995 690 2068 profitetur
725 1997 805 2049 At
823 1995 1154 2049 leniensibus
1201 1996 1522 2050 monitorem
1572 2004 1627 2049 et
1664 1997 1831 2050 casti,

132 2076 378 2139 gatorem
417 2067 604 2120 datum
641 2085 762 2121 esse
800 2067 879 2138 (p.
917 2068 1002 2120 30.
1044 2065 1107 2120 C.
1134 2099 1204 2106 —-
1229 2069 1314 2124 31.
1352 2067 1474 2137 B.);
1515 2068 1665 2137 quod
1704 2088 1829 2138 pers

133 2158 268 2192 sona
318 2158 418 2192 sua
467 2137 754 2209 indignum
800 2156 917 2191 esse
953 2138 1278 2207 pronunciat
1315 2137 1556 2191 iudicum
1595 2138 1828 2193 clemen-2

131 2210 261 2262 tiam
303 2217 359 2262 et
395 2208 818 2262 misericordiam
854 2208 1144 2289 implorare
1182 2209 1259 2279 (p.
1287 2212 1373 2263 34.
1400 2208 1463 2263 C.
1490 2241 1559 2248 —-
1587 2213 1672 2263 35.
1698 2211 1826 2279 B.);

133 2279 283 2350 quod
330 2299 387 2333 se
435 2280 492 2332 in
525 2279 638 2333 litis
684 2279 1058 2333 aestimatione
1108 2278 1347 2333 declarat
1384 2280 1604 2351 publico
1639 2290 1827 2354 pryta=

130 2352 220 2404 nei
257 2351 463 2405 honore
502 2350 726 2403 dionum
762 2368 883 2403 esse
923 2351 1001 2421 (p.
1041 2351 1127 2403 35.
1165 2350 1235 2404 E.
1271 2383 1340 2390 ——
1379 2353 1466 2404 38.
1502 2351 1627 2421 E.);
1678 2352 1824 2424 quod

131 2422 365 2492 denique
404 2394 707 2489 iudicibus,
748 2422 842 2490 qui
876 2420 1055 2492 ipsum
1093 2421 1630 2492 condemnavissent,
1686 2424 1824 2477 divi.-

129 2513 255 2547 nam
291 2492 570 2546 minitatur
623 2491 922 2546 vindictam
959 2492 1038 2564 (p.
1077 2494 1166 2547 38.
1206 2491 1270 2546 C.
1311 2513 1375 2563 sq
1420 2494 1487 2563 .);
1539 2494 1676 2548 haec
1720 2495 1824 2566 igi-.-

128 2575 218 2617 tur
256 2564 438 2617 omnia
476 2572 638 2635 atque
677 2564 783 2616 alia
820 2563 1042 2632 similia,
1092 2563 1186 2618 ubi
1234 2565 1386 2619 consi
1428 2573 1576 2619 erata
1623 2567 1825 2621 fuerint

130 2635 465 2708 diligentiuS,
506 2642 651 2689 certe
679 2635 758 2691 ita
781 2642 1094 2706 comparata
1117 2654 1236 2690 esse
1275 2637 1577 2707 apparebit,
1616 2646 1678 2691 ut
1713 2658 1823 2691 non

129 2726 323 2760 vanam
358 2706 690 2774 iactantiam,
730 2725 841 2759 non
864 2705 1080 2760 inanem
1109 2707 1440 2778 superbiam,
1478 2728 1590 2762 non
1622 2708 1821 2763 intole—

128 2777 352 2832 rabilem
399 2778 600 2832 fastum
649 2785 705 2831 et
740 2777 1104 2850 arrogantiam
1144 2777 1375 2832 dicentis
1414 2788 1672 2852 arguant,
1723 2781 1822 2835 sed

126 2849 310 2920 potius
350 2849 587 2902 animum
622 2847 859 2920 prodant
891 2848 1038 2902 ultra
1070 2849 1348 2922 vulgarem
1384 2850 1661 2905 hominum
1706 2871 1823 2909 sor.-

126 2929 235 2974 tem
296 2919 609 3002 longissime
671 2919 872 2974 elatum
921 2938 986 2973 ac
1035 2939 1163 2975 vere
1213 2920 1418 2975 celsum
1477 2929 1643 2992 atque
1681 2922 1819 2976 divi-

127 3010 285 3060 num,
329 3011 423 3062 qm
459 3009 665 3044 summa
700 2990 898 3063 dignus
935 2990 1006 3045 sit
1042 2990 1415 3051 admiratione,
1488 2993 1577 3048 De
1616 3013 1725 3064 qua
1761 3014 1818 3057 re

238 3243 280 3294 *)
312 3257 352 3284 v.
384 3243 516 3284 Tusc.
547 3243 584 3284 1.
615 3243 691 3288 24³
720 3245 789 3288 De
820 3253 927 3291 orat.
972 3246 1008 3292 L
1036 3247 1108 3292 54.

211 3301 283 3351 **)
314 3303 512 3343 Astius
546 3302 576 3341 l.
610 3315 643 3343 c.

183 3357 282 3413 ***)
318 3373 359 3400 v.
395 3360 587 3400 Aetius
618 3360 646 3399 l.
678 3373 712 3399 c.
