2158 3718
368 130 470 183 180
939 126 1482 202 PleErA‘rlo

362 279 472 325 tem
512 271 775 324 bonorum
812 269 1028 322 minime
1067 276 1328 322 metuant.
1405 270 1668 324 Ostendit
1695 292 1856 342 porro
1895 292 2052 344 para-

361 352 475 396 tum
514 342 564 395 ei
600 342 715 395 fore
755 340 900 413 apud
938 347 1152 393 exteros
1187 340 1510 394 benevolum
1546 341 1862 414 hospitium.
1936 345 2054 397 Ad-

364 414 446 467 dit
493 414 622 486 item
671 432 772 466 nec
836 413 1100 464 iustum
1151 411 1263 464 ullo
1312 412 1475 465 modo
1525 414 1671 483 fore,
1736 416 1782 468 si
1830 435 1888 469 se
1934 414 2052 486 ipse

362 485 593 556 prodere
636 485 783 537 velit.
858 482 1134 536 Iustitiam
1185 482 1327 535 enim
1365 485 1670 554 postulare,
1719 493 1782 538 ut
1829 494 1886 540 et
1922 505 2052 540 suae

359 557 530 628 ipsius
566 556 729 610 saluti
767 554 1036 622 consulat,
1077 561 1132 606 et
1167 553 1458 607 liberorum
1495 555 1804 610 educationi
1841 558 2054 628 prospi-

362 630 498 696 ciat,
549 628 641 697 qui
691 627 812 697 ipso
862 633 1078 678 mortuo
1127 624 1273 677 haud
1323 625 1485 680 dubie
1535 628 1748 680 tristem
1798 630 2054 682 orborum

362 707 561 753 sortem
610 697 886 768 experturi
925 697 1050 749 sint.
1126 695 1492 762 Quamobrem
1531 708 1718 752 censet
1757 701 1917 753 etiam
1968 707 2052 753 to-

359 779 475 824 tum
511 770 617 822 hoc
652 769 766 821 litis
804 768 1083 839 negotium
1120 767 1393 837 plerisque
1445 769 1622 822 visum
1659 771 1724 823 iri
1762 771 2053 825 ridiculum

360 849 524 911 atque
575 841 737 895 etiam
792 839 978 892 amicis
1025 839 1198 908 ipsius
1247 839 1523 892 infamiam
1572 842 1858 895 allaturum
1909 862 2050 908 esse,

361 913 457 981 qui
496 931 619 964 eum
655 931 767 964 non
806 911 1142 964 servaverint
1178 917 1233 962 et
1255 913 1444 964 mortis
1476 911 1716 981 periculo
1758 913 2054 985 eripuerint

359 985 468 1053 (44.
519 984 573 1036 D
606 1014 676 1022 —-
717 985 802 1035 46.
855 983 970 1051 A.).
1018 1012 1088 1020 -—
1175 983 1331 1035 Haec
1387 982 1556 1052 igitur
1602 981 1757 1037 Crito
1811 991 2055 1037 amanter

357 1074 486 1109 sane
524 1063 687 1124 atque
726 1054 833 1124 pie.
907 1053 1105 1122 Neque
1140 1060 1323 1105 tamen
1362 1051 1616 1108 Socrates
1654 1055 1771 1108 eius
1799 1055 2053 1126 precibus

359 1126 606 1197 quamvis
692 1124 986 1179 ravissimis
1031 1132 1193 1194 atque
1241 1124 1563 1179 enixissimis
1616 1126 1727 1179 ulla
1778 1127 1834 1179 in
1895 1135 2051 1198 parte

357 1196 635 1251 conceden
675 1217 766 1249 um
809 1196 1119 1249 arbit-ratur.
1205 1195 1351 1249 Nam
1399 1195 1587 1249 laudat
1635 1197 1856 1267 quidem
1892 1199 2051 1252 amici

356 1268 596 1322 studium
635 1275 690 1320 et
723 1268 1091 1331 voluntatem3
1131 1266 1228 1320 sed
1267 1267 1750 1337 obtemperandum
1788 1269 1837 1322 ei
1859 1270 1936 1322 ita
1956 1269 2050 1322 de-

353 1359 499 1394 mum
540 1340 844 1407 existimat,
884 1338 930 1392 si
970 1339 1253 1391 consilium
1288 1339 1462 1408 ipsius
1500 1358 1622 1392 cum
1658 1348 1809 1394 recta
1841 1341 2051 1394 ratione

355 1412 707 1464 coniunctum
756 1411 852 1475 sit;
903 1428 962 1463 se
1011 1410 1155 1462 enim
1204 1409 1340 1462 nulli
1392 1410 1485 1462 alii
1530 1412 1611 1463 rei
1657 1412 1832 1484 magis
1887 1431 2050 1481 quam

351 1483 552 1535 rationi
596 1483 800 1552 ubique
852 1480 1268 1551 obsequendum
1330 1488 1569 1534 statuere
1618 1483 1793 1536 solere
1837 1485 1915 1554 (p.
1962 1485 2048 1537 46.

351 1554 418 1607 Β.
461 1552 568 1624 C.).
642 1554 837 1624 Itaque
875 1551 1173 1606 videndum
1210 1571 1330 1605 esse
1369 1553 1461 1619 ait,
1501 1573 1628 1606 num
1669 1574 1764 1607 eae
1790 1555 2048 1623 rationes,

353 1645 489 1695 quas
524 1643 636 1678 sem
680 1645 739 1678 er
772 1625 830 1678 in
866 1624 981 1677 vita
1018 1624 1297 1695 superiore
1325 1625 1656 1695 probaverit,
1696 1627 1751 1679 in
1775 1628 2051 1697 praesenti

352 1696 531 1757 adhuc
568 1717 637 1750 va
662 1704 787 1750 eant
815 1704 980 1765 atque
1007 1695 1230 1748 eaedem
1258 1695 1668 1765 permanserint.
1741 1698 1868 1751 Hoc
1906 1699 2048 1751 enim

352 1768 399 1822 si
435 1770 512 1821 ita
550 1768 651 1837 sit,
705 1767 923 1822 easdem
982 1767 1144 1819 etiam
1181 1785 1329 1819 nunc
1364 1767 1675 1822 retinendas
1714 1788 1778 1822 ac
1815 1788 2047 1839 sequen-

351 1839 448 1894 das
496 1839 805 1894 arbitratur.
895 1837 1171 1906 Quocirca
1234 1839 1493 1907 quoniam
1543 1838 1698 1894 Crito
1757 1841 2047 1911 plurimum

348 1911 542 1965 tribuit
576 1910 853 1964 hominum
893 1909 1284 1963 existimationi
1333 1909 1570 1981 indeque
1625 1931 1876 1983 magnam
1923 1932 2047 1982 par-

346 1989 456 2035 tem
502 1990 943 2054 argumentorum
991 2000 1212 2034 suorum
1265 1982 1492 2050 sumsit,
1546 1983 1779 2052 primum
1827 1983 2044 2054 quidem

308 2053 504 2124 '(inde
553 2076 584 2108 a
621 2073 677 2124 p.
716 2056 803 2108 46.
845 2052 939 2122 C.)
991 2052 1367 2123 quaestionem
1416 2053 1495 2106 de
1556 2055 2042 2125 opinionibus,

346 2125 453 2178 iam
490 2126 861 2197 superioribus
899 2124 1235 2195 temporibus
1273 2123 1573 2178 identidem
1611 2132 1920 2194 tractatam,
1959 2145 2043 2179 re-

346 2197 639 2268 petendam
664 2216 786 2250 esse
818 2203 1005 2250 censet
1029 2195 1508 2265 quaerendumque
1533 2195 1744 2264 sedulo,
1761 2216 1890 2250 num
1916 2197 2044 2255 olim

343 2276 492 2323 recte
528 2268 833 2322 iudicatum
870 2268 960 2335 sit,
995 2287 1063 2319 an
1087 2285 1232 2319 nunc
1256 2266 1415 2320 aliter
1439 2268 1872 2322 existimandum.
1932 2269 2042 2322 Po-

343 2341 428 2393 nit
462 2341 631 2411 igitur
666 2341 902 2410 primum
928 2337 1164 2409 quidem,
1203 2358 1390 2391 verum
1417 2358 1534 2392 esse
1573 2340 1735 2392 etiam
1771 2359 1934 2409 nunc,
1973 2339 2040 2393 de

345 2430 454 2481 quo
479 2413 587 2465 iam
613 2412 742 2464 olim
766 2411 907 2464 inter
929 2411 1078 2481 ipsos
1123 2410 1460 2478 convenerit,
1499 2429 1566 2462 ex
1608 2411 1884 2464 hominum
1923 2411 2041 2482 opi-

342 2483 599 2537 nionibus
621 2483 755 2536 alias
783 2483 969 2552 magni
994 2479 1275 2534 faciendas
1301 2499 1365 2533 ac
1391 2481 1720 2550 sequendaS,
1750 2482 1883 2534 alias
1910 2502 2039 2535 con-

342 2553 663 2607 temnendas
703 2561 758 2606 et
792 2551 1113 2606 reiiciendas
1152 2569 1298 2614 esse3
1339 2571 1462 2603 nam
1501 2551 1777 2606 hominum
1800 2552 2038 2623 pruden-

340 2625 476 2678 tium
514 2633 569 2678 et
602 2624 1023 2696 intelligentium
1070 2624 1370 2676 sententias
1417 2623 1668 2693 probari,
1724 2623 2038 2695 impruden-

339 2697 474 2748 tium
511 2702 565 2749 et
592 2695 706 2749 ⁴insi
750 2695 974 2748 ientium
1011 2694 1292 2765 opiniones
1330 2694 1624 2764 improbari
1661 2714 1726 2748 ac
1762 2695 2038 2766 repudiari

341 2774 626 2837 oportere3
685 2715 746 2818 ig
788 2765 935 2836 quod
984 2765 1231 2836 exemplo
1282 2785 1310 2818 e
1360 2785 1418 2818 re
1468 2767 1812 2837 gymnastica
1862 2767 2036 2838 petito

338 2837 669 2892 luculentius
704 2837 1040 2892 demonstrat
1074 2837 1151 2908 (p.
1177 2838 1267 2891 46.
1294 2835 1340 2890 C
1366 2869 1431 2876 —
1455 2842 1541 2891 47.
1574 2835 1688 2908 0.).
1761 2838 1867 2892 His
1904 2857 2034 2892 vero

337 2909 413 2962 ita
451 2910 716 2981 expositis
754 2928 918 2980 porro
957 2908 1149 2975 docet,
1190 2908 1339 2978 quod
1375 2909 1501 2962 inde
1537 2910 1918 2980 consequitur,
1959 2911 2034 2964 si-

338 2980 451 3034 cuti
495 2981 551 3034 in
597 3000 655 3034 re
704 2981 1047 3052 gymnastica
1095 2979 1439 3052 negligendis
1477 2980 1826 3051 prudentium
1860 2980 2033 3034 homi-

336 3071 467 3105 num
504 3052 747 3106 consiliis
771 3060 826 3105 et
848 3051 1196 3122 opinionibus
1220 3070 1419 3123 corpus
1446 3051 1712 3120 laedatur,
1745 3053 1823 3105 ita
1845 3053 2027 3121 etiam,

337 3123 513 3178 sicubi
563 3123 630 3176 de
679 3123 823 3177 iusto
870 3132 926 3177 et
960 3123 1193 3192 iniustO,
1245 3121 1312 3176 de
1360 3124 1508 3195 turpi
1559 3130 1614 3176 et
1648 3123 1911 3192 honestO,
1960 3122 2028 3178 de

336 3195 481 3248 bono
519 3203 575 3248 et
611 3194 753 3248 malo
793 3203 1016 3266 agatur,
1066 3194 1162 3248 ubi
1212 3195 1538 3266 sapientium
1581 3195 1863 3267 neglectae
1911 3195 2029 3248 fue-

336 3266 447 3320 rint
483 3266 814 3335 sententiae,
855 3266 1033 3321 animo
1071 3266 1208 3335 fieri,
1250 3266 1397 3336 quod
1437 3273 1583 3319 certe
1620 3266 1784 3338 longe
1823 3265 1894 3320 sit
1928 3266 2027 3318 mi-

336 3338 634 3393 serabilius.
709 3337 852 3391 Nam
902 3357 1068 3407 quum
1118 3357 1343 3410 corpore
1381 3345 1638 3410 corrupto
1673 3338 1786 3391 vita
1822 3355 2027 3406 nequa-
