2158 3718
379 192 448 244 32
998 190 1408 245 PLATOle

378 339 685 410 ρίσασθαι,
741 333 860 407 ἅμα
906 332 953 390 δ’
1013 341 1072 390 ἐν
1113 337 1190 405 τῷ
1233 336 1470 411 παρόντι
1510 343 1723 410 πρέπον
1764 361 1860 412 μοι
1906 343 2054 397 δοκεῖ

369 419 520 478 ἐἶναι
561 419 693 493 ἡμῖν
733 429 854 484 τοῖς
907 421 1148 490 παροῦσι
1195 425 1468 492 κοσμῆσαι
1511 419 1611 477 τὸν
1652 422 1816 481 θεόν.
1857 430 1902 481 εἰ
1949 417 2053 482 οὗν

284 517 327 578 1)
375 506 626 573 ξυνδοκεῖ
667 507 760 559 καὶ
812 501 970 574 ὑμῖν,
1013 501 1212 572 γένοιτ’
1270 501 1343 560 ἂν
1383 505 1515 578 ἡμῖν
1560 513 1618 561 ἐν
1662 507 1847 578 λόγοις
1888 504 2048 576 ἱκανὴ

376 586 659 662 διατριβή·

719 591 867 643 δοκεῖ
908 585 1015 658 γάρ
1058 609 1155 660 μοι
1178 590 1380 659 χρῆναι
1420 596 1655 648 ἕκαστον
1686 591 1842 664 ἡμῶν
1881 592 2052 663 λόγον

373 681 544 731 εἰπεῖν
599 676 832 727 ἔπαινον
872 667 1118 746 ’Ἑρωτος
1185 675 1273 727 ἐπὶ
1334 671 1480 740 δεξιοὶ
1561 675 1637 741 ὡς
1691 674 1763 733 ἂν
1820 675 2053 745 δύνηται

374 757 693 822 κάλλιστον,
754 753 943 828 ἄρχειν
1001 758 1056 810 δὲ
1108 758 1362 830 Φαῖδρον
1419 760 1693 860 πρῶτονζ
1731 759 1911 829 ἐπειδὴ
1958 763 2052 816 καὶ

372 846 590 915 πρῶτος
632 861 947 904 κατακειται
992 842 1084 895 καὶ
1123 843 1271 896 ἐστιν
1312 837 1431 913 ἅμα
1475 830 1693 917 πατὴρ
1718 848 1817 900 τοῦ
1863 844 2050 917 λόγου.

378 926 566 991 Οὐδείς
609 943 794 991 σοι,ω

371 1016 463 1067 τίοι
507 1019 820 1086 ψηφιεῖται.

766 916 1162 997 Ἐρυξίμαχε,
1204 922 1385 1001 φάναι
1426 924 1526 982 τὸν
1555 928 1852 1027 Σωκράτη,
1895 936 2055 984 ἐναν-

906 1004 1031 1064 οὐτε
1086 1006 1194 1080 γὰρ
1247 1006 1320 1065 ἄν
1367 1031 1476 1065 που
1516 1009 1616 1081 ἐγώ
1679 1010 2051 1088 ἀποφήσαιμι,

276 1101 318 1148 Ε
367 1094 430 1162 ὃς
476 1094 635 1152 οὐδέν
670 1116 814 1170 φημι
857 1089 995 1148 ἄλλο
1040 1097 1383 1149 ἐπίστασθαι
1426 1092 1460 1163 ἢ
1508 1093 1578 1150 τὰ
1625 1095 1880 1172 ἐρωτικά,
1926 1094 2051 1154 οὔτε

480 1289 535 1331 Ε.
592 1291 742 1329 πᾶσα
774 1284 797 1338 ἦ
830 1282 1133 1339 διατριβή]
1182 1286 1417 1328 Articulum
1463 1287 1755 1340 praebuerunt
1787 1285 1919 1332 'BodL
1951 1288 2048 1333 vat.

367 1344 423 1390 A.
460 1347 562 1390 Ven.
593 1345 640 1388 Ξ.
672 1343 795 1386 Vind.
828 1342 869 1387 2.
931 1344 1031 1385 Par.
1068 1343 1166 1384 DK.
1200 1345 1349 1396 Augei.
1378 1358 1428 1388 w,
1459 1345 1555 1388 Vat.
1587 1359 1630 1396 p.

480 1402 688 1451 πάντες
717 1403 824 1456 ἄρα
855 1400 1190 1457 Ευνέφασαν]
1225 1401 1522 1457 Wyttenbach.
1554 1402 1664 1447 Bibi.
1698 1403 1808 1448 Crit.
1834 1403 1868 1448 l.
1899 1417 1946 1459 p·
1978 1402 2048 1449 39.

425 1548 697 1600 κοσμῆσαι
725 1559 765 1585 τ.
795 1545 880 1593 θ.]
914 1541 952 1584 h.
985 1555 1021 1584 e
1056 1543 1163 1584 lau-

369 1605 534 1648 dibus
565 1614 772 1644 ornare.

426 1720 469 1760 εἰ
516 1722 613 1758 ουν
657 1715 910 1761 ξινδοκεῖ
952 1737 1003 1744 —
1047 1713 1169 1753 διοι-

367 1775 556 1830 τριβή]
628 1774 752 1815 Haec
784 1773 823 1813 in
852 1771 1023 1813 brevius
1066 1782 1171 1812 con-

367 1839 508 1876 tracta
549 1836 658 1873 sunt
728 1829 837 1871 Nam
878 1830 1018 1898 piene
1036 1829 1171 1870 debe-

366 1894 442 1934 bat
472 1890 553 1932 dici
586 1889 665 1930 hoc
702 1887 865 1929 modo.
896 1887 934 1927 εἰ
965 1903 1014 1925 ου
992 1903 1044 1926 υν
1074 1885 1170 1929 ξυν-

366 1946 583 1991 δοκεῖκαὶ
611 1945 731 2000 ὑμῖν,
762 1961 811 1985 ov
797 1942 877 1985 ‘'Tw
905 1942 1164 1996 ποιήσομεν·

364 2010 531 2062 γένοιτο
570 2003 654 2060 γὰρ
693 2020 747 2042 αν
787 2000 889 2056 ἡμῖν
931 2004 973 2042 ἐν
1016 2001 1165 2054 λόγοις

366 2063 485 2116 Eum»)
531 2059 745 2114 διατριβή.
814 2060 880 2101 Ex
919 2072 1002 2112 qua
1031 2061 1163 2102 inter-

365 2122 610 2177 pretatione
649 2123 792 2172 patet,
841 2117 913 2169 qui
962 2118 1063 2169 fiat,
1115 2121 1163 2158 ut

365 2185 468 2235 post
497 2179 533 2219 ez
575 2177 768 2222 ξυνδοκεῖ
801 2175 1005 2216 inferatur
1037 2179 1161 2229 opta-

357 2239 473 2280 tivus
524 2248 624 2277 cum
673 2249 724 2273 αν
783 2234 1049 2274 coniunctus.
1104 2255 1160 2262 --

356 2292 514 2346 ἱκανὴ
550 2293 641 2333 δια
614 2288 845 2345 ατριβή,
897 2289 936 2331 h.
977 2303 1014 2332 e.
1053 2290 1160 2331 satis

355 2355 477 2406 larga
516 2352 559 2392 in
601 2348 784 2390 dicendo
823 2348 1030 2400 materia,
1075 2360 1160 2400 qua

356 2411 491 2452 otium
531 2418 858 2457 consumamuS,
901 2405 1159 2459 hinliing-

358 2467 510 2509 liche
563 2463 985 2517 Unterhaltung.
1059 2462 1156 2504 Non

356 2524 489 2566 habet
519 2522 674 2564 Latina
705 2521 846 2574 lingua
879 2521 1156 2572 vocabulum,

356 2595 441 2635 quo
463 2577 691 2622 commode
713 2578 834 2620 reddi
855 2579 995 2631 possit
1015 2579 1156 2619 Grae-

358 2652 458 2680 cum
496 2633 720 2690 διατριβή,
758 2634 873 2687 quod
912 2635 967 2677 de
1010 2634 1155 2676 huius-

357 2695 478 2737 modi
515 2693 870 2759 disputationibus
926 2698 969 2733 et
1019 2694 1153 2734 cono-

356 2752 465 2804 quiis
513 2750 752 2791 amicorum
802 2747 1154 2800 frequentissime

357 2820 553 2861 usurpari
573 2809 757 2854 constat
790 2815 825 2844 v
859 2804 1151 2857 Euthyphron.

353 2867 411 2909 in.
444 2865 626 2918 Apolog.
659 2861 784 2902 Socr.
827 2874 866 2914 p.
907 2860 974 2902 37.
1019 2862 1072 2902 D.
1112 2875 1153 2915 p.

356 2923 428 2966 41.
461 2925 511 2963 Α.
545 2917 764 2960 Phaedon.
803 2931 843 2970 p
877 2918 945 2961 59.
979 2918 1028 2959 D.
1065 2919 1155 2960 Po-

355 2980 454 3024 litio.
486 2992 529 3034 p
549 2975 647 3021 285.
690 2975 754 3026 C..
785 2975 856 3016 ubi
874 2974 1027 3018 eadem
1058 2988 1156 3018 ver-

356 3041 510 3081 borum
552 3034 814 3076 coniunctio:
868 3033 968 3085 περὶ
1018 3031 1158 3086 πάσης

356 3101 436 3149 τῆς
462 3096 507 3135 ἐν
534 3097 627 3140 τοῖς
656 3090 839 3139 vomis-«52
884 3090 1031 3146 λόγοις
1058 3091 1156 3131 δια-

357 3155 524 3212 τριβῆς.

414 3269 468 3312 D.
527 3264 616 3308 ἐπὶ
654 3259 835 3316 δεξιά]
867 3275 893 3302 a
920 3259 1153 3304 dextera

358 3326 409 3367 in
441 3325 644 3368 orbem.
656 3318 912 3375 -πατὴρ
944 3323 1040 3360 τοῦ
1071 3318 1154 3359 λό-

357 3398 491 3438 γου,
530 3381 568 3423 h.
617 3393 655 3423 e.
705 3382 913 3420 auctor.
965 3375 1150 3418 Phaedr.

358 3454 400 3496 p-
434 3439 534 3484 257.
559 3438 618 3480 Β.
653 3430 848 3492 ὦαῖδρός
882 3448 926 3475 τε
959 3433 1030 3474 καὶ
1058 3433 1153 3490 ἐγώ,

1246 1542 1419 1583 Λυσίαν
1460 1559 1507 1583 το
1516 1558 1536 1582 ν
1588 1547 1668 1584 τοῦ
1707 1542 1843 1600 λόγου
1882 1547 2051 1602 πατέρα

1246 1596 1514 1672 αἰῖιώμειος.

1303 1654 1362 1704 ὃς
1392 1656 1554 1699 οὐδέν
1585 1673 1727 1714 φημι
1763 1653 1896 1700 allo
1927 1658 2048 1700 ἐπί-

1246 1731 1270 1755 σ
1282 1731 1305 1755 τ
1319 1731 1345 1755 α
1361 1731 1384 1756 o
1396 1718 1430 1754 θ
1445 1731 1472 1754 α
1489 1716 1530 1771 ι]
1602 1717 1897 1758 Profitebatur
1936 1718 2044 1760 enim

1244 1773 1451 1814 Socrates
1503 1777 1639 1815 artem
1694 1775 1962 1826 amatorium,
2006 1788 2047 1818 ν.

1242 1829 1349 1871 infra
1381 1844 1421 1884 p.
1454 1829 1554 1874 212.
1590 1831 1637 1871 Β.
1665 1831 1850 1874 Phaedr.
1882 1846 1923 1886 p.
1944 1830 2043 1876 227.

1243 1888 1294 1928 C.
1327 1887 1473 1940 Lysid.
1503 1901 1545 1942 p.
1575 1887 1672 1931 204.
1707 1889 1758 1932 Β.
1799 1889 2045 1944 Xenoph.

1248 1944 1380 1986 Mem.
1427 1945 1482 1988 11.
1522 1944 1564 1997 6,
1594 1945 1664 1988 28.
1699 1946 1850 2002 Symp.
1885 1946 1959 1988 111.
2001 1947 2043 1990 3.

1247 2002 1458 2045 Maxim.
1489 2003 1608 2058 Tyr.
1641 2003 1801 2046 XXIV.
1832 2002 1874 2046 4.
1906 2003 2046 2047 The-

1248 2060 1387 2102 mist.
1466 2061 1606 2102 Oratt.
1662 2061 1779 2103 xm.
1826 2074 1870 2115 p.
1929 2060 2043 2114 161.‚

1245 2117 1363 2170 quod
1385 2131 1591 2171 quorsum
1617 2119 1830 2171 pertineat
1857 2119 1900 2159 in
1929 2118 2044 2161 Pro-

1245 2176 1360 2229 legg.
1400 2176 1453 2216 ad
1500 2174 1773 2217 Charmidem
1815 2180 1860 2218 et
1900 2175 2044 2220 Phae-

1247 2232 1369 2274 drum
1403 2231 1742 2287 significavimus.

1301 2317 1354 2362 Ε.
1415 2316 1546 2358 οὐδὲ
1584 2317 1687 2372 μὴν
1727 2316 2044 2374 Ἀριστοφά-

1243 2376 1350 2430 νης]
1383 2374 1566 2418 Notabis
1600 2375 1697 2418 οὐδὲ
1725 2375 1812 2430 μὴν
1836 2389 1920 2418 non
1951 2377 2043 2418 sine

1243 2433 1455 2486 gravitate
1490 2439 1591 2488 post
1621 2433 1919 2475 οὔτε-οὔτε
1949 2434 2043 2476 iiia—-

1242 2495 1352 2541 tum,
1383 2505 1424 2532 v.
1467 2492 1521 2532 ad
1565 2493 1749 2546 Apolog.
1792 2491 1965 2534 Socrat.
2005 2504 2043 2534 c.

1240 2547 1313 2590 IV.
1343 2548 1402 2589 in.
1433 2548 1574 2590 Etiam
1607 2548 1709 2590 οὔτε
1740 2548 1826 2601 μὴν
1851 2549 1911 2590 ita
1941 2553 2043 2602 post

1240 2620 1344 2646 oute
1375 2606 1519 2647 inferri
1547 2606 1692 2648 docuit
1722 2605 1762 2647 H
1779 2606 1953 2647 erbst.
1984 2604 2040 2647 ad

1238 2661 1436 2716 Xenoph.
1469 2664 1620 2717 Symp.
1653 2676 1693 2716 p
1731 2663 1799 2705 17.

1295 2749 1326 2785 ὦ
1367 2746 1514 2800 περὶ
1558 2745 1892 2789 Διόνυσον
1931 2747 2041 2788 καὶ

1230 2788 1581 2858 Ἀφροδίτην]
1615 2804 1723 2846 Cum
1749 2801 1920 2845 Baccho
1942 2805 2041 2848 Ari-

1240 2860 1437 2914 stophani
1466 2874 1536 2903 res
1569 2868 1661 2904 erat
1699 2866 1899 2928 tanquam
1932 2875 2041 2916 poe-

1239 2922 1312 2958 tae
1341 2918 1524 2960 comico.
1582 2919 1687 2961 Erat
1707 2919 1816 2960 enim
1837 2917 1934 2960 huic
1957 2919 2041 2963 deo

1240 2987 1311 3015 res
1355 2977 1523 3018 scenica
1573 2990 1712 3030 sacra,
1765 2990 1802 3017 v.
1853 2975 2037 3019 Casaub.

1242 3031 1308 3073 De
1339 3033 1460 3087 poesi
1493 3039 1620 3087 satyr.
1654 3047 1695 3088 p.
1729 3033 1769 3078 9.
1801 3032 1867 3076 ed.
1901 3033 2038 3077 Ram-

1242 3089 1363 3132 bach.
1423 3091 1511 3133 Sed
1543 3091 1646 3145 quid
1679 3091 1717 3133 ei
1748 3103 1844 3133 cum
1870 3090 2039 3140 Venere

1235 3148 1526 3190 intercesserit
1577 3147 1932 3200 necessitudinis,
1981 3149 2038 3192 de

1239 3218 1293 3247 eo
1324 3206 1465 3248 variae
1496 3210 1600 3247 sunt
1634 3206 1849 3247 hominum
1880 3204 2036 3248 docto-

1238 3276 1332 3305 rum
1364 3263 1597 3317 opiniones.
1660 3263 1717 3304 Et
1746 3262 1797 3304 W
1821 3276 1847 3303 o
1866 3264 1878 3304 1
1898 3262 1942 3304 fi
1966 3276 1993 3304 ιι
2013 3276 2034 3303 s

1237 3320 1410 3373 quidem
1475 3321 1715 3375 suspicatur
1782 3319 1839 3362 ad
1890 3333 2036 3377 mores

1238 3377 1448 3430 quosdam
1493 3382 1649 3432 poetae
1702 3376 1887 3431 respici,
1927 3390 2037 3429 quos

1235 3447 1321 3477 non
1359 3436 1602 3478 accuratius
1642 3434 1838 3492 cognitos
1881 3432 2038 3478 habea-
