2222 3762
421 138 487 188 66
1023 130 1497 189 PLATONIS

416 281 683 350 τοιαύτην
729 280 1050 357 ἐπιστήμην,
1096 283 1143 336 εἴ
1184 304 1265 345 τις
1309 285 1430 352 περὶ
1479 285 1589 336 τῶν
1625 281 1895 338 τοιούτων
1931 282 2110 356 σοφός

416 373 546 422 ἐστι.
570 365 645 438 μή
673 369 784 431 πως
811 365 910 435 ἐγώ
938 364 1046 421 ὑπὸ
1068 365 1332 432 Μελήτου
1364 365 1643 430 τοσαύτας
1671 370 1822 430 δίκας
1847 364 2107 441 ᾳιύγοιμιέ

324 454 378 507 D
417 448 560 505 ἀλλὰ
592 448 698 522 γὰρ
725 454 843 520 ἐμοὶ
869 442 1139 514 τούτων,ὦ
1173 446 1442 518 ἄνδρεςἈ
1451 450 1867 517 ι9·ηναῖοι,ούδὲν
1879 456 2109 520 μέτεστι.

416 534 706 606 μάρτυρας
732 534 773 588 δ’
803 533 1012 598 αὐτοὺς
1044 533 1197 605 ὑμῶν
1228 530 1355 597 τοὺς
1392 534 1631 598 πολλοὺς
1658 542 1984 604 παρέχομαι,
2020 539 2110 588 καὶ

416 616 549 685 ἀξιῶ
575 617 720 687 ὑμᾶς
743 619 1019 686 ἀλλήλους
1041 616 1313 674 διδάσκειν
1345 640 1399 672 τε
1433 623 1522 673 καὶ
1537 617 1787 692 φράζειν,
1820 615 1942 674 ὅσοι
1975 621 2110 689 ἐμοῦ

418 701 639 757 πώποτε
657 701 935 769 ἀκηκόατε
955 705 1346 770 διαλεγομένου
1369 706 1579 758 ’πολλοὶ
1592 706 1649 758 δὲ
1679 700 1836 772 ὑμῶν
1856 709 1908 759 οὶ
1927 707 2108 758 τοιοῦ-

417 790 505 841 τοί
525 793 641 840 εἰσι.
666 785 902 861 φράζετε
920 779 1021 841 οὖν
1042 784 1321 853 ἀλλήλοις,
1339 785 1609 842 εὶπώποτε
1628 783 1658 854 ἢ
1674 784 1904 860 σμικρὸν
1927 783 2110 859 ἢμέγα

414 1047 522 1077 n.1us
555 1034 660 1131 zei?
693 1029 901 1087 Σωκράτη
933 1047 1010 1087 pro
1037 1029 1273 1085 Σωκράτην
1304 1030 1664 1076 Bod1.Vind.6
1699 1033 1797 1075 Par.
1829 1034 1915 1078 DS.
1949 1038 1994 1076 et
2022 1033 2104 1076 sor·

413 1099 530 1134 tasse
603 1104 624 1131 a

531 1146 802 1189 zooav'zas·
845 1147 1004 1188 δι’καε·
1034 1146 1296 1202 φύγοιμι]
1359 1146 1414 1186 V.
1449 1141 1665 1199 φεύγοιμι,
1696 1147 1809 1197 quod
1843 1152 2054 1190 mutatum
2087 1160 2111 1189 e

414 1207 537 1251 ssodi.
568 1207 669 1249 Vat.
701 1207 811 1247 Ven.
853 1207 893 1250 b.
935 1205 1063 1250 Vind.
1101 1207 1140 1250 1.
1170 1205 1212 1250 4.
1245 1206 1285 1249 6.
1319 1203 1432 1246 Flor.
1473 1204 1513 1247 d.
1546 1217 1588 1256 g.
1621 1204 1656 1245 h.

1700 1205 1799 1249 Par.
1832 1205 1916 1250 DS.
1980 1205 2112 1250 ,Pro

418 1266 603 1306 Μελίτου
633 1264 759 1306 Bodi.
793 1262 857 1304 hic
888 1277 1076 1316 quoque,
1110 1271 1156 1305 ut
1187 1275 1372 1316 semper,
1406 1258 1620 1315 Μελήτου.

530 1319 657 1364 ἀλλὰ
696 1318 794 1376 γὰρ
836 1319 960 1372 ἐμοὶ
999 1319 1238 1374 τούτων]

415 1391 439 1422 e
484 1381 605 1421 Bodl.
653 1380 750 1420 Par.
786 1378 869 1420 DS.
914 1380 1085 1422 mutavi.
1123 1380 1174 1420 In
1209 1380 1312 1421 Vat.

414 1443 555 1492 ptum:
589 1433 689 1479 ἀλλὰ
720 1434 801 1491 γὰρ
834 1435 1000 1478 τούτων
1029 1435 1136 1488 ἐμοί.

1305 1320 1352 1359 V.
1392 1316 1474 1377 γάρ
1515 1333 1588 1369 μοι
1620 1320 1705 1360 τῶν
1739 1320 1961 1370 τοιούτων,
1993 1320 2110 1373 quod

1351 1376 1469 1420 Flor.
1512 1377 1552 1418 d.
1598 1378 1718 1418 Vind.
1761 1378 1801 1421 1.
1841 1378 1882 1422 4.
1923 1379 1962 1423 6.
2006 1378 2106 1420 scri·

527 1492 806 1549 μάρτυρας
844 1491 886 1534 δ’
927 1490 1169 1550 αὐτούς]
1216 1494 1265 1533 V.
1298 1485 1368 1540 αὖ,
1400 1503 1477 1544 pro
1510 1504 1594 1543 quo
1627 1486 1790 1532 αὐτοὺς
1822 1492 2114 1546 praebuerunt

417 1553 538 1596 Bodi
574 1555 683 1596 Ven.
724 1554 764 1593 b.
799 1553 899 1596 Vat.
944 1553 1069 1594 Vind.
1110 1554 1150 1597 1.

413 1666 603 1713 struitur,
636 1664 760 1706 deeo
786 1678 825 1706 ν.
849 1665 1133 1708 Heindorf.
1157 1665 1212 1706 ad

412 1723 616 1777 Hippiam
651 1723 747 1763 mai.
780 1737 821 1776 p.
851 1724 948 1768 289.
985 1724 1032 1767 E.

471 1781 556 1822 καὶ
596 1775 688 1832 οὐχ
727 1775 791 1821 ὥς
831 1776 1100 1834 ἀτιμάζων
1130 1782 1214 1835 -]

415 1838 553 1880 Verba
602 1840 760 1880 ironice
813 1840 1063 1893 accipienda
1104 1846 1216 1892 sunt,

413 1894 493 1936 hoc
541 1909 689 1938 sensu:
733 1896 918 1949 Neque
961 1910 1059 1950 ego
1092 1910 1216 1939 con-

410 1960 592 1995 temno
662 1960 713 1995 et
793 1955 987 1996 reiicio
1065 1957 1217 1997 iiiam

409 2012 729 2056 scientiam:
781 2017 949 2065 atque
1014 2015 1218 2055 utinam

410 2069 660 2111 Meietus
718 2082 791 2110 me
843 2070 990 2112 nullo
1065 2070 1219 2112 modo

409 2132 602 2168 tantae
640 2126 884 2169 iniuriae
915 2129 1103 2180 possit
1143 2142 1218 2170 re-

409 2197 486 2226 um
535 2183 725 2238 agere!
784 2183 879 2226 Non
927 2186 1019 2226 sine
1063 2199 1217 2227 caussa

408 2243 595 2284 aoristus
627 2242 810 2296 ponitur,
855 2243 975 2284 cuius
1006 2244 1046 2284 in
1075 2245 1217 2285 locum

409 2299 509 2341 Sch
524 2302 534 2342 1
549 2315 571 2343 e
585 2301 595 2341 i
609 2314 709 2341 erm
726 2313 783 2340 ac
801 2300 838 2344 h.
859 2306 1049 2342 veterem
1062 2302 1218 2343 lectio-

408 2370 505 2399 nem
561 2355 763 2413 φεύγοιμι
815 2359 982 2399 restitui
1028 2360 1214 2403 volebat.

407 2416 580 2469 Quippe
611 2417 797 2457 aoristus
840 2414 905 2456 hic
935 2428 1107 2469 quoque
1152 2417 1214 2457 in-

406 2473 522 2514 dicat
540 2475 754 2514 actionem
786 2485 864 2526 per
891 2486 938 2514 se
957 2479 1212 2526 spectatam,

406 2532 578 2572 exciusa
620 2531 734 2572 omni
777 2531 1104 2583 perpetuitatis,
1150 2531 1212 2572 ef-

403 2586 565 2638 fectus‚
599 2592 792 2637 eventus,
825 2588 1112 2640 similiumque
1142 2601 1210 2628 ra-

404 2645 567 2686 tionum
607 2644 934 2697 significatione.
976 2668 1031 2676 -—
1101 2644 1210 2686 For-

409 2704 520 2743 muia
562 2700 684 2755 δίκην
728 2699 904 2755 φεύγειν
943 2707 1010 2743 est
1051 2715 1208 2744 accu-

407 2760 540 2813 sari,
575 2773 722 2801 reum
762 2762 872 2813 agi,
907 2766 949 2801 et
978 2760 1210 2813 opponitur

405 2817 536 2858 verbo
587 2814 775 2866 διώκειν,
831 2817 945 2870 quod
997 2817 1208 2870 significat

403 2887 461 2916 ac
478 2887 536 2916 cu
549 2888 601 2916 sa
615 2888 683 2917 re.
717 2875 929 2918 Quoniam
943 2880 1084 2916 autem
1099 2873 1206 2926 φεύ-

404 2946 493 2984 γειν
530 2932 642 2974 idem
687 2938 752 2974 est
796 2931 913 2986 quod
958 2930 1206 2981 διώκεσθαι,

403 2990 528 3031 facile
572 2995 770 3044 apparet,
819 3002 894 3031 cur
935 2995 1204 3033 construatur

403 3052 450 3088 ut
487 3049 727 3101 passivum·
777 3046 830 3088 de
876 3060 960 3101 quo
997 3049 1204 3100 loquendi

400 3117 558 3154 genere
580 3118 618 3146 v.
649 3104 762 3159 adp
815 3105 941 3149 17.Α
946 3137 955 3146 .
985 3118 1076 3160 cap.
1098 3105 1128 3147 Ι.
1150 3130 1204 3136 —

401 3161 634 3205 Proxima.
664 3119 789 3204 ἄλλα
822 3159 919 3218 γὰρ
952 3161 1073 3213 ἐμοὶ
1105 3179 1203 3204 τ.-

400 3219 610 3289 μέτεστι
641 3221 704 3262 sic
734 3220 1052 3292 interpretanda
1075 3227 1200 3267 sunt:

401 3271 483 3318 ἀλλ’
522 3276 659 3319 ἐκεῖνο
702 3273 781 3331 οὐχ
819 3275 960 3319 οὕτως
998 3278 1101 3330 ἔχει·
1143 3276 1198 3321 οὐ

400 3331 481 3391 γὰρ
521 3334 613 3387 ἐμοὶ
651 3333 817 3378 τούτων
856 3331 985 3377 οὐδὲν
1023 3337 1196 3387 μέτεστι.

398 3392 451 3437 cf.
483 3392 658 3438 Herm.
692 3394 744 3436 ad
765 3395 908 3449 Viget.
935 3408 977 3448 p.
1000 3394 1097 3439 811.
1133 3397 1196 3437 De

1192 1552 1233 1595 4.
1280 1551 1317 1594 6
1355 1548 1470 1590 Fior.
1506 1549 1546 1589 d.
1607 1548 1692 1593 ..Ιι

1283 1947 1467 2001 ’κόσμος
1517 1951 1598 2003 ἔχει
1662 1952 1731 1992 καὶ
1790 1953 1870 1992 τίσι

1728 1549 1826 1594 Par.
1858 1550 1942 1591 DS.
2005 1551 2111 1591 Dein

1299 1675 1347 1704 re
1388 1661 1485 1702 audi
1525 1660 1636 1702 Xen
1683 1662 1815 1702 Mem.
1857 1660 1987 1703 1.2.
2029 1660 2105 1703 11:

1300 1714 1404 1760 οὐδὲ
1451 1715 1552 1787 ydor
1575 1719 1671 1772 περι
1715 1720 1790 1773 τῆς
1829 1719 1913 1759 τῶν
1939 1714 2112 1758 πάντων

1302 1774 1490 1829 φύσεως,
1527 1768 1632 1830 ἦπερ
1667 1792 1749 1818 των
1770 1774 1907 1818 ἄλλων
1939 1776 1985 1817 οἱ
1999 1776 2109 1816 πλεῖ-

1301 1849 1406 1884 στοι,
1443 1832 1672 1888 διελέγετο,
1711 1848 1899 1884 οκοπων,
1934 1831 2055 1875 ὅπως
2086 1831 2110 1874 ὁ

1302 1890 1565 1943 καλούμενος
1613 1889 1700 1934 ὑπὸ
1763 1894 1846 1934 τῶν
1890 1892 2112 1945 σοφιστῶν

1926 1954 2112 2004 μ’γνεται

1303 2005 1530 2063 ἀνάγκαις,
1582 2004 1684 2050 ἀλλὰ
1723 2010 1790 2050 καὶ
1829 2005 1934 2050 τούς
1973 2022 2109 2061 φρονα

1304 2069 1494 2120 τιζζοντας
1507 2068 1684 2108 τοιαῦτα
1702 2062 2109 2122 μωραινονταςᾶπε-

1305 2124 1510 2168 δείκνυεν

1362 2184 1413 2224 D.
1473 2197 1556 2223 και
1595 2177 1731 2234 ἀξιῶ
1771 2177 1908 2232 ὑμᾶς
1944 2183 2028 2235 —]
2070 2180 2108 2222 h.

1304 2254 1346 2283 e.
1367 2242 1566 2282 etvoto
1594 2254 1629 2284 s.
1650 2243 1895 2294 postulo,
1929 2245 1984 2282 ut
2013 2252 2109 2280 vos

1302 2298 1580 2352 ipsiaiius
1608 2299 1766 2340 alium
1802 2297 2109 2368 edoceati83

1301 2355 1357 2397 de
1376 2369 1456 2408 qua
1476 2356 1786 2410 significatione
1818 2357 1935 2398 verbi
1956 2349 2110 2406 ἀξιοῦν

1300 2425 1338 2456 ν.
1378 2414 1576 2456 Buttm.
1627 2412 1680 2454 ad
1727 2412 1950 2455 Demosth.
1996 2417 2105 2456 orat.

1301 2470 1473 2511 Midian
1512 2485 1550 2522 ρ
1586 2470 1682 2514 165.

1356 2528 1444 2567 καὶ
1508 2541 1563 2567 εκ
1629 2525 1838 2568 τούτων
1909 2539 2105 2597 γνωσε·

1300 2584 1426 2638 σθε]
1472 2585 1686 2626 Videlicet
1725 2583 1771 2625 ἐκ
1803 2584 1882 2626 τοῦ
1912 2579 2108 2638 ἀλλήλοις

1298 2639 1475 2695 φράζειν
1487 2643 1567 2684 κτλ.
1607 2643 1788 2684 Prorsus
1801 2642 1955 2685 eodem
1973 2642 2105 2713 mpdo

1297 2700 1516 2741 Phaedon
1551 2714 1593 2754 p.
1627 2701 1696 2744 62.
1733 2701 1782 2768 D.
1826 2695 1910 2741 ἀλλ’
1944 2696 1969 2742 ὁ
2001 2695 2104 2742 ἀνό-

1294 2769 1399 2811 ητοε·
1430 2755 1672 2812 ἅνθρωπος
1714 2755 1808 2831 τάχ’
1839 2773 1892 2799 αν
1918 2757 2104 2828 οἰηθείη

1294 2817 1476 2865 ταῦτα,
1521 2815 1733 2868 φευκτέον
1762 2812 1873 2859 εἶναι
1903 2811 1990 2858 ἆπό
2024 2817 2105 2857 τοῦ

1292 2848 1519 2915 δεσπότου.
1573 2875 1676 2918 ibid.
1724 2887 1765 2928 p
1810 2875 1866 2919 70
1939 2875 1989 2917 D.
2035 2875 2103 2914 καὶ

1292 2930 1582 2973 τοῦτοὶκανὸν
1601 2930 1826 2987 τεκμήριον
1845 2932 1924 2973 τοῦ
1947 2948 1967 2973 τ
1981 2932 2048 2972 αὖ
2060 2927 2101 2972 τ’

1290 2984 1420 3039 εἶναι,
1462 3004 1520 3034 sc
1566 2991 1647 3031 τοῦ
1687 2988 1761 3032 τὰς
1804 2987 1943 3042 ψυχὰς
1985 2985 2102 3043 ἡμων

1290 3046 1381 3088 ἐκεῖ
1418 3043 1537 3092 abac.
1578 3047 1822 3118 Xenoph
1860 3049 2099 3092 Memorab.

1290 3106 1448 3157 111.6‚
1482 3107 1519 3151 6
1563 3102 1731 3147 οὐκοῦν
1771 3102 1817 3146 τὸ
1858 3104 1934 3156 μὲν
1967 3106 2098 3146 πλου-

1293 3163 1498 3218 σιωτέραν
1539 3162 1615 3219 τὴν
1655 3162 1778 3205 πόλιν
1818 3167 1957 3204 ποιεῖν
1996 3158 2098 3204 α’να-

1290 3220 1568 3274 βαλούμεθα·
1606 3222 1696 3263 πῶς
1726 3218 1807 3290 γὰρ
1840 3217 1940 3263 οἶόν
1970 3234 2012 3261 τε
2039 3219 2096 3290 μὴ

1289 3277 1433 3321 εἰδότα
1470 3296 1518 3335 γε
1565 3278 1614 3322 τὰ
1644 3275 1892 3330 άναλωματα
1923 3279 1991 3319 και
2022 3275 2097 3320 τὰς

1288 3337 1536 3391 προςόδους
1603 3337 1911 3391 ἐπιμεληθῆναι
1971 3331 2092 3377 τού-

1288 3411 1353 3436 τω
1367 3410 1414 3446 ν,·
1451 3412 1512 3439 sc.
1549 3396 1626 3438 τοῦ
1658 3395 1977 3447 πλουσιωτέραν
2015 3398 2092 3448 τῆν
