2158 3718
319 38 380 57 Ιι.
568 31 703 55 Λ·”’,,’·;
760 44 765 45 7

790 128 1051 171 PHAEDO
1085 143 1129 183 p.
1153 131 1228 171 98.
1794 128 1902 183 235

109 270 455 326 διδάσκαλον
491 271 587 337 τῆς
622 267 801 329 αἰτίας
837 268 967 335 περὶ
1003 269 1117 319 τῶν
1143 263 1327 320 ὄντων
1365 264 1506 319 κατὰ
1538 270 1683 319 νοῦν
1722 268 1900 336 ἐμαυ-

107 359 206 424 τῷ,
245 353 353 423 τὸν,
377 346 772 420 Ἀναξαγόραν,
811 352 911 402 καί
943 369 1037 418 μοι
1075 349 1318 420 φράσειν
1355 353 1584 420 πρῶτον
1621 352 1754 423 μέν,
1794 352 1901 404 πό-

107 457 276 509 τερον
312 436 346 507 ἡ
383 440 454 505 γῆ
492 434 726 488 πλατεϊά
767 434 922 487 ἐστιν
958 434 994 503 ἢ
1033 434 1372 503 στρογγύλη,
1415 432 1608 502 ἐπειδὴ
1648 434 1710 487 δὲ
1749 435 1900 505 φρά-

110 535 281 589 σειεν,
322 519 830 588 ἐπεκδιηγήσεσθαι
865 516 968 586 τὴν
1006 518 1191 570 αἰτίαν
1218 521 1311 571 και
1348 517 1451 586 την
1489 516 1760 586 ἀνάγκην,
1801 519 1958 571 λε’-Ε

107 624 283 673 γοντα
329 602 391 656 τὸ
441 602 675 672 ἄμεινον
723 601 816 654 καὶ
863 599 949 654 ὅτι
997 599 1174 671 αὐτὴν
1223 600 1456 671 ἄμεινον
1501 604 1575 671 ἠν
1629 602 1899 671 τοιαύτην

110 684 280 741 εἶναι·
347 687 441 740 καὶ
488 687 540 739 εἰ
585 686 649 738 ε’ν
686 686 833 755 μέσῳ
873 687 1011 754 φαίη
1051 681 1195 738 εἶναι
1233 683 1442 754 αὐτήν,
1494 685 1898 755 ἐπεκδιηγήσε-

107 777 273 839 σθαι,
322 769 397 834 ὥς
442 768 676 839 ἄμεινον
722 788 796 838 ην
833 766 1013 836 αὐτην
1054 769 1117 822 ἐν
1154 770 1302 839 με’σῳ
1343 765 1513 822 εἶναι·
1582 770 1676 821 καὶ
1715 773 1771 821 εἴ
1800 788 1897 838 μοι

108 859 285 908 ταῦτα
330 852 730 923 ἀποφαίνοιτο,
779 853 1249 921 παρεσκευάσμην
1296 850 1371 915 αἱς
1419 852 1609 906 οὐκέτι
1645 853 1896 906 ποθεσό-
1928 858 1982 902 98

107 958 276 1007 μενος
323 939 501 1000 αίτιάς
546 935 684 989 ἄλλο
734 932 897 999 εἶδος.
975 936 1070 988 καὶ
1116 934 1183 1004 δὴ
1232 937 1326 988 καὶ
1374 938 1503 1004 περὶ
1540 934 1706 1004 ἡλίου
1745 934 1896 989 οὕτω

108 1022 608 1092 παρεσκευάσμην,
657 1018 916 1082 ὠςαύτως
961 1019 1337 1088 πευσόμενος,
1385 1020 1479 1072 καὶ
1517 1020 1755 1088 σελήνης
1805 1019 1901 1072 καὶ

106 1109 223 1158 τῶν
268 1103 458 1158 ἄλλων
505 1102 758 1173 ἄστρων,
808 1102 1011 1171 τάχους
1055 1121 1116 1155 τε
1163 1104 1291 1171 πέρι
1340 1100 1483 1172 πρὸς
1530 1101 1747 1171 ἄλληλα
1804 1104 1899 1157 καὶ

221 1270 251 1329 ἡ
275 1275 342 1330 γῆ
365 1267 612 1317 πλατεῖά
634 1267 808 1341 εστιν]
835 1265 1014 1327 ἑστὶνὴ
984 1271 1096 1327 ηγῆ
1119 1274 1197 1315 πλ.
1219 1274 1315 1313 Vat.
1337 1273 1465 1313 Vind.
1491 1271 1531 1313 Φ
1559 1273 1654 1313 Par.
1677 1271 1712 1312 G
1742 1273 1893 1316 Ambi.

110 1333 219 1376 Flor.
242 1333 283 1373 d.
346 1332 506 1372 Deinde
540 1324 989 1384 ἐπεκὸιηγησασθαι
1017 1330 1111 1369 Vat.
1143 1329 1273 1371 Vind.
1297 1327 1336 1368 Φ
1374 1327 1559 1371 Pa1.GI
1601 1330 1748 1369 Ambr
1785 1330 1894 1370 Tub.

107 1390 219 1441 Aug.
243 1388 354 1428 Flor.
379 1388 407 1428 d
427 1400 469 1426 m
489 1388 556 1426 hic
578 1394 618 1427 et
639 1387 788 1452 paullo
803 1393 916 1438 post.

221 1445 270 1484 E.
313 1436 734 1508 ἀποφαίνοιτο]
757 1435 1027 1492 άποφαίνοι
1049 1440 1168 1484 Bodl.
1193 1453 1247 1480 ex
1267 1453 1374 1481 coir.
1399 1441 1496 1481 Pa1.
1521 1439 1798 1483 CEGIFlor.
1822 1442 1893 1482 ab

103 1513 131 1540 c
152 1501 180 1552 i,
204 1492 472 1566 αποφαίνει
492 1501 531 1539 V
535 1512 601 1539 en.
626 1498 685 1549 Π,
710 1492 977 1561 ῦποφαίνοι
997 1496 1091 1538 Par.
1114 1497 1160 1536 L.

219 1557 266 1597 P.
289 1557 360 1597 98.
401 1569 469 1604 ως
490 1567 690 1596 ουκετι
711 1546 1138 1618 ποθεσόμενος]
1173 1552 1243 1592 Sic
1263 1553 1372 1595 Ven.
1394 1554 1497 1593 Aet
1517 1553 1611 1592 Pa1
1634 1552 1668 1592 E
1697 1563 1721 1591 a
1749 1564 1813 1605 pr.
1835 1565 1898 1598 m.

107 1611 347 1665 Legebatur
381 1611 482 1652 olim
472 1603 895 1685 Μῦποθησόμενος.
939 1608 1060 1651 Bodl.
1090 1607 1218 1650 Coisl.
1248 1609 1356 1648 Ven
1382 1608 1434 1649 Π
1467 1608 1539 1647 alii
1573 1602 1878 1675 ὑποθέμενος
1854 1622 1896 1657 ς.

107 1670 157 1709 In
176 1681 310 1722 marg.
332 1668 441 1710 Ven.
465 1683 506 1714 με.
472 1666 789 1731 *adscriptum
810 1663 870 1707 ἰ’.σ
892 1658 1138 1718 ποθήσων.
1175 1666 1360 1717 August
1383 1658 1445 1712 ὡς
1466 1677 1554 1706 ουκ
1578 1659 1646 1706 ἔτι
1667 1658 1893 1706 ποτέσσό-

104 1737 264 1779 μενος,
286 1724 399 1765 unde
418 1736 567 1764 verum
589 1723 696 1762 eruit
716 1721 999 1764 Heindorfius.
1060 1764 1064 1770 s

164 1864 214 1904 D.
246 1857 392 1904 κατὰ
427 1862 567 1904 νοῦν
597 1854 693 1914 ε’μ.]
734 1861 954 1900 Ludibun-

107 1920 190 1962 dus
226 1919 304 1959 hac
331 1919 513 1960 formula
547 1919 678 1958 utitur
720 1916 953 1970 respiciens

108 1976 164 2016 ad
192 1973 311 2017 νοῦν
338 1974 458 2014 illum
492 1975 787 2037 Anaxagorae.
831 1970 952 2011 Cete-

109 2044 205 2071 rum
238 2030 295 2072 cf.
333 2031 441 2071 Tim.
462 2042 506 2083 p.
528 2031 596 2070 27
606 2029 636 2070 C
671 2022 831 2070 πάντα
869 2041 952 2068 κα-

109 2080 169 2128 τὰ
211 2085 330 2128 νοῦν
369 2076 597 2133 ἐκείνοις
634 2085 738 2125 Ibid.
781 2097 822 2137 p
846 2085 897 2123 17
922 2082 952 2123 C

107 2138 317 2197 ρηθεῖσα
351 2141 468 2183 πᾶσι
508 2133 633 2182 κατὰ
668 2138 801 2181 νοῦν.
844 2139 948 2180 Ibid.

108 2212 152 2252 p.
177 2200 230 2240 36
252 2199 285 2238 D
315 2190 483 2250 ἐπειδὴ
515 2191 568 2238 δε
597 2209 722 2237 κατα
751 2193 870 2236 νοῦν
891 2193 953 2249 τῷ

31 2288 35 2290 .
109 2248 386 2306 ξυνιστάντι
425 2253 559 2294 πᾶσα
598 2247 627 2305 ἡ
670 2250 754 2304 τῆς
794 2237 954 2303 ψυχῆς

111 2307 336 2375 ξύστασις
359 2303 624 2376 ἐγεγένητο.

166 2360 417 2418 πότερον
438 2359 467 2418 ἦ
491 2363 559 2418 γῆ
588 2364 675 2405 πλ.
679 2362 693 2416 ]
716 2363 776 2403 De
797 2362 876 2402 hac
895 2374 957 2411 re,

36 2409 38 2411 .
111 2430 158 2462 ut
187 2423 310 2463 docet
330 2422 632 2471 Forsterus,
663 2427 762 2459 ante
783 2418 953 2458 Anaxa·

107 2490 258 2532 goram
298 2477 606 2518 dissentiebant
640 2474 958 2516 Anaximander

111 2541 151 2574 et
174 2534 483 2579 Anaximenes,
512 2532 581 2571 hic
602 2537 756 2571 terram
776 2529 960 2569 faciebat

31 2589 33 2593 ’
107 2590 345 2631 πλατεῖαν
403 2602 440 2630 s.
490 2584 829 2642 τραπεζοειδῆ,
888 2585 959 2624 ille

110 2645 240 2687 κίονι
304 2657 341 2686 s.
405 2645 596 2697 cylindro
664 2642 956 2695 commanebat,

112 2713 319 2766 quorsum
376 2702 587 2754 pertinere
648 2699 816 2739 videtur
872 2708 958 2738 vox

108 2750 389 2811 στρογγύλη.
418 2769 459 2796 v.
488 2756 626 2798 Laert.
657 2756 712 2796 ΙΙ.
742 2755 782 2806 1,
807 2754 848 2795 2.
883 2754 955 2794 ΙΙΙ.

107 2815 153 2852 4.
185 2813 294 2852 Plut.
334 2812 396 2852 De
435 2812 578 2865 placit.
619 2810 728 2864 phil.
767 2810 840 2851 ΙΙΙ.
887 2810 955 2849 10.

110 2869 266 2910 Euseb.
306 2868 458 2920 Praep.
494 2869 570 2910 Ev.
602 2869 636 2907 Ι.
663 2868 704 2909 8.
748 2865 841 2906 Nisi
870 2876 957 2905 ma-

113 2924 240 2963 lueris
291 2935 389 2962 cnm
439 2922 756 2963 Heindorfio
805 2929 958 2974 putare

113 2980 241 3020 verbo
291 2979 496 3018 πλατεῖα
545 2977 734 3019 scholam
771 2978 958 3017 Ionicum

114 3034 346 3087 significat
334 3047 366 3085 1,
388 3033 497 3073 illud
517 3026 777 3096 στρογγυλη
799 3040 954 3080 autem,

112 3090 231 3143 quod
264 3089 466 3140 quoniam
499 3086 557 3142 τῇ
593 3086 797 3141 πλατείᾳ
825 3099 957 3140 oppo-

115 3147 251 3195 nitur,
282 3143 493 3198 σφαίρας
521 3143 590 3183 vel
617 3151 732 3184 certe
761 3153 960 3196 σφαιρο-

112 3200 278 3259 ειδοῦς
306 3201 465 3241 habere
494 3200 659 3240 videtur
687 3198 962 3263 significatio-

116 3270 237 3308 nem,
289 3257 345 3297 ad
393 3255 682 3309 Pythagoreos
731 3255 962 3308 praecipue

115 3320 328 3410 {20032‘5
342 3325 391 3421 ἔ
414 3312 642 3420 {425515‘1
656 3308 962 3415 {eiigio‘iissiffss

115 3422 399 3478 philosophus
449 3435 533 3464 non
583 3424 635 3464 de
669 3421 961 3476 Pythagoreis,

1042 1861 1119 1900 sed
1149 1861 1201 1900 de
1230 1858 1419 1912 physicis
1449 1867 1548 1899 ante
1583 1859 1892 1912 Anaxagoram

1043 1917 1216 1956 excitis.

1096 1986 1145 2027 E.
1180 1980 1231 2025 εἰ
1265 1977 1324 2025 ἒν
1358 1980 1506 2038 μέσῳ
1544 1997 1594 2035 φ
1636 1950 1812 2034 εἶναι]
1840 1983 1894 2024 Ut

1039 2040 1201 2080 familia
1240 2040 1382 2079 Ionica
1422 2048 1462 2080 et
1501 2040 1701 2079 Eleatica.
1750 2039 1893 2081 Laert.

1040 2096 1115 2137 IX.
1146 2098 1186 2138 2.
1234 2095 1344 2147 Plut.
1389 2095 1450 2135 De
1492 2096 1635 2148 placit.
1671 2094 1775 2147 phil.
1817 2095 1892 2135 111.

1039 2149 1193 2195 4.Cio.
1221 2151 1589 2204 Tuso.1.17,28.

1098 2221 1146 2264 P.
1174 2222 1242 2262 98.
1290 2215 1359 2268 ὡς
1400 2213 1599 2262 οὐκέτι
1639 2213 1896 2261 ποθεσό-

1042 2273 1234 2343 μενος]
1280 2277 1419 2329 Vulgo
1455 2277 1678 2330 legebatur
1714 2270 1777 2324 ὡς
1813 2269 1894 2317 οὖ-

1043 2325 1156 2374 κέθ’
1188 2309 1572 2385 ῦποθησόμενος.
1610 2331 1807 2375 Eustath.
1839 2331 1895 2372 ad

1044 2389 1118 2430 Od.
1151 2391 1201 2431 11.
1235 2391 1331 2430 375.
1359 2401 1401 2441 p.
1427 2389 1558 2436 1450,
1589 2389 1662 2428 ubi
1689 2388 1805 2428 hunc
1832 2387 1896 2427 lo-

1044 2457 1141 2484 cum
1161 2457 1322 2485 memm
1325 2452 1379 2494 at
1410 2452 1457 2485 ut
1478 2441 1688 2494 ποθέσαι
1709 2456 1786 2498 pro
1808 2455 1897 2484 πο-

1046 2499 1202 2554 θῆσαι
1244 2503 1432 2541 Atticum
1472 2513 1570 2541 esse
1611 2501 1782 2548 doceat,
1833 2499 1896 2540 sic

1047 2557 1253 2623 scriptum
1314 2556 1505 2597 exhibet·
1568 2550 1639 2603 ὡς
1690 2550 1895 2597 ουκέτι

1044 2608 1315 2654 ποθέσων
1364 2603 1479 2653 αλλο
1538 2606 1667 2660 εἶδος
1717 2607 1893 2658 αἰτίας.

1045 2667 1133 2709 Sed
1171 2680 1268 2708 cum
1308 2669 1391 2708 duo
1432 2668 1554 2708 codd.
1584 2680 1654 2734 ap.
1684 2667 1896 2707 Bekke-

1044 2736 1151 2764 rum
1180 2725 1413 2777 piaebeant
1455 2720 1786 2777 ποθέσόμενος
1824 2735 1897 2763 ea-

1044 2781 1227 2824 demque
1256 2780 1395 2820 foima
1421 2780 1555 2820 futuri
1592 2792 1695 2820 usus
1726 2780 1781 2819 sit
1809 2779 1897 2819 1.-

1045 2837 1131 2876 sias
1168 2838 1207 2876 8.
1248 2837 1321 2883 18,
1373 2849 1459 2876 non
1499 2835 1792 2876 dubitavimus
1834 2847 1899 2883 ως

1046 2885 1204 2933 οὐκέτι
1234 2885 1567 2945 ποθεσόμενος
1595 2892 1761 2932 Platoni
1796 2891 1892 2931 red-

1046 2949 1160 3012 dere,
1184 2949 1326 3000 quod
1316 2961 1460 3001 ipsum
1476 2949 1601 2988 etiam
1618 2948 1654 2987 H
1666 2949 1710 2986 ei
1722 2960 1747 2986 n
1759 2947 1785 2986 d
1799 2959 1852 2986 or
1864 2945 1896 2986 f.

1045 3005 1291 3044 coniectura
1325 3011 1550 3045 assecutus
1588 3011 1689 3043 erat.
1732 3002 1897 3042 Deinde

1045 3060 1101 3100 ad
1128 3051 1251 3101 οὕτω
1279 3060 1354 3100 int.
1385 3074 1447 3108 ως
1483 3052 1644 3101 ουκέτι
1683 3050 1893 3098 ποθεσό-

1045 3128 1186 3169 μενος
1234 3139 1288 3143 -
1329 3110 1458 3163 εἶδος
1507 3124 1633 3164 atque
1674 3106 1894 3161 ὦςαύτως

1047 3178 1113 3211 est
1133 3173 1334 3224 parite1
1355 3179 1512 3221 atque
1534 3176 1708 3212 antea.

1104 3248 1315 3308 τάχους
1356 3267 1414 3295 τε
1454 3251 1585 3305 πέρι
1626 3245 1767 3305 πρὸς
1796 3243 1895 3292 αλ·

1050 3308 1215 3364 ληλα]
1247 3311 1312 3351 De
1343 3311 1638 3350 velocitate
1675 3316 1725 3348 et
1755 3307 1891 3348 cele-

1047 3366 1227 3413 ritate
1266 3378 1397 3417 quae
1428 3366 1546 3406 eius
1577 3364 1717 3405 ratio
1754 3364 1893 3404 inter

1049 3433 1102 3461 ea
1124 3423 1503 3463 intercederet
