2158 3718
363 139 462 175 LVI
978 138 1425 178 PROLEGOMENA

361 274 544 341 getur3
583 285 690 335 qua
725 266 939 334 quidem
976 265 1215 318 oratione
1249 266 1323 330 id,
1362 266 1505 335 quod
1540 266 1595 318 in
1638 266 1751 319 vita
1785 266 2054 320 hominum

361 337 611 401 cernitur,
657 336 799 389 haud
836 335 1064 389 absurde
1103 345 1436 406 comparatur
1473 356 1595 390 cum
1632 336 1899 390 communi
1935 337 2053 408 lege

359 415 580 461 naturae
626 407 929 469 universae,
977 416 1038 457 ut
1073 404 1151 457 illi
1187 415 1456 476 tamquam
1493 426 1632 461 nova
1666 407 1928 478 quaedam
1962 408 2055 461 lux

359 478 680 531 affundatur.
717 477 956 530 Revocat¹
981 486 1156 528 tamen
1193 478 1466 547 proximus
1502 488 1697 543 orator,
1735 478 2053 549 Aristopha-

359 568 471 613 nes,
510 548 942 619 disputationem,
981 546 1120 600 sicut
1155 546 1260 600 fuit
1294 559 1723 613 consentaneum,
1762 568 1950 602 rursus
1987 550 2056 602 ad

359 638 520 672 unam
556 628 801 672 naturam
825 617 1129 690 humanam,
1166 627 1327 688 atque
1357 620 1537 689 lepida
1560 621 1740 675 fabula
1765 619 2058 674 enarranda

358 690 597 742 hilariter
633 687 945 742 etridicule
983 707 1216 742 amorem
1253 689 1542 743 humanum
1567 711 1635 746 ex
1658 691 1888 744 naturali
1922 709 2055 760 quo-

359 761 484 813 dam
519 759 755 813 sexualis
791 759 1117 842 indigentiae
1158 779 1320 813 sensu
1344 759 1567 832 repetit,
1605 771 1668 815 ut
1703 771 1814 816 tota
1836 762 1947 816 fere
1969 780 2057 814 ra-

359 831 433 883 tio
472 831 587 884 eius
623 830 849 902 physica
883 830 1144 884 videatur.
1208 829 1334 899 Quo
1371 832 1513 886 facto
1551 833 1782 902 denique
1818 832 2057 906 Agathe,

360 902 561 955 comico
605 911 796 972 poetae
840 901 1028 954 ordine
1077 903 1398 966 succedenS,
1454 903 1570 956 eius
1619 903 1843 966 amoriS,
1899 922 2059 973 quem

358 972 519 1026 etiam
559 971 841 1026 Phaedrus
879 981 934 1026 et
968 971 1264 1027 Pausanias
1300 973 1688 1038 intellexerant,
1724 973 1911 1027 laudes
1947 969 2058 1026 tra-

358 1044 477 1114 gice
512 1043 746 1112 quidem,
785 1044 880 1097 sed
917 1043 1155 1097 admixto
1187 1044 1316 1097 item
1339 1044 1485 1098 inani
1514 1045 1833 1117 sophisticae
1858 1053 1913 1098 et
1935 1043 2061 1097 rhe-

360 1114 721 1169 toricae‘fuco
759 1112 1005 1168 celebrat.
1042 1113 1234 1184 Itaque
1260 1134 1443 1170 omnes
1468 1135 1531 1169 ac
1569 1116 1784 1186 singuli,
1823 1125 1885 1168 ut
1919 1115 2058 1167 dixi-

360 1204 498 1249 mus,
534 1185 592 1237 in
617 1204 678 1240 eo
703 1184 994 1248 elaborant,
1032 1194 1092 1238 ut
1117 1185 1312 1239 amoris
1335 1186 1490 1257 probi
1525 1196 1578 1240 et
1601 1185 1808 1240 honesti
1833 1186 2060 1239 virtutes

360 1264 520 1325 atque
557 1256 698 1310 bona
733 1257 790 1309 in
824 1255 1112 1314 illustriore.
1147 1258 1266 1311 luce
1306 1258 1578 1312 collocent.
1623 1257 1711 1310 Ex
1748 1276 1855 1328 quo
1890 1276 2059 1327 appa-

359 1335 441 1380 ret
483 1326 763 1380 Platonem
805 1327 889 1380 his
934 1327 1264 1381 orationibus
1301 1329 1577 1401 vulgarem
1627 1347 1861 1382 amorem
1908 1346 2059 1381 eum-

361 1417 467 1466 que
493 1406 699 1451 ca-stum
723 1407 886 1468 atque
910 1397 1140 1469 probum
1164 1398 1470 1453 adumbrari
1493 1399 1744 1463 voluisse,
1766 1398 1859 1468 qui
1878 1398 2060 1452 divino

359 1468 435 1521 illi
484 1477 586 1521 tam
626 1488 750 1523 uam
797 1489 864 1523 ex
909 1469 1075 1522 altera
1120 1479 1273 1539 parte
1318 1470 1392 1523 ita
1436 1479 1576 1524 esset
1622 1470 1930 1541 oppositus,
1980 1477 2060 1533 ut,

359 1558 526 1608 quum
561 1540 637 1592 ili
674 1540 944 1594 videretur
983 1541 1298 1604 contrarius,
1339 1549 1516 1595 tamen
1552 1541 1683 1594 item
1719 1560 1840 1594 cum
1877 1559 1940 1594 eo
1973 1539 2059 1592 in-

359 1611 550 1664 teriore
587 1611 816 1680 quadam
854 1612 1214 1664 contineretur
1259 1612 1630 1666 coniunctione
1666 1630 1729 1665 ac
1763 1610 2058 1665 necessitu-

363 1681 506 1735 dine.
546 1680 635 1734 De
671 1701 778 1751 qua
814 1682 1031 1751 quidem
1060 1683 1338 1751 utriusque
1364 1682 1738 1736 contrarietate
1775 1701 1837 1736 ac
1872 1701 2059 1736 neces-

363 1751 595 1805 situdine
632 1753 874 1806 videmur
909 1753 1016 1805 iam
1051 1752 1107 1805 in
1147 1753 1510 1823 superioribus
1555 1754 1685 1808 sat-is
1723 1753 2056 1825 exposuisse,

360 1832 423 1875 ut
457 1822 560 1876 hoc
595 1824 712 1877 loco
752 1823 817 1876 de
855 1843 918 1877 ea
952 1823 1084 1877 nihil
1121 1825 1426 1877 addendum
1465 1826 1547 1878 sit.

429 1892 506 1947 At
543 1894 684 1947 enim
719 1913 845 1947 vero
882 1894 1090 1948 etiamsi
1125 1895 1226 1948 hoc
1259 1896 1362 1949 illis
1399 1894 1728 1949 orationibus
1754 1894 1868 1948 sine
1893 1893 2059 1948 dubio

358 1964 695 2035 propositum
732 1965 818 2029 sit,
855 1974 1063 2018 tantum
1100 1974 1279 2020 tamen
1323 1965 1495 2031 abest,
1545 1975 1606 2020 ut
1649 1985 1736 2020 res
1781 1965 1836 2018 in
1882 1965 2057 2020 disce-

359 2036 654 2106 ptationem
696 2045 886 2090 vocata
931 2036 1163 2090 dilucide
1212 2038 1510 2109 explicetur
1554 2046 1648 2092 aut
1693 2036 1761 2090 ad
1797 2035 2060 2105 liquidum

275 2166 280 2171 ,
360 2107 702 2177 perducatur,
740 2115 802 2160 ut
835 2107 1140 2180 legentibus
1177 2108 1290 2162 eius
1329 2117 1598 2178 tamquam
1625 2107 1830 2178 species
1857 2116 2061 2160 tantum

363 2186 415 2231 et
451 2178 615 2231 veluti
641 2176 831 2231 umbra
855 2178 1183 2232 exhibeatur.
1219 2178 1357 2232 Nam
1381 2180 1748 2249 unusquisque
1773 2178 2061 2232 dicentium

360 2249 674 2319 particulam
723 2258 930 2302 tantum
973 2251 1111 2313 veri,
1160 2249 1384 2304 subinde
1436 2252 1595 2304 etiam
1642 2249 1790 2302 miris
1836 2249 2060 2321 argutiis

361 2319 706 2383 obfuscatam,
725 2319 782 2372 in
806 2320 1040 2373 medium
1064 2321 1238 2374 affert.
1279 2319 1642 2388 Quamobrem
1663 2319 1912 2374 Socrates
1938 2339 2058 2372 ora-

362 2390 519 2443 tionis
559 2410 683 2444 suae
722 2390 985 2461 principio
1021 2391 1139 2445 illos
1177 2388 1362 2445 omnes
1398 2394 1569 2447 facete
1607 2391 1825 2446 deludit.
1885 2390 2058 2444 Nimi-

360 2480 481 2514 rum
516 2471 760 2514 versatur
796 2480 943 2514 amor
978 2461 1099 2526 iste,
1146 2462 1236 2532 qui
1276 2463 1604 2535 depingitur,
1652 2462 1806 2516 unice
1850 2461 1907 2514 in
1943 2462 2058 2532 opi-

360 2533 519 2585 nione
545 2532 721 2603 (ὂὸξῃ)
747 2551 920 2602 neque
957 2533 1169 2604 attingit
1203 2533 1473 2588 absolutae
1511 2533 1750 2588 veritatis
1783 2533 2059 2586 scientiam

363 2602 704 2671 (ἐπιστήμην).
770 2602 947 2671 Quam
984 2603 1052 2656 ob
1089 2623 1203 2656 rem
1242 2614 1386 2657 tanta
1424 2614 1613 2677 regnat
1647 2604 1787 2656 inter
1823 2602 2059 2656 dicentes

363 2673 431 2725 de
481 2691 544 2725 eo
591 2673 909 2726 iudiciorum
959 2673 1188 2725 varietas
1236 2684 1488 2742 tantaque
1540 2673 1918 2728 sententiarum
1955 2672 2056 2726 flu-

363 2743 580 2806 ctuatio,
626 2751 685 2795 ut
732 2743 821 2795 alii
866 2743 1019 2795 aliter
1064 2743 1130 2795 de
1179 2762 1242 2795 eo
1290 2753 1528 2797 statuant
1563 2763 1739 2814 neque
1776 2743 2058 2813 quisquam

362 2811 430 2864 de
469 2813 583 2864 eius
621 2814 673 2864 vi
710 2822 763 2864 et
799 2821 987 2865 natura
1023 2821 1228 2866 certum
1266 2824 1543 2885 expromat
1579 2814 1851 2867 iudicium.

433 2881 663 2935 Accedit
707 2901 832 2935 vero
881 2884 950 2935 ad
995 2883 1141 2945 haec,
1193 2885 1335 2952 quod
1381 2885 1471 2954 qui
1518 2886 1681 2940 verba
1726 2885 1926 2938 faciunt
1961 2904 2059 2939 nec

363 2952 471 3006 ullo
507 2953 662 3006 modo
701 2963 882 3006 tenent
918 2963 1082 3007 artem
1122 2954 1280 3019 illam,
1318 2973 1454 3024 quae
1491 2976 1599 3010 una
1635 2957 1776 3010 valet
1811 2955 1880 3008 ad
1926 2975 2054 3027 cog-

363 3024 683 3077 noscendam
727 3025 1002 3078 veritatem
1051 3025 1353 3096 plurimum.
1425 3026 1508 3079 Ea
1552 3047 1679 3081 vero
1727 3035 1808 3080 est
1845 3026 2054 3080 diale-

365 3094 555 3148 ctica.
606 3093 760 3161 Quae
797 3115 961 3164 quum
998 3096 1211 3149 omnino
1248 3097 1360 3149 veri
1400 3108 1451 3150 et
1488 3098 1610 3151 boni
1648 3091 1953 3169 indagatrix
1989 3097 2056 3150 sit.

366 3165 678 3229 certissima,
721 3175 830 3219 tum
869 3167 1044 3229 etiam,
1084 3176 1144 3220 ut
1179 3167 1283 3220 iam
1311 3187 1472 3240 supra
1498 3169 1930 3241 significavimt1S‚
1969 3187 2055 3220 ars

367 3246 443 3289 est
490 3249 639 3290 vere
686 3237 1026 3301 amatoria,
1076 3239 1501 3308 quandoquidem
1548 3242 1805 3293 immenso
1850 3238 1924 3292 illi
1962 3258 2051 3291 ae-

368 3317 549 3363 ternae
589 3308 958 3378 pulcritudinis
998 3309 1276 3375 desiderio,
1315 3329 1422 3381 quo
1452 3312 1657 3366 animus
1684 3310 1908 3364 amantis
1934 3309 2051 3383 phi-
