2158 3718
278 123 343 174 16
479 127 485 131 ·
603 86 608 91 ’
904 115 1390 168 PROLEGOMENA

275 273 375 324 tuS,
413 266 587 331 quibus
622 267 780 317 affecti
815 266 958 317 fatale
992 269 1084 316 iter
1119 267 1473 332 ingrediantur.
1536 270 1692 334 Atque
1726 268 1803 319 his
1837 269 2032 334 quidem

275 337 418 386 dictis
444 337 671 387 Socrates
705 338 836 388 addit
872 338 1250 401 descriptionem
1285 344 1461 389 terrae.
1513 338 1871 390 Discernuntur
1905 341 2034 390 enim

274 415 375 457 tres
399 414 561 458 terrae
586 410 829 473 regioneS,
855 425 914 458 ex
935 408 1111 472 quibus
1130 409 1340 460 mediam
1368 425 1572 475 eamque
1598 426 1712 461 vere
1738 411 2033 461 mediocrem

273 478 497 529 homines
531 480 773 537 incolunt,
810 480 1115 545 superiorem
1153 480 1381 530 omnibus
1416 481 1660 531 beatitatis
1686 483 1838 547 copiis
1862 481 2033 546 largis-

273 551 394 599 sime
430 551 660 600 refertam
697 552 844 600 animi
878 552 1071 615 piorum
1101 557 1292 609 tenent,
1334 552 1614 602 inferiorem
1642 567 1878 618 perquam
1903 551 2032 603 illam

270 622 459 671 tristem
487 627 535 671 et
559 621 810 670 horridam
836 623 1097 686 impiorum
1118 637 1288 672 manes
1312 622 1653 673 lustrationum
1681 639 1737 673 ac
1761 635 2032 690 poenarum

272 706 415 741 causa
463 692 1039 757 inhabitare'coguntur.
1101 693 1320 759 Denique
1363 695 1624 758 suscipitur
1668 695 1929 761 disputatio
1975 695 2035 744 de

270 763 402 812 varia
428 764 647 819 fortuna,
688 778 831 827 quam
860 765 1006 814 animi
1040 780 1131 830 pro
1168 765 1266 814 suis
1293 765 1472 830 quique
1498 765 1669 815 studiis
1695 781 1751 815 ac
1775 765 2035 816 virtutibus

271 838 380 897 post
413 839 621 884 mortem
659 834 865 884 subituri
903 836 1010 885 sint.
1085 835 1207 885 Nam
1245 837 1326 901 qui
1362 836 1676 886 mediocriter
1711 836 1957 894 vixerunt,
2003 837 2035 886 ii

268 909 526 969 postquam
562 904 620 954 ad
663 904 893 970 paludem
935 906 1254 957 Acherusiam
1300 921 1406 957 sese
1453 908 1791 972 expiaverunt,
1837 907 2033 957 tandem

269 973 462 1025 liberati
487 976 764 1026 mercedem
788 983 922 1027 recte
949 978 1190 1027 factorum
1228 992 1317 1042 pro
1345 978 1442 1028 suis
1468 979 1673 1044 quisque
1697 978 1884 1028 meritis
1909 979 2034 1028 acci-

269 1047 423 1110 piunt.
477 1046 573 1096 Sed
609 1047 664 1105 ii,
703 1048 785 1111 qui
818 1049 1045 1098 vixerunt
1080 1048 1315 1099 scelerate
1353 1056 1400 1099 et
1443 1049 1705 1112 flagitiose,
1750 1051 1791 1099 si
1832 1063 2035 1114 prorsus

269 1117 492 1167 videntur
517 1118 811 1168 insanabiles
838 1134 958 1179 esse,
985 1121 1035 1169 in
1058 1121 1316 1170 Tartarum
1344 1121 1550 1170 coniecti
1575 1121 1787 1171 aeternis
1813 1121 2033 1170 crucian-

271 1194 349 1237 tur
374 1188 645 1253 suppliciiS,
674 1205 883 1254 quorum
911 1191 1072 1241 nullus
1097 1206 1311 1256 unquam
1337 1191 1446 1240 finis
1473 1197 1559 1250 est,
1587 1193 1661 1242 sin
1688 1197 1847 1241 autem
1874 1193 2035 1241 sanari

271 1266 479 1324 queunt,
517 1267 761 1323 coguntur
798 1262 992 1326 quidem
1032 1263 1124 1327 ipsi
1161 1277 1356 1327 quoque
1393 1261 1528 1312 abire
1554 1263 1603 1311 in
1629 1262 1909 1320 Tartarum,
1949 1262 2035 1312 sed

271 1345 400 1380 anno
429 1336 598 1380 exacto
624 1330 700 1380 vel
727 1333 776 1381 in
803 1332 1037 1398 Cocytum
1061 1333 1137 1382 vel
1162 1334 1211 1381 in
1237 1332 1751 1398 Pyriphlegethontem
1778 1334 2036 1383 eiiciuntur

270 1402 570 1466 veniuntque
627 1402 740 1452 inde
794 1404 991 1453 tandem
1037 1405 1152 1454 item
1190 1404 1249 1453 ad
1294 1404 1519 1469 paludem
1568 1404 1907 1462 Acherusiam,
1952 1403 2037 1454 ubi

271 1473 478 1538 denique
515 1474 574 1523 de
610 1475 806 1523 fortuna
839 1476 1057 1539 ipsorum
1093 1475 1388 1525 decernitur.
1441 1475 1619 1525 Contra
1656 1476 1738 1540 qui
1781 1476 2037 1539 insigniter

269 1545 348 1608 pie
375 1550 644 1609 sancteque
671 1547 919 1603 vixerunt,
950 1545 1008 1596 ab
1035 1547 1138 1595 istis
1164 1547 1214 1594 in
1240 1551 1372 1596 terra
1399 1545 1522 1595 locis
1547 1546 1820 1596 liberantur
1846 1561 1900 1596 ac
1927 1562 2035 1596 sur·

269 1630 377 1664 sum
414 1616 462 1664 in
497 1631 676 1680 purum
713 1617 1010 1667 domicilium
1037 1619 1339 1681 perveniunt.
1393 1617 1523 1667 Inter
1551 1633 1634 1667 eos
1659 1633 1775 1667 vero
1803 1617 2037 1682 singulari

269 1686 500 1736 fruuntur
525 1686 754 1737 felicitate
779 1689 835 1744 ii,
865 1690 946 1754 qui
974 1704 1081 1739 sese
1107 1689 1416 1754 philosophia
1445 1690 1559 1737 satis
1584 1685 1984 1754 purgaverunt1).

411 1758 515 1817 Qua
550 1760 830 1808 narratione
868 1759 1090 1809 absoluta
1126 1761 1219 1809 hoc
1265 1760 1368 1809 sere
1404 1761 1549 1809 modo
1594 1761 1813 1824 perrexit
1856 1759 2035 1809 dicere.

269 1828 401 1879 Haec
434 1830 581 1894 igitur
615 1845 726 1879 cum
761 1831 825 1880 ita
863 1832 981 1888 sint,
1032 1847 1059 1879 o
1096 1831 1262 1886 amici,
1312 1831 1405 1879 hoc
1441 1832 1651 1880 maxime
1687 1845 1832 1894 agere
1869 1845 2038 1880 omnes

271 1901 434 1958 (lecet,
470 1907 524 1949 ut
557 1902 748 1950 virtutis
784 1917 839 1951 ac
866 1903 1132 1967 sapientiae
1159 1903 1207 1950 in
1234 1901 1325 1951 hac
1352 1902 1445 1951 vita
1471 1903 1734 1967 participes
1761 1901 2035 1951 evadamus

270 1973 581 2036 Propositum
619 1979 691 2022 est
726 1973 854 2022 enim
891 1988 1121 2038 magnum
1161 1973 1438 2022 certaminis
1464 1974 1736 2037 praemium
1763 1987 2038 2038 magnaque

271 2058 397 2107 spes,
462 2043 767 2108 Quamquam
814 2050 975 2093 autem
1021 2050 1330 2094 mortuorum
1382 2044 1721 2093 condicionem
1758 2059 1862 2092 eam
1913 2045 2036 2100 fore,

272 2129 416 2180 quam
458 2113 717 2179 descripsi,
756 2115 885 2164 haud
926 2122 1060 2165 certo
1099 2115 1468 2172 affirmaverim,
1507 2122 1668 2164 tamen
1703 2114 1796 2163 hoc
1830 2115 2038 2164 maxima

272 2186 629 2235 asseveratione
667 2186 908 2236 contendo
945 2186 1159 2236 futuram
1195 2188 1351 2251 ipsam
1382 2201 1488 2236 esse
1522 2185 1590 2235 illi
1625 2185 1854 2243 similem,
1895 2191 1941 2235 et
1976 2186 2039 2234 ita

273 2271 515 2322 quemque
551 2258 658 2307 fore
694 2256 1053 2315 beatissimum,
1093 2263 1149 2307 ut
1183 2272 1235 2307 se
1270 2258 1479 2307 maxime
1506 2273 1529 2306 a
1558 2258 1783 2306 vitiorum
1811 2255 1922 2307 labe
1948 2272 2038 2322 pu-

270 2343 381 2378 rum
411 2334 695 2393 castumque
721 2330 1000 2389 servaverit.
1051 2329 1112 2378 Et
1140 2345 1221 2379 vos
1248 2329 1442 2393 quidem
1470 2344 1557 2378 suo
1586 2328 1789 2393 quisque
1815 2334 2038 2392 tempore

271 2398 385 2449 illuc
422 2399 704 2456 discedetis;
743 2400 862 2449 mihi
896 2415 1012 2450 vero
1049 2415 1181 2449 nunc
1219 2399 1498 2450 abeundum
1538 2406 1624 2449 est.
1687 2400 1927 2458 Quocirca
1962 2414 2040 2448 me

270 2472 364 2520 iam
403 2471 462 2520 ad
498 2471 746 2521 lavacrum
784 2477 1088 2531 convertam,
1133 2487 1195 2521 ne
1239 2476 1462 2520 mortuus
1505 2470 1610 2520 aliis
1653 2471 1845 2535 negotia
1886 2470 2039 2520 faces-

271 2557 374 2591 sam
391 2538 447 2608 2).

414 2613 538 2662 Tum
565 2613 723 2671 Crit0,
751 2614 893 2663 nobis
919 2629 1061 2671 ver0,
1089 2615 1271 2678 inquit,
1300 2628 1327 2661 o
1357 2612 1578 2669 Socrate,
1609 2612 1722 2676 quid
1750 2612 1966 2671 mandaS‚
1995 2620 2042 2663 et

275 2684 519 2748 quomodo
568 2685 637 2732 vis
681 2690 735 2733 ut
777 2691 825 2733 te
870 2685 1191 2748 sepeliamus?
1241 2683 1720 2747 Quomodocunqne,
1769 2684 2038 2748 respondit,

273 2754 410 2804 vobis
436 2753 646 2810 libuerit,
682 2756 721 2802 si
756 2755 902 2805 modo
929 2771 1006 2804 me
1044 2770 1220 2819 capere
1244 2756 1514 2819 potueritis.
1569 2753 1720 2803 Simul
1751 2760 1910 2804 autem
1938 2754 2039 2820 pla-

277 2825 384 2875 cido
419 2824 660 2888 hilarique
698 2825 830 2875 vultu
868 2841 957 2874 nos
994 2828 1212 2882 intuenS,
1264 2825 1454 2883 videor,
1491 2826 1673 2890 inquit,
1715 2826 1898 2875 Critoni
1942 2841 2039 2874 non

274 2912 420 2962 posse
454 2896 754 2961 persuadere
791 2912 869 2945 me
908 2912 1005 2946 non
1042 2912 1147 2947 esse
1186 2897 1421 2955 eundem,
1461 2913 1603 2961 quem
1631 2896 1767 2946 brevi
1793 2902 2039 2946 mortuum

275 2967 513 3018 videbitis.
567 2967 687 3016 Nam
728 2969 919 3017 animus
956 2984 1094 3018 meus
1129 2967 1213 3017 nbi
1249 2968 1529 3018 discesserit
1575 2985 1633 3018 ex
1678 2968 1773 3017 hoc
1815 2983 2037 3032 corpore,

275 3054 374 3088 non
414 3038 619 3104 amplius
659 3039 912 3088 Socratem
950 3039 1214 3098 habebitis,
1260 3039 1342 3089 sed
1391 3041 1493 3089 eius
1536 3055 1712 3105 corpus
1748 3045 2037 3089 emortuum.

276 3110 431 3174 Igitur
456 3109 588 3159 bono
616 3111 776 3159 animo
815 3112 907 3166 εἰς,
935 3112 998 3159 mi
1027 3111 1183 3169 Crito,
1212 3125 1334 3160 neve
1362 3110 1551 3168 doleaS‚
1582 3127 1692 3160 cnm
1718 3110 1897 3159 videris
1935 3125 2039 3159 cor-

276 3196 368 3245 pus
395 3196 557 3230 meum
587 3183 795 3230 cremari
820 3181 894 3231 vel
924 3182 1142 3238 humari;
1179 3197 1338 3247 neque
1378 3183 1503 3232 enim
1534 3183 1758 3232 Socrates
1784 3182 1885 3244 ipse
1911 3182 2038 3246 peri—

276 3253 362 3301 bit.
429 3253 617 3316 Corpus
652 3258 812 3302 autem
849 3269 1010 3303 meum
1050 3252 1256 3317 sepelies
1305 3255 1387 3310 ita,
1437 3261 1488 3302 ut
1523 3253 1611 3303 tibi
1654 3251 1904 3316 placuerit.
1956 3252 2040 3301 His

393 3422 432 3475 1)
466 3423 516 3464 P.
553 3425 630 3463 107
661 3424 696 3462 B
730 3446 782 3451 -
816 3425 895 3463 114
927 3423 975 3464 O.

390 3480 434 3534 2)
466 3480 517 3522 P.
553 3479 631 3518 114
662 3480 702 3520 D
737 3503 785 3507 -—
820 3482 899 3520 115
932 3481 981 3523 Α,
