2158 3718
117 150 154 158 -
762 137 842 174 AD
882 137 1238 175 SYMPOSIUM.
1730 141 1832 177 LXI

162 264 529 338 Gesprc'ioks
565 267 670 327 ist,
708 267 819 317 und
842 284 939 316 uns
976 267 1075 317 den
1104 264 1352 323 Soekrates
1377 266 1614 317 darstellt
1636 267 1692 317 in
1716 269 1831 319 dem

153 337 578 391 unermzzdlichen
614 335 772 406 Eifer
808 338 901 388 der
936 336 1296 405 Betraclztuny
1333 338 1443 388 und
1478 338 1533 388 in
1571 337 1832 407 derfreu-

154 411 310 479 ἀέρθη
346 408 699 476 Mittheiluny,
749 408 806 458 in
844 409 937 458 der
987 406 1311 477 Veraelztuny
1350 409 1443 459 der
1488 404 1691 477 Gefahr
1726 411 1835 461 und

152 481 210 532 in
264 481 359 532 der
400 477 720 547 Herrschaft
771 478 898 530 iiber
953 479 1036 529 die
1090 485 1335 546 ausser-en
1378 477 1577 547 Dium,
1631 480 1700 541 in=
1743 481 1836 530 der

154 550 400 607 Reinheit
435 550 568 601 aller
604 550 773 600 seiner
811 547 1210 618 Verbindunyen
1242 550 1353 600 und
1375 550 1432 601 in
1456 550 1625 600 seiner
1648 550 1835 601 innern

169 617 501 672 Gattlichkeit
541 628 692 671 mater
740 621 857 671 dem
906 619 1120 671 Zeickten
1155 621 1265 671 und
1284 619 1587 688 fro'hlz'clzen
1627 619 1836 682 Sclzein,

154 692 283 743 kurz
317 692 375 745 in
412 692 506 742 der
539 690 860 742 vollendeten
903 689 1222 760 Taehtz'ylceit
1257 692 1345 742 des
1369 689 1561 742 Leibes
1596 693 1706 743 und
1743 693 1838 743 der

158 760 304 814 Seele
347 763 460 813 und
507 761 619 812 also
666 763 755 813 des
800 779 1003 831 yanzen
1039 760 1310 813 Leben8.'’
1363 759 1524 813 Haec
1551 760 1717 831 igitur
1750 761 1837 814 ille

153 831 222 884 de
256 830 442 884 ultimo
479 831 655 912 operis
693 830 911 883 consilio
948 839 1104 899 atque
1138 831 1259 883 fine.
1306 827 1367 883 Si
1404 849 1529 900 vero
1567 831 1839 900 quaeritur

153 901 221 955 de
256 900 729 955 declamationibus
773 900 877 954 illis
914 900 1182 954 amatoriis
1230 920 1262 953 a
1296 900 1565 970 prioribus
1601 902 1837 971 quinque

153 971 455 1025 oratoribus
491 971 745 1035 recitatis,
794 979 974 1024 censet
1007 971 1124 1024 illas
1160 971 1243 1024 vir
1277 971 1529 1042 egregius
1566 973 1635 1024 ad
1669 972 1835 1041 Lysi-

154 1042 280 1095 demv
311 1042 618 1095 referendas
654 1060 788 1104 esse,
826 1060 985 1110 quem
1022 1041 1294 1111 dialogum
1330 1041 1445 1111 ipse
1468 1041 1714 1105 Phaedro
1739 1062 1835 1113 ap-

154 1112 394 1184 pendicis
411 1120 413 1122 ’
429 1112 543 1164 loco
581 1111 919 1164 subiunctum
955 1111 1138 1164 voluit.
1185 1110 1324 1163 Nam
1360 1130 1493 1180 quae
1528 1112 1586 1164 in
1629 1111 1839 1182 Lyside

155 1190 533 1236 enumerentur
576 1190 629 1235 et
677 1189 1034 1254 coarguantur
1081 1181 1430 1234 amicitiarum
1468 1201 1704 1248 caussae,
1751 1203 1841 1237 eas

155 1253 230 1306 ait
263 1252 350 1306 hic
374 1272 558 1306 omnes
583 1252 980 1306 commemorari
1014 1270 1077 1306 ac
1101 1252 1275 1305 denuo
1299 1253 1582 1306 recenseri.
1623 1252 1841 1325 Quippe

154 1323 460 1377 Phaedrum
493 1324 569 1376 ita
605 1323 868 1376 dicentem
903 1322 1102 1386 induci,
1139 1331 1201 1375 ut
1226 1342 1471 1376 caussam
1495 1324 1689 1377 amoris
1715 1325 1840 1378 (1611-Γ

155 1403 270 1448 seat
310 1394 486 1448 inesse
527 1394 585 1446 in
630 1393 953 1465 appetitione
996 1393 1151 1456 boni3
1198 1393 1524 1447 Pausaniam
1567 1395 1644 1447 ita
1679 1395 1844 1449 verba

116 1524 118 1526 ‚
158 1464 353 1528 facere,
388 1474 451 1518 ut
485 1465 710 1518 eandem
743 1464 888 1517 illam
925 1473 1144 1534 quaerat
1178 1464 1235 1517 in
1273 1464 1644 1529 si1nilitudine3
1694 1465 1840 1536 Ery-

155 1535 457 1589 ximachum
508 1535 673 1589 illam·
705 1553 902 1606 ponere
955 1535 1013 1587 in
1039 1535 1495 1593 ‚dissimilitudine
1550 1546 1603 1589 et
1654 1536 1842 1590 habitu

157 1606 448 1671 contrari03
487 1606 714 1675 denique
749 1605 1165 1677 Aristophanem
1206 1625 1356 1658 suam
1389 1607 1701 1660 sententiam
1735 1626 1844 1661 non

155 1677 230 1730 in'
249 1676 482 1730 medium
507 1676 761 1747 proferre,
801 1677 894 1729 sed
920 1676 1118 1730 comice
1143 1676 1316 1730 ridere
1350 1696 1458 1740 eOS,
1497 1677 1589 1746 qui
1612 1697 1844 1732 amorem

156 1766 222 1800 eo
258 1747 444 1801 'referri
481 1747 833 1811 censuissent,
870 1756 931 1799 ut
955 1747 1258 1801 coniunctio
1284 1767 1404 1800 cum
1429 1766 1510 1811 ec,
1535 1749 1680 1817 quod
1703 1758 1845 1802 esset

155 1818 416 1888 cuiusque
451 1818 742 1889 proprium,
782 1817 1096 1871 efficeretur.
1133 1817 1288 1870 Haec
1323 1817 1487 1890 igitur
1521 1816 1842 1872 Schleier-

157 1889 523 1942 macherus.
566 1886 677 1955 Qui
712 1907 847 1957 quae
884 1888 1089 1941 addidit
1124 1895 1400 1957 praeterea
1434 1889 1501 1940 ad
1528 1890 1843 1942 sententiam

161 1978 315 2013 suam
337 1961 424 2014 vel
448 1960 806 2013 exornandam
824 1960 910 2012 vel
934 1958 1365 2022 confirmandam,
1392 1977 1470 2022 ea,
1497 1978 1564 2012 ne
1589 1960 1840 2030 prolixior

159 2030 349 2084 evadat
383 2039 566 2084 nostra
600 2030 860 2094 narratio,
912 2029 1119 2083 silentio
1163 2029 1585 2099 praetermisisse
1631 2032 1842 2084 consul-

162 2110 274 2154 tum
310 2101 580 2153 duximus
618 2100 879 2164 Praestat,
919 2100 1125 2182 opinor,
1152 2101 1338 2169 paucis
1365 2099 1712 2172 significasse,
1751 2121 1846 2163 cur

160 2190 194 2222 a
237 2170 341 2223 viri
385 2171 576 2224 summi
615 2171 873 2224 sententia
909 2171 1288 2224 discedendum
1334 2190 1451 2224 esse
1490 2173 1844 2225 statuerimus.

160 2240 379 2294 Etenim
421 2242 653 2311 primum
701 2241 915 2310 quidem
960 2241 1026 2295 de
1072 2240 1341 2294 amatoriis
1376 2241 1480 2294 illis
1517 2242 1845 2295 orationibus

161 2311 316 2364 aliter
351 2312 510 2395 plane
546 2319 704 2380 atque
738 2311 826 2364 ille
864 2311 1242 2375 existimamus,
1279 2330 1412 2380 quas
1446 2330 1545 2376 nec
1581 2331 1702 2365 cum
1726 2312 1843 2382 Ly-

163 2382 277 2435 side
314 2382 525 2453 dialogo
562 2382 669 2435 ullo
703 2382 861 2435 modo
898 2382 1181 2435 cohaerere
1218 2381 1373 2435 nobis
1409 2400 1724 2452 persuasum
1748 2393 1844 2438 est.

162 2451 377 2506 Deinde
413 2449 702 2522 Symposio
738 2461 798 2506 ut
833 2453 1181 2506 concedamus
1213 2451 1415 2522 aliquid
1437 2453 1847 2507 necessitudinis

162 2542 285 2577 cum
319 2522 607 2577 Phaedone
642 2523 986 2587 intercedere,
1024 2541 1344 2593 quamquam
1378 2523 1516 2577 hanc
1549 2524 1724 2595 ipsam
1748 2544 1842 2578 ne-

162 2592 537 2647 cessitudinem
559 2613 817 2665 perquam
841 2594 1090 2664 exiguam
1115 2612 1231 2647 esse
1255 2594 1640 2658 contendimus,
1672 2603 1866 2648 tamen

163 2663 305 2717 idem
339 2664 472 2718 illud
507 2684 615 2718 una
650 2683 772 2719 cum
805 2663 1091 2718 Phaedone
1125 2664 1311 2717 referri
1357 2664 1426 2717 ad
1464 2663 1771 2738 Sophistam
1795 2675 1849 2719 et

166 2733 452 2789 Politicum
486 2735 642 2806 plane
679 2744 760 2790 est
794 2734 1121 2788 incredibile.
1158 2734 1298 2788 Nam
1321 2734 1535 2789 Politici
1573 2745 1625 2789 et
1649 2735 1847 2807 Sophi-

166 2813 279 2859 stae
303 2815 676 2876 argumentum
711 2825 743 2858 a
768 2803 1051 2876 Symposio
1076 2815 1129 2858 et
1153 2805 1439 2859 Phaedone
1461 2806 1654 2860 mirum
1678 2818 1847 2877 quan-

167 2884 279 2928 tum
325 2875 589 2940 abhorret,
637 2885 698 2929 ut
743 2895 842 2930 nec
885 2877 978 2946 qui
1022 2876 1097 2930 ibi
1152 2876 1479 2948 promittitur
1533 2878 1745 2949 sapiens
1801 2878 1849 2931 is

169 2944 259 3007 sit,
295 2945 388 3012 qui
425 2947 717 2999 secundum
753 2945 1434 3001 Schleiermacherum
1468 2948 1525 3001 in
1560 2948 1847 3002 Phaedone

170 3022 225 3067 et
253 3011 536 3084 Symposio
560 3016 872 3069 informatus
897 3026 994 3079 est,
1034 3016 1128 3070 sed
1151 3018 1327 3087 potius
1352 3018 1675 3082 dialecticuS,
1714 3037 1845 3086 qua-

169 3086 234 3138 lis
269 3085 326 3137 in
359 3084 676 3139 Parmenide
714 3085 1008 3139 exhibetur.
1063 3086 1311 3158 Denique
1357 3109 1424 3142 ne
1468 3089 1599 3142 illud
1635 3088 1845 3157 quidem

171 3153 326 3208 nobis
375 3155 587 3208 videtur
632 3174 756 3208 vere
803 3156 1111 3220 iudicatum,
1130 3176 1275 3224 esse,
1323 3178 1427 3229 quo
1471 3178 1578 3212 uno
1622 3157 1847 3210 maxime

172 3223 765 3279 Schleiermacheri
829 3227 963 3279 ratio
1009 3226 1239 3295 nititur,
1303 3249 1512 3283 omnem
1577 3226 1847 3298 Symposii

176 3315 433 3350 summam
480 3304 747 3367 postremo
794 3315 856 3350 eo
903 3297 1092 3363 redire,
1139 3310 1205 3354 ut.
1237 3301 1414 3371 imago
1451 3308 1607 3368 atque
1646 3298 1847 3369 species
