2158 3718
1011 139 1332 186 PLATONIS

228 160 230 162 ·
299 136 401 192 158

296 276 651 349 ἀπόλλυμεν,
699 272 851 351 ᾇπερ
899 281 993 334 καὶ
1042 281 1427 352 λαμβάνομεν;
1473 281 1510 351 ἢ
1557 284 1698 351 ἔχεις
1733 280 1910 338 ἄλλον
1945 282 2072 340 τινὰ

296 365 476 418 εἰπεῖν
525 364 756 436 χρόνον;
824 362 1125 435 Οὐδαμῶς,
1189 359 1236 420 ὦ
1286 365 1614 437 Σώκρατες,
1677 364 1804 422 ἀλλ’
1860 371 2071 424 ἔλαθον

296 448 542 519 ε’μαυτόν
579 447 749 504 οὐδὲν
787 449 976 503 εἰπών.
1840 507 1845 512 ,

436 539 551 604 Cap.
591 537 737 588 XXII.
804 527 922 603 Ἆρ’
963 526 1070 588 οὖν
1107 531 1286 598 οὕτως
1323 537 1454 605 ἔχει,
1494 537 1622 605 ἔφη,
1660 533 1814 606 ἡμῖν,
1853 531 1901 591 ὦ
1925 543 2069 608 Σιμ-

293 621 415 689 μία;
466 621 518 672 εἰ
560 620 664 689 μὲν
711 620 864 672 ἔστιν
903 617 939 672 ὁὶ
973 622 1306 690 θρυλοῦμεν
1344 619 1456 689 ἀεί,
1496 619 1673 675 καλόν
1710 641 1771 675 τε
1807 623 1901 675 καὶ
1931 621 2069 692 ἀγα-

291 702 404 757 θὸν
451 704 545 759 καὶ
592 707 743 757 πᾶσα
787 701 821 773 ἡ
869 702 1098 773 τοιαύτη
1135 700 1343 773 ὀὐσία,
1393 705 1487 759 καὶ
1525 706 1617 759 ε’πὶ
1654 706 1864 777 ταύτην
1899 705 1968 761 τὰ
2007 709 2070 762 ἐκ

291 791 407 842 τῶν
445 788 769 858 αἰσθήσεων
806 787 988 841 πάντα
1027 787 1411 859 ἀναφέρομεν,
1461 787 1830 860 ὑπάρχουσαν
1867 792 2071 863 πρότε-

238 888 396 942 Ερον
445 871 876 943 ἀνευρίσκοντες
919 871 1194 943 ἡμετέραν
1243 866 1449 944 οὖσαν,
1508 876 1602 928 καὶ
1655 879 1832 930 ταῦτα
1880 877 2070 948 ἐκείνῃ

290 954 684 1028 ἀπεικάζομεν,
725 956 1063 1027 ἀναγκαῖον,
1114 956 1292 1022 οὕτως
1331 957 1511 1030 ὥςπερ
1550 960 1644 1012 καὶ
1681 964 1857 1014 ταῦτα
1895 963 2068 1030 ἔστιν,

290 1040 471 1106 οὕτως
507 1043 601 1096 καὶ
637 1041 741 1113 τὴν
777 1041 1052 1114 ἡμετέραν
1090 1041 1278 1113 ψυχὴν
1317 1040 1460 1098 εἶναι
1496 1046 1590 1098 καὶ
1614 1046 1750 1114 πρὶν
1775 1047 2067 1115 γεγονέναι

402 1215 454 1256 D.
486 1204 633 1274 ᾧπερ
661 1215 783 1268 καί]
825 1217 902 1256 Hic
931 1209 983 1259 ἔν
1010 1226 1108 1258 ante
1136 1205 1261 1274 ᾧπερ
1284 1218 2066 1262 Bod1.Tub.Vat.Ven.HVind.d⁵

288 1273 437 1314 Ambr.
462 1258 571 1316 F‘lor.
594 1274 619 1312 d
640 1274 793 1313 iterant
814 1274 1108 1339 dedeluntque
1129 1260 1235 1315 iilud
1256 1275 1437 1315 Bekker.
1461 1282 1501 1315 et
1522 1276 1642 1316 Turr.
1684 1276 1736 1318 V.
1761 1288 1860 1319 ann.

402 1327 751 1382 θρυλοῦμεν]
777 1330 894 1369 Hanc
915 1331 1165 1384 scripturam
1188 1330 1673 1376 confirmantBodl.Vat.
1686 1332 1858 1376 Ven.1'I
1872 1333 1964 1375 Par.
1979 1332 2062 1377 CH

288 1386 524 1439 Legebatui
543 1384 861 1440 θρυλλοῦμεν.

403 1450 585 1499 καλόν
607 1469 664 1498 τε
685 1454 804 1511 καί]
831 1457 1017 1502 SicVen
1032 1457 1204 1499 HTub.
1218 1459 1325 1519 Aug
1351 1464 1390 1499 et
1410 1472 1435 1499 a
1455 1472 1517 1513 pr.
1537 1473 1592 1500 m.
1616 1459 1734 1501 Bodl.
1726 1490 1750 1511 .,
1774 1460 1845 1513 qui
1865 1473 1890 1501 a
1911 1473 1996 1506 sec
2009 1474 2064 1503 m.

288 1513 414 1554 habet
433 1507 583 1555 καλόν
604 1528 656 1555 τι
675 1512 772 1555 καί.
813 1513 951 1567 Vulgo
974 1507 1124 1556 καλόν
1145 1510 1194 1556 τέ
1216 1529 1262 1556 τι
1283 1514 1380 1559 καί.
1402 1516 1514 1556 conf.
1537 1529 1579 1570 p.
1600 1518 1653 1557 77
1674 1517 1727 1557 A.

401 1585 447 1626 E.
466 1575 660 1650 ου’τως
682 1583 804 1636 καί]
828 1585 928 1625 Tui.
952 1598 1078 1627 ουτω
1094 1584 1196 1627 καί.
1221 1598 1260 1630 v,
1285 1587 1340 1627 ad
1363 1585 1490 1640 Gorg.
1513 1600 1553 1641 Ρ.
1566 1586 1710 1631 5220.
1732 1588 1844 1632 Prot.
1868 1600 1910 1642 p.
1922 1588 2063 1632 35113.

290 1639 411 1681 Clare
431 1653 580 1690 ουτως
601 1641 720 1682 Bodl.
745 1642 916 1694 aliique.

345 1771 611 1840 ᾦπερκαὶ
633 1776 1127 1849 λυαμβοὶνομεν1Νοιι

284 1839 458 1880 iteratur
474 1853 526 1894 pl
528 1841 734 1894 aepositio
754 1834 806 1883 ἐν
822 1853 912 1882 mor
917 1854 938 1881 e
954 1842 1128 1893 loquen-

286 1897 328 1936 di
356 1908 490 1950 prope
528 1896 732 1950 legitimo.
774 1911 815 1938 v.
846 1899 901 1938 ad
929 1898 1055 1951 Apol.
1084 1911 1127 1951 Ρ.

284 1952 396 1994 271).
419 1953 692 1998 Heindorf.
714 1954 832 1996 adh.
856 1955 899 2007 l.,
923 1955 978 1995 ad
997 1953 1128 2010 Gorg.

283 2022 327 2062 p.
351 2008 517 2053 5160..

342 2089 565 2137 ἔλαθον
631 2089 887 2149 ἐμαυτὸν
954 2088 1131 2138 ουδεν

286 2145 478 2204 εἰπων]
501 2151 693 2192 Adhaec
715 2153 1008 2196 Heindorf
1047 2153 1130 2203 „Ut

283 2209 326 2248 in
366 2208 435 2249 illo
479 2201 603 2251 λάθε
643 2203 835 2264 βιώσας,
878 2211 934 2251 ita
970 2211 1128 2262 ubique

281 2264 440 2305 aoristo
464 2265 641 2308 λαθεῖν
661 2278 744 2306 non
766 2268 1022 2320 praesentis,
1053 2269 1127 2307 sed

281 2322 427 2362 aoristi
443 2323 711 2376 participium
731 2325 992 2376 adiungitur.
1000 2323 1126 2365 “Sed

280 2377 393 2419 conf.
419 2377 576 2420 Criton.
608 2392 649 2433 p.
671 2381 727 2421 49
748 2380 780 2419 Β
810 2357 1050 2449 ἐλάθομεν
1071 2374 1127 2434 ἡ-

279 2433 373 2502 μᾶς
403 2427 581 2484 αὐτοὺς
616 2435 805 2478 παίδων
842 2430 988 2479 οὖδεν
1019 2436 1125 2548 διαηῑ

280 2488 521 2545 φέροντες.
576 2493 748 2534 Theaet.
876 2496 957 2535 169
987 2493 1090 2548 Cp.

277 2561 372 2590 που
404 2543 635 2591 παιδικόν
663 2563 708 2591 τι
714 2523 965 2614 λαθωμεν
996 2508 1124 2599 εἶδος

277 2603 372 2647 τῶν
401 2601 552 2659 λόγων
580 2599 876 2672 ποιούμενοι.
926 2608 986 2647 De
1016 2609 1120 2660 Rep.

276 2663 349 2704 VI.
373 2674 414 2730 p.
435 2662 563 2703 486Α
588 2657 654 2716 μή
676 2674 727 2704 σε
749 2657 880 2718 λα’θῃ
898 2661 1121 2717 μετέχου-

277 2728 337 2758 σα
359 2718 597 2760 ανελευθε
600 2719 722 2772 ριάς.
765 2720 868 2763 Ibid
892 2722 942 2762 V.
976 2734 1016 2773 p.
1039 2722 1122 2760 457

275 2774 310 2813 Ε
343 2766 449 2815 ἀλλ’
472 2767 559 2815 οὐκ
584 2734 761 2824 ἔλαθες
783 2799 833 2805 -
858 2769 1121 2840 ἀποδιδρα

275 2840 414 2871 σκων.
454 2830 587 2885 Legg.
615 2833 708 2874 VII.
740 2846 782 2886 p.
813 2834 894 2874 801
918 2833 950 2872 E
979 2826 1043 2885 μὴ
1070 2855 1121 2860 -

276 2881 493 2927 λάθωσιν
533 2880 829 2952 αἰτούμενοι.
877 2889 1033 2930 Phaed.
1077 2903 1120 2954 Ρ.

275 2944 328 2984 77
351 2943 383 2983 Ε
423 2934 539 2985 όταν
570 2938 688 2999 τύχῃ
717 2958 787 2992 τις
819 2967 870 2974 —
900 2937 1121 3012 ἀποθνή-

275 3010 415 3041 σκων.
457 3001 586 3041 Arist.
619 3003 698 3041 Av.
723 3003 831 3042 1195
860 2995 926 3055 μή
958 3013 1007 3043 σε
1040 2997 1121 3044 λα-

274 3056 344 3111 θῃ
372 3054 504 3099 θεῶν
532 3070 603 3106 τις
633 3053 782 3111 ταύτῃ
810 3057 979 3111 περῶν.
1003 3073 1043 3102 v.
1066 3060 1120 3099 ad

331 3196 433 3252 Cap.
456 3198 594 3240 XXII.
646 3192 711 3241 τὰ
763 3192 822 3241 ἐκ
874 3199 986 3243 τῶν
1027 3197 1119 3242 αἰ-

273 3212 542 3308 σθήσεων
562 3255 834 3323 n.]Pr·o1sus
859 3259 1005 3298 eodem
1028 3271 1117 3298 mo—

273 3312 327 3352 do
357 3325 399 3366 p.
425 3313 477 3353 75
500 3313 532 3352 B
562 3308 620 3354 τὰ
651 3306 703 3354 ἐκ
727 3311 820 3354 τῶν
842 3308 1117 3367 αἰσθήσεων

273 3366 369 3410 ἰ’.σα
394 3368 590 3422 Quippe'
582 3383 623 3410 111
646 3370 841 3411 soimulis
865 3385 917 3410 ex
939 3373 1115 3411 articulo

273 3433 313 3464 et
353 3426 620 3480 nominibus,
663 3428 817 3479 quibus
859 3429 1114 3494 piaepositio

269 3482 410 3534 aliqua
431 3484 666 3538 praemissa
696 3492 771 3535 est,
801 3486 1043 3538 compositis
1069 3497 1113 3526 ea

1216 1785 1316 1839 poni
1358 1785 1466 1826 solet
1499 1786 1783 1840 praepositio,
1827 1799 1955 1839 quam
1995 1800 2061 1829 re-

1217 1843 1346 1893 quirit
1389 1848 1539 1882 natura
1576 1850 1616 1883 et
1658 1843 1876 1896 ingenium
1910 1845 2062 1886 verbo-

1217 1911 1322 1947 rum,
1347 1911 1455 1951 quae
1477 1898 1670 1940 formulis
1686 1900 1770 1941 illis
1787 1901 1931 1942 addita
1948 1908 2062 1942 sunt.

1217 1967 1260 1995 v.
1284 1968 1412 2010 supra
1433 1969 1474 2009 p.
1500 1957 1552 1997 57
1576 1956 1623 1997 B.
1664 1957 1805 2009 Atque
1827 1957 1975 1998 eadem
1997 1970 2066 1999 ra-

1217 2012 1272 2052 tio
1306 2021 1371 2053 est
1400 2012 1697 2054 adverbiorum
1731 2020 1894 2055 motum
1925 2015 1967 2055 in
1997 2015 2062 2056 lo-

1218 2081 1313 2109 cum
1333 2070 1400 2110 vel
1423 2069 1475 2109 de
1497 2070 1586 2109 loco
1609 2069 1954 2137 significantium.
1991 2073 2063 2112 In-

1218 2124 1282 2165 fra
1303 2139 1345 2193 p.
1370 2127 1450 2167 107
1472 2126 1505 2165 E
1527 2123 1562 2166 ὠ
1584 2123 1927 2180 προςτέτακται
1949 2123 2061 2177 τοὺς

1217 2175 1423 2225 ἐνθένδε
1474 2172 1626 2224 ἑκεισε
1672 2182 1928 2249 πορεῦσαι,
1988 2185 2061 2226 ubi

1215 2239 1340 2283 codd.
1370 2239 1542 2291 quidam
1573 2240 1683 2280 male
1713 2234 1899 2282 ἐνθαδε
1937 2241 2060 2282 exhi-

1214 2297 1329 2338 bent.
1379 2295 1505 2349 Gorg,
1523 2310 1580 2365 p.
1611 2297 1695 2338 472
1724 2298 1756 2337 Β
1796 2288 1957 2364 ἥντιν’
1998 2311 2059 2339 αν

1215 2346 1362 2407 βούλῃ
1390 2351 1484 2394 τῶν
1514 2346 1718 2395 ἐνθένδε
1733 2346 2057 2420 ἐκλέξασθαι,

1213 2411 1286 2450 ubi
1307 2410 1429 2453 codd.
1454 2410 1598 2451 itidem
1620 2403 1817 2465 ἐνθαδε,
1837 2411 1951 2464 quod
1967 2423 2059 2452 me-

1210 2467 1289 2507 lito
1312 2467 1551 2521 repudiavit
1571 2467 1803 2508 Heindoi
1813 2467 1842 2511 f.

1267 2580 1315 2623 E.
1346 2571 1527 2645 ου’τως
1557 2594 1737 2634 ωςπερ
1759 2578 2056 2623 καὶταῦτα

1211 2631 1357 2690 ἔστι,
1389 2650 1570 2707 οντως
1599 2635 1698 2679 καὶ
1727 2636 1786 2689 τ.]
1818 2639 1965 2678 Iteiau
1986 2651 2053 2679 so

1210 2692 1295 2732 leie
1324 2692 1412 2733 καί
1435 2694 1478 2732 iu
1507 2693 1750 2734 huiusmodi
1771 2696 2054 2748 comparatio-

1211 2749 1335 2788 nibus
1366 2750 1632 2790 nariavimus
1663 2750 1719 2790 ad
1773 2753 1859 2792 .64
1881 2750 1925 2792 C.
1969 2751 2054 2793 Sed

1211 2806 1441 2846 notandum
1465 2812 1528 2845 est
1551 2807 1674 2846 etiam
1692 2819 1842 2856 ουτως
1859 2807 1939 2848 hoc
1961 2808 2051 2849 loco

1208 2863 1356 2926 repeti,
1380 2870 1426 2902 ut
1447 2863 1564 2902 Dem
1589 2862 1756 2928 Olynth.
1796 2865 1899 2930 Iup.
1926 2866 1977 2906 13
2000 2865 2051 2905 R.

1207 2932 1270 2971 μη
1302 2931 1384 2960 τον
1414 2911 1564 2961 αυτὸν
1594 2913 1789 2984 τρόπον,
1829 2933 1979 2988 ωςπερ
2006 2916 2057 2963 οἵ

1208 2968 1536 3029 δανειζόμενοι
1559 2994 1611 3005 -ν
1635 2968 1758 3018 οὕτω
1787 2974 1871 3018 καὶ
1911 2971 2051 3032 ὑμεῖς

1207 3045 1248 3073 κ.
1271 3045 1311 3073 τ.
1335 3033 1375 3074 λ.
1416 3034 1558 3085 Atque
1588 3038 1645 3073 ita
1680 3035 1892 3074 sexcentis
1929 3035 2050 3076 locis.

1206 3089 1272 3127 Ad
1295 3101 1383 3128 iem
1403 3090 1538 3143 ipsam
1561 3090 1672 3140 quod
1693 3091 1852 3139 attinet,
1885 3092 2048 3132 animos

1207 3153 1304 3185 ante
1324 3145 1433 3186 hauc
1462 3147 1591 3186 vitam
1624 3147 1721 3187 olim
1744 3147 1787 3187 in
1809 3149 1930 3188 beato
1954 3161 2047 3188 cum

1206 3202 1285 3242 diis
1324 3204 1574 3243 commercio
1611 3204 1802 3256 viguisse
1838 3203 2047 3258 pulcerri—

1205 3271 1272 3298 mo
1298 3258 1439 3312 mytho
1464 3260 1700 3300 declaratur
1723 3261 1766 3300 in
1787 3259 1980 3301 Phaedro
2003 3274 2046 3315 p.

1203 3317 1286 3356 245
1308 3330 1418 3368 sqq„
1462 3317 1582 3356 cuius
1623 3315 1757 3369 mythi
1795 3318 2045 3357 sententiam

1202 3372 1321 3413 Plato
1352 3373 1430 3413 hoc
1450 3373 1688 3413 Phaedonis
1720 3373 1809 3413 loco
1842 3373 1941 3414 fecit
1962 3374 2045 3414 cla-

1202 3429 1353 3469 riorem
1376 3435 1416 3470 et
1437 3430 1724 3472 illustriorem.
1747 3429 1858 3475 conr,
1882 3430 2044 3475 Pliileb.

1202 3499 1243 3539 p.
1267 3489 1335 3527 81.
