2222 3762
387 175 454 225 36
874 166 1490 242 PROLEGOMENA
1532 168 1641 220 AD

389 317 501 366 fere
541 311 731 366 leviter
770 318 976 364 tantum
1019 330 1195 380 neque
1231 310 1390 362 aliter
1426 309 1528 371 nisi
1569 309 1819 380 populari
1857 311 2103 363 sermon'e

391 384 637 456 attigisse
677 381 908 438 videtur.
984 381 1358 448 Quamobrem
1409 401 1508 436 nec
1563 380 1711 452 apud
1759 380 2104 450 Xenophon-

391 464 501 509 tem
540 473 772 523 usquam
813 453 880 506 de
916 452 1323 505 immortalitate
1361 452 1615 506 subtilius
1668 451 1944 523 disputat,
1999 452 2107 505 nisi

395 527 516 597 quis
568 526 676 578 huc
726 525 925 577 reterre
974 523 1107 575 velit
1155 523 1322 576 Mem.
1361 523 1406 577 Ι,
1445 530 1506 591 4,
1548 525 1632 591 8.‚
1690 524 1786 576 ubi
1836 523 1903 576 de
1942 521 2108 576 animi

393 597 616 650 humani
656 615 780 650 cum
817 602 1016 647 natura
1055 594 1240 647 divina
1277 597 1601 665 cognatione
1642 595 1853 666 agitur,
1910 601 1967 647 et
2005 594 2106 648 IV.

396 675 457 738 3,
513 671 592 721 14.
653 686 760 736 quo
812 666 935 718 loco
970 685 1043 718 ex
1081 666 1246 718 animi
1294 666 1352 718 in
1395 685 1594 736 corpus
1633 666 1859 737 imperio
1899 664 2111 736 colligi-

395 749 485 793 tur
534 739 697 792 etiam
746 756 925 789 rerum
974 736 1319 790 universitati
1369 745 1606 789 mentem
1659 737 1899 790 divinam
1954 754 2111 807 prae-

397 830 551 877 esse,
604 827 743 878 quae
790 815 973 860 tamen
1021 817 1075 861 et
1125 809 1246 879 ipsa
1306 808 1646 880 populariter
1713 809 1885 879 magis
1951 827 2112 877 quam

398 881 674 935 subtiliter
723 886 853 932 sunt
906 880 1170 950 exposita.
1257 879 1458 947 Neque
1516 879 1622 931 alia
1667 879 1806 932 ratio
1845 887 1929 932 est
1964 876 2110 950 apud

396 952 685 1006 Platonem
733 949 789 1002 in
841 949 1066 1004 Critone
1120 971 1174 1021 p.
1214 952 1301 1004 44.
1340 951 1412 1003 A.
1452 950 1521 1003 B.
1561 958 1615 1003 et
1651 971 1705 1021 p.
1745 951 1829 1003 54.
1867 951 1966 1018 B.,
2019 947 2133 1002 ubi.

399 1024 508 1078 etsi
583 1021 790 1075 homini
850 1022 1254 1093 sapientissimo
1322 1022 1521 1076 certior
1583 1021 1652 1075 de
1710 1021 2114 1074 immortalitate

399 1093 688 1165 persuasio
738 1093 1033 1162 tribuitur,
1082 1101 1264 1147 tamen
1326 1112 1412 1146 res
1463 1093 1587 1163 ipsa
1637 1093 1995 1164 popularibus
2047 1091 2115 1144 de

402 1173 552 1220 statu
611 1164 913 1218 animorum
954 1166 1140 1218 futuro
1181 1164 1527 1236 opinionibus
1567 1163 1976 1218 accommodata
2013 1170 2115 1217 est.

404 1234 881 1305 Quemadmodum
947 1243 1130 1291 autem
1181 1235 1440 1291 Socrates
1475 1236 1560 1294 ,in
1610 1236 1734 1289 loco
1782 1235 2116 1307 Apologiae,

405 1309 475 1363 de
516 1327 625 1378 quo
660 1326 806 1361 nunc
843 1308 1023 1379 ipsum
1063 1308 1270 1379 agitur,
1321 1307 1456 1360 nihil
1508 1308 1727 1361 omnino
1777 1307 1912 1361 certi
1950 1305 2019 1358 de
2057 1324 2116 1358 re

407 1379 730 1452 gravissima
769 1378 1031 1448 affirmat,
1085 1378 1184 1433 sed
1234 1379 1389 1450 ponit
1424 1386 1639 1431 tantum
1677 1377 2001 1442 deduobus
2038 1375 2118 1430 al-

404 1458 704 1519 terutrum,
757 1458 818 1503 ut
867 1470 1012 1505 mors
1060 1458 1156 1504 aut
1207 1469 1420 1504 omnem
1475 1469 1695 1503 sensum
1732 1450 1974 1513 auferat,
2025 1455 2121 1502 aut

407 1523 614 1576 animos
651 1521 723 1575 ad
759 1522 1043 1586 meliorem*
1076 1523 1241 1575 vitam
1278 1521 1562 1586 traducat3
1615 1522 1694 1574 ita
1734 1521 1898 1587 etiam
1937 1519 2118 1592 Cyrus

408 1596 642 1648 moriens
691 1593 840 1663 apud
897 1591 1439 1664 Xenophontem
1490 1591 1800 1679 Cyropaed.
1848 1593 2013 1647 VIII.
2070 1594 2119 1644 7.-

409 1667 457 1737 ξ.
497 1669 530 1720 6
569 1683 726 1734 sqq.,
778 1684 939 1734 quem
988 1665 1169 1719 locum
1210 1663 1466 1721 Cicero
1504 1665 1592 1717 De
1631 1671 1913 1718 senectute
1949 1683 1995 1718 c.
2034 1665 2120 1717 22.

408 1737 610 1805 Latine
651 1737 954 1805 convertit,
1008 1736 1322 1790 dubitanter
1370 1735 1437 1789 de
1475 1735 1666 1791 eadem
1701 1735 1972 1804 loquitur,
2027 1734 2122 1804 qui

409 1809 540 1863 licet
579 1827 647 1861 ex
686 1806 876 1862 divina
912 1808 1215 1862 animorum
1244 1805 1446 1861 'natura
1496 1826 1648 1878 spem
1699 1806 2122 1861 immortalitatis

410 1887 646 1952 repetat,
686 1885 870 1932 tamen
897 1886 1139 1933 extrema
1171 1879 1416 1932 oratione
1440 1897 1542 1931 sua
1577 1877 1813 1948 denique
1851 1879 1988 1932 haec
2027 1876 2124 1931 ad-

413 1951 525 2005 dit:
599 1949 860 2020 „Q,uare,
898 1951 1106 2020 inquit,
1162 1951 1209 2004 si
1252 1950 1387 2004 haec
1424 1949 1502 2002 ita
1539 1957 1694 2016 sunt,
1749 1950 1830 2003 sic
1865 1969 1952 2003 me
1989 1948 2123 2003 coli-

410 2030 559 2092 tote,
599 2029 662 2076 ut
699 2021 888 2087 deum3
939 2023 1024 2076 sin
1072 2042 1182 2076 una
1239 2030 1322 2076 est
1357 2021 1678 2074 interiturus
1734 2022 1945 2074 animus
1998 2039 2124 2075 cum

413 2112 672 2166 corpore,
712 2112 811 2147 vos
849 2102 1060 2163 tamen,
1100 2093 1231 2148 deos
1264 2100 1547 2160 verentes,
1601 2093 1693 2162 qui
1730 2092 1872 2146 hanc
1910 2110 2124 2146 omnem

412 2163 840 2237 pulcritudinem
874 2173 1101 2220 tuentur
1137 2172 1192 2218 et
1219 2171 1438 2237 regunt,
1478 2164 1792 2217 memoriam
1819 2164 1996 2217 nostri
2033 2163 2124 2234 pie

410 2237 778 2306 inviolateque
816 2237 1164 2292 servabitis.‘²
1239 2235 1351 2304 Qui
1389 2234 1610 2306 quidem
1636 2254 1733 2288 rex
1771 2254 1938 2304 quum
1963 2235 2126 2307 plane

412 2308 484 2363 ad
518 2308 836 2364 Socraticae
859 2308 1088 2363 rationis
1113 2306 1523 2361 similitudinem
1557 2307 1842 2360 institutus
1866 2307 1956 2375 sit,
1995 2325 2126 2360 con-

414 2398 651 2451 sequens
701 2398 823 2435 esse
878 2379 1233 2451 intelligitur,
1299 2386 1363 2432 ut
1416 2378 1576 2431 etiam
1627 2378 1815 2431 Plato·
1841 2376 2125 2432 Socratem

412 2452 470 2505 in
505 2450 785 2522 Apologia
823 2449 891 2504 de
929 2450 1331 2504 immortalitate
1383 2449 1654 2502 dicentem
1703 2456 1968 2518 quantum
2005 2448 2125 2502 fieri

413 2522 597 2594 potuit
636 2521 707 2574 ad
743 2522 917 2592 ipsam
957 2522 1102 2575 vitae
1139 2522 1426 2575 veritatem
1462 2520 1786 2573 informasse
1824 2519 2127 2574 existimari

417 2593 638 2648 debeat.
1583 2619 1587 2622 «

557 2663 745 2732 Atque
780 2662 916 2716 haec
953 2661 1173 2732 quidem
1201 2661 1482 2718 hactenus,
1555 2660 1824 2715 Videmur
1859 2662 2002 2715 enim
2039 2680 2126 2716 sa-

416 2736 489 2789 tis
530 2734 988 2788 demonstravisse
1028 2733 1312 2788 Socratem
1364 2733 1421 2786 in
1476 2732 1756 2805 Apologia
1803 2733 1916 2787 fere
1964 2734 2130 2790 talem

419 2825 541 2860 esse
578 2806 955 2874 informatum,
1015 2804 1192 2875 qualis
1229 2823 1422 2858 revera
1459 2805 1591 2872 fuit,
1642 2812 1705 2857 ut
1742 2805 1903 2858 Plato
1948 2805 2128 2858 neuti-

420 2896 583 2947 quam
630 2877 708 2930 ita
756 2884 1002 2930 versatus
1053 2895 1176 2929 esse
1226 2875 1503 2947 putandus
1553 2876 1654 2944 sit,
1707 2884 1769 2929 ut
1816 2895 1916 2930 suo
1952 2876 2128 2948 ipsius

417 2947 640 3020 ingenio
688 2946 978 3019 indulgens
1029 2947 1250 3001 liberius
1309 2947 1408 3000 viri
1474 2947 1712 3016 aliquam
1773 2947 2010 3019 speciem
2071 2954 2129 3000 et

415 3020 712 3091 imaginem
759 3019 1067 3087 effinxerit,
1131 3037 1270 3088 quae
1319 3018 1464 3072 vitae
1520 3019 1741 3072 veritati
1801 3020 1980 3072 minus
2039 3037 2127 3071 re-

419 3089 728 3163 sponderet.
793 3088 961 3158 Quod
987 3091 1033 3146 si
1057 3091 1134 3143 ita
1161 3096 1262 3159 est,
1287 3097 1483 3161 sponte
1509 3089 1882 3160 consequitur,
1921 3097 1983 3143 ut
2003 3089 2124 3160 phi-

443 3236 629 3243 ---—-—-
639 3235 724 3240 -ῃ-
731 3236 769 3240 -—-

565 3328 697 3380 „die
763 3326 1457 3371 Unsterblichkeitslelure
1517 3329 1591 3370 ist
1650 3328 1707 3378 (in
1755 3325 1833 3368 der
1886 3326 2125 3381 Apologie)

561 3385 692 3430 eheu·
724 3384 1037 3440 platonisch
1069 3388 1151 3427 als
1183 3384 1569 3429 sokratisch.“
1636 3426 1641 3431 ,
