2158 3718
314 167 492 206 XXXII
937 164 1382 205 PROLEGOMENA

319 294 587 359 minimuS,
628 295 771 363 quod
806 291 958 346 nobis
994 291 1141 345 omni
1175 310 1243 345 ex
1277 300 1430 363 parte
1466 290 1795 362 probaretur.
1831 289 1998 346 Nolu-

315 384 435 419 mus
471 382 599 419 vero
633 365 740 417 iam
773 362 1110 416 recensendis
1145 361 1549 431 iudicandisque
1585 361 1747 416 variis
1785 370 1998 416 senten-

318 436 408 490 tiis
445 444 498 488 et
532 434 869 506 opinionibus
906 433 973 486 de
1009 450 1068 485 re
1105 432 1388 486 admodum
1417 441 1758 487 controversa
1779 433 2001 504 prolatis

315 506 515 560 bonum
550 514 761 576 tempus
797 521 1133 566 consumere3
1173 521 1305 572 quas
1342 504 1386 557 si
1422 504 1513 574 qui
1543 504 1753 575 plenius
1787 503 2004 574 cupiant

316 594 655 648 cognoscere,
703 574 742 627 ii
777 574 956 645 legant
992 592 1125 638 eam,
1174 592 1334 643 quam
1379 593 1540 645 supra
1575 574 2002 638 memoravimUS,

318 645 713 701 Susemihlii
762 645 1255 698 commentationem
1298 644 1423 698 inde
1459 664 1491 698 a
1524 664 1576 727 p.
1606 648 1724 699 182.
1786 644 2004 699 Iuvabit

316 718 496 789 potius
531 715 720 787 paucis
758 716 1099 786 exposuisse„
1131 716 1260 785 quid
1306 734 1406 769 nos
1446 714 1551 786 ips1
1596 716 1663 770 de
1698 735 1757 770 re
1794 715 2003 787 gravis-—

319 789 452 842 sima
488 785 796 851 sentiamus,
835 794 996 856 atque
1031 786 1214 840 iudicii
1248 787 1419 839 nostri
1455 805 1672 840 caussas
1697 796 1751 840 et
1773 787 2005 840 rationes

316 859 394 912 ita
429 857 739 921 asseruisse,
786 865 848 910 ut
892 875 987 911 cur
1031 856 1099 910 ab
1136 857 1362 910 aliorum
1395 857 1688 910 rationibus
1724 857 2004 911 disceden-

318 929 447 983 dum
483 936 796 993 statuamus,
837 947 997 999 quam
1033 927 1325 982 clarissime
1360 928 1730 998 perspiciatur.

389 999 626 1053 Videtur
661 1008 841 1053 autem
875 999 1029 1054 nobis
1067 999 1280 1053 omnino
1327 999 1395 1052 dc
1430 999 1534 1052 illis
1570 998 1896 1053 orationibus
1931 997 2007 1052 ita

317 1089 438 1125 6556
485 1070 842 1134 statuendum,
887 1078 950 1124 ut
992 1089 1080 1124 eas
1117 1070 1187 1123 ad
1222 1069 1523 1143 argumenti
1558 1069 1798 1139 primarii
1835 1069 2006 1141 expli-

317 1141 579 1195 cationem
625 1149 679 1195 et
722 1141 1128 1195 illustrationem
1173 1159 1281 1193 non
1315 1140 1490 1194 minus
1525 1141 1853 1194 necessarias
1890 1158 2008 1193 esse

317 1211 684 1266 existimemus
718 1230 879 1281 quam
915 1212 1176 1266 orationes
1216 1209 1453 1265 Socratis
1492 1219 1654 1280 atque
1688 1211 2007 1276 Alcibiadis,

319 1283 386 1336 de
423 1282 617 1352 quibus
662 1282 819 1336 modo
863 1282 1262 1353 explicavimus,
1323 1281 1462 1335 Nam
1505 1300 1670 1351 quum
1705 1281 1920 1337 Platoni
1953 1282 2011 1334 in

319 1353 599 1407 scribendo
625 1350 911 1424 Symposio
938 1354 1039 1407 hoc
1073 1353 1303 1407 maxime
1339 1353 1675 1424 propositum
1709 1353 1874 1406 fuisse
1909 1371 2008 1423 ap-

317 1433 527 1495 pareat,
572 1433 635 1478 ut
675 1443 783 1478 non
831 1425 1003 1478 solum
1045 1424 1155 1487 vim
1202 1432 1255 1477 et
1300 1432 1546 1476 naturam
1593 1423 1762 1477 divini
1796 1424 2007 1489 amoris,

318 1495 413 1565 qui
448 1494 881 1566 philosophorum
915 1495 1165 1578 proprius
1192 1503 1351 1558 esset,
1388 1495 1692 1559 illustraret,
1730 1494 1826 1548 sed
1851 1494 2010 1549 etiam

320 1584 428 1636 qua
461 1566 550 1620 via
585 1574 640 1619 et
673 1566 875 1620 ratione
911 1566 980 1619 ad
1014 1566 1158 1619 illius
1193 1565 1406 1619 laudem
1443 1573 1602 1635 atque
1631 1565 2012 1636 praestantiam

319 1637 701 1708 perveniretur,
748 1637 1016 1691 luculente
1061 1637 1276 1691 doceret
1311 1644 1471 1705 atque
1508 1636 1814 1691 ostenderet
1846 1636 2011 1707 idque

320 1708 481 1761 etiam
515 1707 707 1761 illustri
745 1705 983 1762 Socratis
1019 1708 1263 1778 exemplo
1301 1707 1596 1761 declararet
1643 1726 1708 1762 ac
1742 1709 2010 1778 pateface-

319 1787 431 1843 ret,
468 1778 585 1832 fieri
619 1778 862 1850 profecto
895 1797 1004 1832 non
1026 1778 1205 1849 potuit
1227 1777 1397 1842 aliter,
1436 1797 1596 1847 quam
1619 1787 1681 1831 ut
1705 1779 1866 1833 etiam
1887 1779 2010 1832 fun-

321 1849 424 1902 dus
461 1849 615 1919 quasi
651 1849 1024 1921 designaretur
1059 1858 1219 1919 atque
1255 1848 1723 1915 demonstraretur,
1768 1849 1912 1903 unde
1946 1849 2013 1903 iis

325 1928 467 1973 65561
501 1920 962 1991 proficiscendum,
1008 1920 1101 1990 qui
1144 1920 1213 1973 ad
1250 1919 1522 1976 excelsum
1554 1920 1687 1979 illud
1723 1920 2014 1991 sapientiae

321 1990 594 2063 fastigium
639 1991 924 2045 escendere
971 1991 1181 2045 veHent.
1257 1989 1617 2058 Quamobrem
1662 1990 2013 2062 philosophus

322 2062 736 2132 disputationem
781 2062 1144 2117 sollertissime
1187 2062 1264 2115 ita
1306 2061 1554 2126 instituit,
1602 2071 1664 2115 ut
1709 2062 1892 2116 divino
1935 2062 2013 2115 illi

321 2132 488 2186 amori
523 2133 708 2186 veluti·
726 2152 794 2187 ex
836 2133 1062 2187 adverso
1099 2152 1221 2187 eum
1257 2151 1491 2186 amorem
1527 2133 1877 2198 collocaverit,
1921 2133 2014 2202 qui

320 2204 378 2257 in
415 2203 723 2274 quotidiana
762 2202 1092 2258 Graecorum
1119 2204 1230 2258 vita
1252 2204 1515 2276 regnabat
1537 2212 1696 2273 atque
1722 2203 2016 2257 sublimiori

320 2274 397 2328 illi
443 2275 608 2328 veluti
654 2293 721 2329 ex
766 2275 932 2329 altera
975 2283 1128 2346 parte
1171 2275 1496 2345 respondere
1541 2274 1840 2329 videbatur.
1903 2272 2013 2342 Qui

324 2344 540 2414 quidem
576 2360 724 2399 amor
761 2355 905 2400 certe
940 2364 1048 2399 non
1086 2354 1167 2400 651
1191 2346 1344 2408 alim,
1381 2365 1542 2415 quam
1579 2354 1759 2400 castus
1793 2346 1881 2400 ille
1916 2345 2012 2400 ho-

321 2425 615 2486 nestusque
661 2435 809 2470 amor
853 2435 1140 2489 puerorum
1190 2425 1243 2471 61
1284 2416 1728 2482 adolescentium,
1785 2436 1817 2469 a
1859 2416 2016 2470 foeda

320 2487 559 2542 lubidine
597 2488 870 2542 seiunctus
906 2496 1066 2558 atque
1101 2488 1368 2552 immunis,
1397 2488 1646 2557 ‘ideoque
1683 2487 1843 2541 etiam
1877 2487 2014 2559 legi-

322 2556 424 2611 bus
461 2558 688 2630 publicis
723 2558 1018 2630 permissus
1043 2567 1202 2629 atque
1227 2559 1441 2631 optimis
1467 2559 1767 2628 quibusque
1790 2558 1866 2610 ita
1888 2575 2014 2628 pro-

323 2626 498 2691 batuS‚
543 2638 605 2682 ut
649 2630 707 2682 in
752 2648 814 2684 eo
862 2649 971 2683 non
1020 2630 1274 2701 exiguum
1308 2629 1520 2683 virtutis
1558 2647 1722 2697 quum
1756 2628 2013 2699 reliquae,

328 2706 441 2750 tum
476 2699 720 2768 inprimis
755 2699 976 2753 bellicae
1013 2719 1075 2752 ac
1112 2700 1281 2752 civilis
1345 2699 1635 2752 raesidium
1659 2707 1712 2751 et
1735 2699 2013 2752 adiumen-

326 2776 441 2820 tum
476 2769 711 2839 positum
748 2788 866 2822 esse
900 2769 1268 2823 iudicaverint.
1366 2788 1394 2822 e
1429 2788 1535 2838 qua
1571 2769 1786 2838 quidem
1823 2788 1882 2822 re
1917 2788 2013 2840 pe-

326 2838 513 2892 culiari
549 2839 909 2910 disputatione
954 2840 1010 2892 in
1045 2840 1372 2910 praefatione
1418 2840 1487 2893 ad
1523 2839 1744 2893 alteram
1780 2839 2015 2893 Phaedri

327 2909 611 2963 editionem
666 2910 1035 2992 explicabitur.
1107 2910 1325 2964 Etenim
1377 2910 1519 2964 hunc
1572 2929 1822 2976 amorem,
1876 2911 2017 2964 inter

330 2978 569 3034 Graecos
603 2980 838 3051 legitime
873 2981 1128 3034 usitatum
1154 2982 1525 3051 communique
1547 3000 1697 3035 more
1719 2989 2014 3051 receptum,

329 3050 421 3121 qui
458 3070 491 3105 a
524 3051 710 3105 foedae
727 3051 997 3113 ,lubidinis
1032 3071 1150 3116 11511,
1187 3053 1243 3106 111
1281 3072 1438 3123 quem
1473 3072 1599 3106 sane
1633 3053 1763 3106 item
1788 3052 2015 3106 subinde

328 3121 505 3191 potuit
539 3121 881 3196 degenerare,
918 3123 1083 3192 probe
1116 3123 1529 3195 distinguendus
1554 3132 1651 3188 est,
1689 3123 1829 3177 hunc
1851 3122 2017 3194 igitur

330 3211 591 3258 amorem,
638 3201 867 3259 castum,
913 3193 1196 3248 honestum
1242 3205 1295 3248 et
1339 3194 1551 3249 virtutis
1601 3194 1778 3248 studio
1826 3193 2015 3247 alendo

331 3264 416 3317 vel
450 3264 505 3317 in
546 3263 693 3319 rimis
728 3264 995 3329 idoneum,
1044 3264 1197 3319 Plato
1248 3267 1455 3321 censuit
1497 3285 1604 3319 non
1648 3284 1755 3319 uno
1801 3264 2014 3318 nomine

333 3352 453 3387 cum
526 3335 700 3390 ivinae
737 3336 1024 3407 sapientiae
1060 3355 1236 3390 amore
1272 3336 1597 3409 philosophis
1632 3336 1866 3408 proprio*
1886 3354 2013 3389 con-
