<?xml version="1.0" encoding="UTF-8"?>
<!DOCTYPE html PUBLIC "-//W3C//DTD XHTML 1.0 Transitional//EN"
    "http://www.w3.org/TR/xhtml1/DTD/xhtml1-transitional.dtd">
<html xmlns="http://www.w3.org/1999/xhtml" xml:lang="en" lang="en">
 <head>
  <title>
</title>
<meta http-equiv="Content-Type" content="text/html;charset=utf-8" />
  <meta name='ocr-system' content='tesseract 3.04.00' />
  <meta name='ocr-capabilities' content='ocr_page ocr_carea ocr_par ocr_line ocrx_word'/>
</head>
<body>
  <div class='ocr_page' id='page_1' title='image "./operaomniarecens01platuoft/operaomniarecens01platuoft_0449.png"; bbox 0 0 2158 3718; ppageno 0'>
   <div class='ocr_carea' id='block_1_1' title="bbox 2 0 853 106">
    <p class='ocr_par' dir='ltr' id='par_1_1' title="bbox 2 0 853 106">
     <span class='ocr_line' id='line_1_1' title="bbox 2 0 853 106; baseline 0 3612"><span class='ocrx_word' id='word_1_1' title='bbox 2 0 853 106; x_wconf 95' lang='lat' dir='ltr'><em> </em></span> 
     </span>
    </p>
   </div>
   <div class='ocr_carea' id='block_1_2' title="bbox 790 137 1908 195">
    <p class='ocr_par' dir='ltr' id='par_1_2' title="bbox 790 137 1908 195">
     <span class='ocr_line' id='line_1_2' title="bbox 790 137 1908 195; baseline 0.016 -17"><span class='ocrx_word' id='word_1_2' title='bbox 790 137 1055 180; x_wconf 82' lang='lat' dir='ltr'><strong>PHAEDO</strong></span> <span class='ocrx_word' id='word_1_3' title='bbox 1088 150 1133 193; x_wconf 83' lang='lat' dir='ltr'><strong>p.</strong></span> <span class='ocrx_word' id='word_1_4' title='bbox 1165 141 1234 180; x_wconf 83' lang='lat'><em>66.</em></span> <span class='ocrx_word' id='word_1_5' title='bbox 1807 142 1908 195; x_wconf 82' lang='lat'><em>113</em></span> 
     </span>
    </p>
   </div>
   <div class='ocr_carea' id='block_1_3' title="bbox 39 271 1994 1439">
    <p class='ocr_par' dir='ltr' id='par_1_3' title="bbox 39 271 1964 1106">
     <span class='ocr_line' id='line_1_3' title="bbox 39 271 1905 347; baseline 0.002 -18"><span class='ocrx_word' id='word_1_6' title='bbox 39 326 42 328; x_wconf 88' lang='lat'><strong>.</strong></span> <span class='ocrx_word' id='word_1_7' title='bbox 115 276 396 339; x_wconf 82' lang='grc' dir='ltr'><em>τοιούτων</em></span> <span class='ocrx_word' id='word_1_8' title='bbox 431 283 549 338; x_wconf 77' lang='grc' dir='ltr'><em>τοῖς</em></span> <span class='ocrx_word' id='word_1_9' title='bbox 584 271 903 343; x_wconf 81' lang='grc' dir='ltr'><em>ὀφθαλμοῖς</em></span> <span class='ocrx_word' id='word_1_10' title='bbox 941 271 1108 340; x_wconf 84' lang='grc' dir='ltr'><em>εἷδες;</em></span> <span class='ocrx_word' id='word_1_11' title='bbox 1152 273 1446 345; x_wconf 73' lang='grc' dir='ltr'><em>Οὐδαμῶς,</em></span> <span class='ocrx_word' id='word_1_12' title='bbox 1485 272 1522 347; x_wconf 80' lang='grc' dir='ltr'><em>ἦ</em></span> <span class='ocrx_word' id='word_1_13' title='bbox 1549 279 1602 331; x_wconf 85' lang='grc' dir='ltr'><em>δ’</em></span> <span class='ocrx_word' id='word_1_14' title='bbox 1629 278 1706 342; x_wconf 81' lang='grc' dir='ltr'><em>ὅς.</em></span> <span class='ocrx_word' id='word_1_15' title='bbox 1761 279 1905 333; x_wconf 82' lang='grc' dir='ltr'><em>Ἀλλ’</em></span> 
     </span>
     <span class='ocr_line' id='line_1_4' title="bbox 116 357 1905 432; baseline 0.003 -20"><span class='ocrx_word' id='word_1_16' title='bbox 116 357 266 429; x_wconf 77' lang='grc' dir='ltr'><em>ἄλλῃ</em></span> <span class='ocrx_word' id='word_1_17' title='bbox 303 359 415 412; x_wconf 87' lang='grc' dir='ltr'><em>τινὶ</em></span> <span class='ocrx_word' id='word_1_18' title='bbox 453 357 714 426; x_wconf 79' lang='grc' dir='ltr'><em>αἰσθήσει</em></span> <span class='ocrx_word' id='word_1_19' title='bbox 750 361 866 410; x_wconf 75' lang='grc' dir='ltr'><em>τῶν</em></span> <span class='ocrx_word' id='word_1_20' title='bbox 904 357 998 411; x_wconf 77' lang='grc' dir='ltr'><em>διὰ</em></span> <span class='ocrx_word' id='word_1_21' title='bbox 1032 362 1135 412; x_wconf 84' lang='grc' dir='ltr'><em>τοῦ</em></span> <span class='ocrx_word' id='word_1_22' title='bbox 1172 359 1426 428; x_wconf 74' lang='grc' dir='ltr'><em>σώματος</em></span> <span class='ocrx_word' id='word_1_23' title='bbox 1453 363 1653 432; x_wconf 81' lang='grc' dir='ltr'><em>ε’φήψω</em></span> <span class='ocrx_word' id='word_1_24' title='bbox 1689 363 1905 429; x_wconf 78' lang='grc' dir='ltr'><em>αὐτῶν;</em></span> 
     </span>
     <span class='ocr_line' id='line_1_5' title="bbox 122 435 1906 517; baseline 0.003 -21"><span class='ocrx_word' id='word_1_25' title='bbox 122 444 267 510; x_wconf 79' lang='grc' dir='ltr'><em>λέγω</em></span> <span class='ocrx_word' id='word_1_26' title='bbox 294 442 356 496; x_wconf 77' lang='grc' dir='ltr'><em>δὲ</em></span> <span class='ocrx_word' id='word_1_27' title='bbox 381 443 510 511; x_wconf 83' lang='grc' dir='ltr'><em>περὶ</em></span> <span class='ocrx_word' id='word_1_28' title='bbox 535 442 784 510; x_wconf 79' lang='grc' dir='ltr'><em>πάντων,</em></span> <span class='ocrx_word' id='word_1_29' title='bbox 800 435 935 495; x_wconf 81' lang='grc' dir='ltr'><em>οἷον</em></span> <span class='ocrx_word' id='word_1_30' title='bbox 960 445 1236 512; x_wconf 82' lang='grc' dir='ltr'><em>μεγέθους</em></span> <span class='ocrx_word' id='word_1_31' title='bbox 1260 444 1406 513; x_wconf 84' lang='grc' dir='ltr'><em>πέρι,</em></span> <span class='ocrx_word' id='word_1_32' title='bbox 1434 443 1666 516; x_wconf 75' lang='grc' dir='ltr'><em>ὑγιείας,</em></span> <span class='ocrx_word' id='word_1_33' title='bbox 1695 449 1906 517; x_wconf 82' lang='grc' dir='ltr'><em>ἰσχύος,</em></span> 
     </span>
     <span class='ocr_line' id='line_1_6' title="bbox 123 523 1909 601; baseline 0.004 -22"><span class='ocrx_word' id='word_1_34' title='bbox 123 527 217 579; x_wconf 83' lang='grc' dir='ltr'><em>καὶ</em></span> <span class='ocrx_word' id='word_1_35' title='bbox 253 530 369 580; x_wconf 76' lang='grc' dir='ltr'><em>τῶν</em></span> <span class='ocrx_word' id='word_1_36' title='bbox 407 523 596 579; x_wconf 79' lang='grc' dir='ltr'><em>ἄλλων</em></span> <span class='ocrx_word' id='word_1_37' title='bbox 635 523 719 579; x_wconf 82' lang='grc' dir='ltr'><em>ἑνὶ</em></span> <span class='ocrx_word' id='word_1_38' title='bbox 757 526 905 596; x_wconf 76' lang='grc' dir='ltr'><em>λόγῳ</em></span> <span class='ocrx_word' id='word_1_39' title='bbox 944 524 1209 580; x_wconf 80' lang='grc' dir='ltr'><em>ἁπάντων</em></span> <span class='ocrx_word' id='word_1_40' title='bbox 1245 532 1343 597; x_wconf 84' lang='grc' dir='ltr'><em>τῆς</em></span> <span class='ocrx_word' id='word_1_41' title='bbox 1379 529 1593 599; x_wconf 80' lang='grc' dir='ltr'><em>οὐσίας,</em></span> <span class='ocrx_word' id='word_1_42' title='bbox 1634 530 1666 585; x_wconf 83' lang='grc' dir='ltr'>ὃ</span> <span class='ocrx_word' id='word_1_43' title='bbox 1701 533 1909 601; x_wconf 80' lang='grc' dir='ltr'><em>τυγχά-</em></span> 
     </span>
     <span class='ocr_line' id='line_1_7' title="bbox 121 603 1964 685; baseline 0.004 -21"><span class='ocrx_word' id='word_1_44' title='bbox 121 631 209 664; x_wconf 91' lang='grc' dir='ltr'><em>νει</em></span> <span class='ocrx_word' id='word_1_45' title='bbox 256 611 494 664; x_wconf 82' lang='grc' dir='ltr'><em>ἕκαστον</em></span> <span class='ocrx_word' id='word_1_46' title='bbox 542 607 635 662; x_wconf 82' lang='grc' dir='ltr'><em>ὄν·</em></span> <span class='ocrx_word' id='word_1_47' title='bbox 703 603 813 679; x_wconf 76' lang='grc' dir='ltr'><em>ἆρα</em></span> <span class='ocrx_word' id='word_1_48' title='bbox 865 608 958 664; x_wconf 77' lang='grc' dir='ltr'><em>διὰ</em></span> <span class='ocrx_word' id='word_1_49' title='bbox 1002 614 1105 664; x_wconf 85' lang='grc' dir='ltr'><em>τοῦ</em></span> <span class='ocrx_word' id='word_1_50' title='bbox 1152 611 1405 681; x_wconf 75' lang='grc' dir='ltr'><em>σώματος</em></span> <span class='ocrx_word' id='word_1_51' title='bbox 1443 612 1632 668; x_wconf 77' lang='grc' dir='ltr'><em>αὐτῶν</em></span> <span class='ocrx_word' id='word_1_52' title='bbox 1668 615 1964 685; x_wconf 79' lang='grc' dir='ltr'><em>τᾶληθέ-Ε</em></span> 
     </span>
     <span class='ocr_line' id='line_1_8' title="bbox 123 686 1910 769; baseline 0.004 -22"><span class='ocrx_word' id='word_1_53' title='bbox 123 709 328 748; x_wconf 90' lang='grc' dir='ltr'><em>στατον</em></span> <span class='ocrx_word' id='word_1_54' title='bbox 363 699 691 763; x_wconf 78' lang='grc' dir='ltr'><em>θεωρεῖται,</em></span> <span class='ocrx_word' id='word_1_55' title='bbox 730 694 766 763; x_wconf 78' lang='grc' dir='ltr'><em>ἢ</em></span> <span class='ocrx_word' id='word_1_56' title='bbox 805 686 906 747; x_wconf 70' lang='grc' dir='ltr'><em>οἶδ’</em></span> <span class='ocrx_word' id='word_1_57' title='bbox 947 697 1084 764; x_wconf 82' lang='grc' dir='ltr'><em>ἔχει·</em></span> <span class='ocrx_word' id='word_1_58' title='bbox 1137 693 1198 759; x_wconf 81' lang='grc' dir='ltr'><em>ὃς</em></span> <span class='ocrx_word' id='word_1_59' title='bbox 1235 694 1306 749; x_wconf 71' lang='grc' dir='ltr'><em>ἂν</em></span> <span class='ocrx_word' id='word_1_60' title='bbox 1342 698 1581 766; x_wconf 81' lang='grc' dir='ltr'><em>μάλιστα</em></span> <span class='ocrx_word' id='word_1_61' title='bbox 1617 698 1778 769; x_wconf 77' lang='grc' dir='ltr'><em>ἡμῶν</em></span> <span class='ocrx_word' id='word_1_62' title='bbox 1816 702 1910 753; x_wconf 83' lang='grc' dir='ltr'><em>καὶ</em></span> 
     </span>
     <span class='ocr_line' id='line_1_9' title="bbox 118 776 1909 854; baseline 0.004 -23"><span class='ocrx_word' id='word_1_63' title='bbox 118 776 495 847; x_wconf 73' lang='grc' dir='ltr'><em>ἀκριβέστατα</em></span> <span class='ocrx_word' id='word_1_64' title='bbox 532 778 1025 848; x_wconf 76' lang='grc' dir='ltr'><em>παρασκευάσηται</em></span> <span class='ocrx_word' id='word_1_65' title='bbox 1064 777 1202 832; x_wconf 85' lang='grc' dir='ltr'><em>αὐτὸ</em></span> <span class='ocrx_word' id='word_1_66' title='bbox 1239 780 1477 835; x_wconf 79' lang='grc' dir='ltr'><em>ἕκαστον</em></span> <span class='ocrx_word' id='word_1_67' title='bbox 1516 784 1909 854; x_wconf 83' lang='grc' dir='ltr'><em>διανοηθῆναι,</em></span> 
     </span>
     <span class='ocr_line' id='line_1_10' title="bbox 122 854 1909 935; baseline 0.004 -20"><span class='ocrx_word' id='word_1_68' title='bbox 122 863 252 932; x_wconf 86' lang='grc' dir='ltr'><em>περὶ</em></span> <span class='ocrx_word' id='word_1_69' title='bbox 289 855 362 916; x_wconf 77' lang='grc' dir='ltr'><em>οὗ</em></span> <span class='ocrx_word' id='word_1_70' title='bbox 397 870 615 929; x_wconf 79' lang='grc' dir='ltr'><em>σκοπεῖ,</em></span> <span class='ocrx_word' id='word_1_71' title='bbox 655 854 821 925; x_wconf 77' lang='grc' dir='ltr'><em>οὗτος</em></span> <span class='ocrx_word' id='word_1_72' title='bbox 859 862 929 915; x_wconf 73' lang='grc' dir='ltr'><em>ἄν</em></span> <span class='ocrx_word' id='word_1_73' title='bbox 969 864 1247 931; x_wconf 80' lang='grc' dir='ltr'><em>ἐγγύτατα</em></span> <span class='ocrx_word' id='word_1_74' title='bbox 1274 869 1350 917; x_wconf 85' lang='grc' dir='ltr'><em>ἱόι</em></span> <span class='ocrx_word' id='word_1_75' title='bbox 1386 869 1489 919; x_wconf 86' lang='grc' dir='ltr'><em>τοῦ</em></span> <span class='ocrx_word' id='word_1_76' title='bbox 1525 872 1743 935; x_wconf 77' lang='grc' dir='ltr'><em>γνῶναι</em></span> <span class='ocrx_word' id='word_1_77' title='bbox 1778 870 1909 923; x_wconf 81' lang='grc' dir='ltr'><em>ἕκα-</em></span> 
     </span>
     <span class='ocr_line' id='line_1_11' title="bbox 122 939 1910 1023; baseline 0.004 -23"><span class='ocrx_word' id='word_1_78' title='bbox 122 960 286 1010; x_wconf 78' lang='grc' dir='ltr'><em>στον;</em></span> <span class='ocrx_word' id='word_1_79' title='bbox 327 946 496 999; x_wconf 83' lang='grc' dir='ltr'><em>Πάνυ</em></span> <span class='ocrx_word' id='word_1_80' title='bbox 534 945 638 1014; x_wconf 77' lang='grc' dir='ltr'><em>μὲν</em></span> <span class='ocrx_word' id='word_1_81' title='bbox 676 939 801 999; x_wconf 83' lang='grc' dir='ltr'><em>οὐν.</em></span> <span class='ocrx_word' id='word_1_82' title='bbox 869 940 988 1014; x_wconf 76' lang='grc' dir='ltr'><em>Ἆρ’</em></span> <span class='ocrx_word' id='word_1_83' title='bbox 1029 941 1137 1000; x_wconf 79' lang='grc' dir='ltr'><em>οὖν</em></span> <span class='ocrx_word' id='word_1_84' title='bbox 1176 949 1394 1011; x_wconf 77' lang='grc' dir='ltr'><em>ἐκεῖνος</em></span> <span class='ocrx_word' id='word_1_85' title='bbox 1432 948 1503 1002; x_wconf 76' lang='grc' dir='ltr'><em>ἂν</em></span> <span class='ocrx_word' id='word_1_86' title='bbox 1538 956 1706 1005; x_wconf 84' lang='grc' dir='ltr'><em>τοῦτο</em></span> <span class='ocrx_word' id='word_1_87' title='bbox 1745 955 1910 1023; x_wconf 84' lang='grc' dir='ltr'><em>ποιή-</em></span> 
     </span>
     <span class='ocr_line' id='line_1_12' title="bbox 121 1027 1911 1106; baseline 0.003 -23"><span class='ocrx_word' id='word_1_88' title='bbox 121 1044 238 1084; x_wconf 88' lang='grc' dir='ltr'><em>σειε</em></span> <span class='ocrx_word' id='word_1_89' title='bbox 285 1029 687 1098; x_wconf 75' lang='grc' dir='ltr'><em>καθαρώτατα,</em></span> <span class='ocrx_word' id='word_1_90' title='bbox 739 1028 883 1094; x_wconf 79' lang='grc' dir='ltr'><em>ὅςτις</em></span> <span class='ocrx_word' id='word_1_91' title='bbox 929 1027 962 1082; x_wconf 79' lang='grc' dir='ltr'>ὅ</span> <span class='ocrx_word' id='word_1_92' title='bbox 1005 1049 1058 1083; x_wconf 92' lang='grc' dir='ltr'><em>τι</em></span> <span class='ocrx_word' id='word_1_93' title='bbox 1106 1031 1346 1099; x_wconf 78' lang='grc' dir='ltr'><em>μάλιστα</em></span> <span class='ocrx_word' id='word_1_94' title='bbox 1392 1031 1536 1103; x_wconf 82' lang='grc' dir='ltr'><em>αὐτῇ</em></span> <span class='ocrx_word' id='word_1_95' title='bbox 1582 1039 1650 1104; x_wconf 83' lang='grc' dir='ltr'><em>τῇ</em></span> <span class='ocrx_word' id='word_1_96' title='bbox 1689 1037 1911 1106; x_wconf 79' lang='grc' dir='ltr'><em>διανοίᾳ</em></span> 
     </span>
    </p>

    <p class='ocr_par' dir='ltr' id='par_1_4' title="bbox 51 1109 1994 1439">
     <span class='ocr_line' id='line_1_13' title="bbox 51 1109 1911 1191; baseline 0.003 -25"><span class='ocrx_word' id='word_1_97' title='bbox 51 1161 65 1166; x_wconf 82' lang='grc'><em>-</em></span> <span class='ocrx_word' id='word_1_98' title='bbox 120 1113 199 1166; x_wconf 80' lang='grc' dir='ltr'><em>ἴοι</em></span> <span class='ocrx_word' id='word_1_99' title='bbox 248 1111 340 1182; x_wconf 84' lang='grc' dir='ltr'><em>ἐφ’</em></span> <span class='ocrx_word' id='word_1_100' title='bbox 392 1113 658 1181; x_wconf 77' lang='grc' dir='ltr'><em>ἕκαστον,</em></span> <span class='ocrx_word' id='word_1_101' title='bbox 706 1114 843 1183; x_wconf 84' lang='grc' dir='ltr'><em>μήτε</em></span> <span class='ocrx_word' id='word_1_102' title='bbox 883 1111 991 1183; x_wconf 79' lang='grc' dir='ltr'><em>τὴν</em></span> <span class='ocrx_word' id='word_1_103' title='bbox 1039 1112 1174 1179; x_wconf 81' lang='grc' dir='ltr'><em>ὄψιν</em></span> <span class='ocrx_word' id='word_1_104' title='bbox 1220 1109 1668 1186; x_wconf 76' lang='grc' dir='ltr'><em>παρατιθέμενος</em></span> <span class='ocrx_word' id='word_1_105' title='bbox 1715 1120 1780 1173; x_wconf 83' lang='grc' dir='ltr'><em>ἐν</em></span> <span class='ocrx_word' id='word_1_106' title='bbox 1835 1125 1911 1191; x_wconf 76' lang='grc' dir='ltr'><em>τῷ</em></span> 
     </span>
     <span class='ocr_line' id='line_1_14' title="bbox 125 1195 1912 1275; baseline 0.004 -25"><span class='ocrx_word' id='word_1_107' title='bbox 125 1199 479 1251; x_wconf 75' lang='grc' dir='ltr'><em>διανοεῖσθαι</em></span> <span class='ocrx_word' id='word_1_108' title='bbox 523 1197 660 1267; x_wconf 82' lang='grc' dir='ltr'><em>μήτε</em></span> <span class='ocrx_word' id='word_1_109' title='bbox 704 1195 831 1250; x_wconf 78' lang='grc' dir='ltr'><em>τινα</em></span> <span class='ocrx_word' id='word_1_110' title='bbox 873 1195 1053 1267; x_wconf 78' lang='grc' dir='ltr'><em>ἄλλην</em></span> <span class='ocrx_word' id='word_1_111' title='bbox 1111 1202 1381 1268; x_wconf 82' lang='grc' dir='ltr'><em>αἴσθησιν</em></span> <span class='ocrx_word' id='word_1_112' title='bbox 1428 1201 1684 1269; x_wconf 79' lang='grc' dir='ltr'><em>ἐφέλκων</em></span> <span class='ocrx_word' id='word_1_113' title='bbox 1739 1205 1912 1275; x_wconf 88' lang='grc' dir='ltr'><em>μηδε-</em></span> 
     </span>
     <span class='ocr_line' id='line_1_15' title="bbox 122 1278 1994 1357; baseline 0.004 -23"><span class='ocrx_word' id='word_1_114' title='bbox 122 1284 258 1352; x_wconf 83' lang='grc' dir='ltr'><em>μίαν</em></span> <span class='ocrx_word' id='word_1_115' title='bbox 295 1278 432 1351; x_wconf 78' lang='grc' dir='ltr'><em>μετα</em></span> <span class='ocrx_word' id='word_1_116' title='bbox 469 1285 571 1334; x_wconf 82' lang='grc' dir='ltr'><em>τοῦ</em></span> <span class='ocrx_word' id='word_1_117' title='bbox 610 1285 903 1354; x_wconf 75' lang='grc' dir='ltr'><em>λογισμοῦ,</em></span> <span class='ocrx_word' id='word_1_118' title='bbox 944 1280 1070 1334; x_wconf 77' lang='grc' dir='ltr'><em>ἀλλ’</em></span> <span class='ocrx_word' id='word_1_119' title='bbox 1099 1282 1242 1352; x_wconf 80' lang='grc' dir='ltr'><em>αὐτῇ</em></span> <span class='ocrx_word' id='word_1_120' title='bbox 1279 1283 1414 1337; x_wconf 80' lang='grc' dir='ltr'><em>καθ’</em></span> <span class='ocrx_word' id='word_1_121' title='bbox 1455 1281 1636 1354; x_wconf 79' lang='grc' dir='ltr'><em>αὐτὴν</em></span> <span class='ocrx_word' id='word_1_122' title='bbox 1676 1287 1910 1357; x_wconf 74' lang='grc' dir='ltr'><em>εἰλικρι-</em></span> <span class='ocrx_word' id='word_1_123' title='bbox 1937 1302 1994 1342; x_wconf 86' lang='grc'><em>66</em></span> 
     </span>
     <span class='ocr_line' id='line_1_16' title="bbox 123 1364 1908 1439; baseline 0.004 -21"><span class='ocrx_word' id='word_1_124' title='bbox 123 1373 216 1419; x_wconf 85' lang='grc' dir='ltr'><strong><em>νεῖ</em></strong></span> <span class='ocrx_word' id='word_1_125' title='bbox 247 1370 315 1436; x_wconf 79' lang='grc' dir='ltr'><em>τῇ</em></span> <span class='ocrx_word' id='word_1_126' title='bbox 355 1367 576 1436; x_wconf 78' lang='grc' dir='ltr'><em>διανοίᾳ</em></span> <span class='ocrx_word' id='word_1_127' title='bbox 613 1365 899 1434; x_wconf 70' lang='grc' dir='ltr'><em>χρεόμενος</em></span> <span class='ocrx_word' id='word_1_128' title='bbox 937 1364 1072 1420; x_wconf 80' lang='grc' dir='ltr'><em>αὐτὸ</em></span> <span class='ocrx_word' id='word_1_129' title='bbox 1114 1365 1249 1420; x_wconf 85' lang='grc' dir='ltr'><em>καθ’</em></span> <span class='ocrx_word' id='word_1_130' title='bbox 1278 1366 1417 1421; x_wconf 85' lang='grc' dir='ltr'><em>αὐτὸ</em></span> <span class='ocrx_word' id='word_1_131' title='bbox 1446 1370 1743 1439; x_wconf 81' lang='grc' dir='ltr'><em>εἰλικρινὲς</em></span> <span class='ocrx_word' id='word_1_132' title='bbox 1778 1371 1908 1424; x_wconf 82' lang='grc' dir='ltr'><em>ἕκα-</em></span> 
     </span>
    </p>
   </div>
   <div class='ocr_carea' id='block_1_4' title="bbox 125 1514 1909 1635">
    <p class='ocr_par' dir='ltr' id='par_1_5' title="bbox 125 1514 1909 1635">
     <span class='ocr_line' id='line_1_17' title="bbox 240 1514 1909 1591; baseline 0.002 -27"><span class='ocrx_word' id='word_1_133' title='bbox 240 1515 431 1564; x_wconf 83' lang='grc' dir='ltr'><em>αὐτῶν</em></span> <span class='ocrx_word' id='word_1_134' title='bbox 459 1514 927 1588; x_wconf 87' lang='grc' dir='ltr'><em>ταληθέστατον]</em></span> <span class='ocrx_word' id='word_1_135' title='bbox 960 1525 1014 1567; x_wconf 84' lang='lat' dir='ltr'><strong>V.</strong></span> <span class='ocrx_word' id='word_1_136' title='bbox 1023 1517 1397 1591; x_wconf 71' lang='grc' dir='ltr'><em>τάληθέστατον</em></span> <span class='ocrx_word' id='word_1_137' title='bbox 1419 1520 1581 1568; x_wconf 81' lang='grc' dir='ltr'><em>αὐτῶν</em></span> <span class='ocrx_word' id='word_1_138' title='bbox 1609 1528 1754 1567; x_wconf 83' lang='lat' dir='ltr'>invitis</span> <span class='ocrx_word' id='word_1_139' title='bbox 1785 1528 1909 1570; x_wconf 84' lang='lat' dir='ltr'>codd.</span> 
     </span>
     <span class='ocr_line' id='line_1_18' title="bbox 125 1572 1700 1635; baseline 0.003 -16"><span class='ocrx_word' id='word_1_140' title='bbox 125 1579 331 1634; x_wconf 85' lang='lat' dir='ltr'>plurimis,</span> <span class='ocrx_word' id='word_1_141' title='bbox 356 1591 411 1619; x_wconf 82' lang='lat' dir='ltr'>ex</span> <span class='ocrx_word' id='word_1_142' title='bbox 433 1579 585 1628; x_wconf 86' lang='lat' dir='ltr'>quibus</span> <span class='ocrx_word' id='word_1_143' title='bbox 607 1579 728 1622; x_wconf 91' lang='lat' dir='ltr'><strong>Bodl.</strong></span> <span class='ocrx_word' id='word_1_144' title='bbox 752 1572 910 1621; x_wconf 84' lang='grc' dir='ltr'><em>αὐτῶν</em></span> <span class='ocrx_word' id='word_1_145' title='bbox 931 1573 982 1621; x_wconf 82' lang='grc' dir='ltr'><em>τὸ</em></span> <span class='ocrx_word' id='word_1_146' title='bbox 1007 1573 1341 1635; x_wconf 86' lang='grc' dir='ltr'><em>αληθέστατον</em></span> <span class='ocrx_word' id='word_1_147' title='bbox 1361 1583 1474 1622; x_wconf 77' lang='lat' dir='ltr'>masi</span> <span class='ocrx_word' id='word_1_148' title='bbox 1494 1582 1700 1635; x_wconf 81' lang='lat' dir='ltr'>neglecta.</span> 
     </span>
    </p>
   </div>
   <div class='ocr_carea' id='block_1_5' title="bbox 125 1628 1911 1801">
    <p class='ocr_par' dir='ltr' id='par_1_6' title="bbox 125 1628 1911 1801">
     <span class='ocr_line' id='line_1_19' title="bbox 238 1628 1911 1691; baseline 0.002 -15"><span class='ocrx_word' id='word_1_149' title='bbox 238 1636 288 1676; x_wconf 89' lang='lat' dir='ltr'><strong>E.</strong></span> <span class='ocrx_word' id='word_1_150' title='bbox 319 1628 462 1689; x_wconf 87' lang='grc' dir='ltr'><em>μήτε</em></span> <span class='ocrx_word' id='word_1_151' title='bbox 484 1629 641 1687; x_wconf 79' lang='grc' dir='ltr'><em>τινά]</em></span> <span class='ocrx_word' id='word_1_152' title='bbox 672 1629 781 1677; x_wconf 77' lang='grc' dir='ltr'><em>τινά</em></span> <span class='ocrx_word' id='word_1_153' title='bbox 801 1635 916 1676; x_wconf 80' lang='lat' dir='ltr'>haud</span> <span class='ocrx_word' id='word_1_154' title='bbox 944 1636 1072 1677; x_wconf 89' lang='lat' dir='ltr'>dubie</span> <span class='ocrx_word' id='word_1_155' title='bbox 1093 1644 1267 1691; x_wconf 77' lang='lat' dir='ltr'>propter</span> <span class='ocrx_word' id='word_1_156' title='bbox 1296 1650 1386 1689; x_wconf 88' lang='lat' dir='ltr'>seq.</span> <span class='ocrx_word' id='word_1_157' title='bbox 1414 1636 1658 1691; x_wconf 87' lang='grc' dir='ltr'><em>μηδεμίαν</em></span> <span class='ocrx_word' id='word_1_158' title='bbox 1690 1647 1911 1681; x_wconf 83' lang='lat' dir='ltr'><strong>extrusum</strong></span> 
     </span>
     <span class='ocr_line' id='line_1_20' title="bbox 125 1690 1910 1740; baseline 0.002 -7"><span class='ocrx_word' id='word_1_159' title='bbox 125 1690 900 1735; x_wconf 70' lang='lat' dir='ltr'>rectetuemurssodl.Vat.Ven.11</span> <span class='ocrx_word' id='word_1_160' title='bbox 923 1693 1029 1733; x_wconf 91' lang='lat' dir='ltr'><strong>Tub.</strong></span> <span class='ocrx_word' id='word_1_161' title='bbox 1052 1693 1183 1736; x_wconf 89' lang='lat' dir='ltr'>Vind.</span> <span class='ocrx_word' id='word_1_162' title='bbox 1208 1693 1246 1735; x_wconf 89' lang='grc' dir='ltr'><strong><em>Φ</em></strong></span> <span class='ocrx_word' id='word_1_163' title='bbox 1268 1694 1414 1735; x_wconf 87' lang='lat' dir='ltr'><strong>Ambr.</strong></span> <span class='ocrx_word' id='word_1_164' title='bbox 1439 1694 1550 1738; x_wconf 82' lang='lat' dir='ltr'><strong>F101.</strong></span> <span class='ocrx_word' id='word_1_165' title='bbox 1572 1695 1600 1735; x_wconf 92' lang='lat' dir='ltr'><em>i.</em></span> <span class='ocrx_word' id='word_1_166' title='bbox 1626 1708 1665 1736; x_wconf 88' lang='lat' dir='ltr'><strong>v.</strong></span> <span class='ocrx_word' id='word_1_167' title='bbox 1690 1707 1787 1737; x_wconf 82' lang='lat' dir='ltr'><strong>ann.</strong></span> <span class='ocrx_word' id='word_1_168' title='bbox 1811 1698 1910 1740; x_wconf 78' lang='lat' dir='ltr'><strong>Zitt.</strong></span> 
     </span>
     <span class='ocr_line' id='line_1_21' title="bbox 125 1740 544 1801; baseline -0.002 -13"><span class='ocrx_word' id='word_1_169' title='bbox 125 1748 253 1790; x_wconf 80' lang='lat' dir='ltr'>habet</span> <span class='ocrx_word' id='word_1_170' title='bbox 272 1740 388 1790; x_wconf 74' lang='grc' dir='ltr'><em>οὐδὲ</em></span> <span class='ocrx_word' id='word_1_171' title='bbox 410 1746 544 1801; x_wconf 86' lang='grc' dir='ltr'><em>μίαν.</em></span> 
     </span>
    </p>
   </div>
   <div class='ocr_carea' id='block_1_6' title="bbox 239 1799 1908 1862">
    <p class='ocr_par' dir='ltr' id='par_1_7' title="bbox 239 1799 1908 1862">
     <span class='ocr_line' id='line_1_22' title="bbox 239 1799 1908 1862; baseline 0.003 -18"><span class='ocrx_word' id='word_1_172' title='bbox 239 1805 284 1846; x_wconf 90' lang='lat' dir='ltr'><em>P.</em></span> <span class='ocrx_word' id='word_1_173' title='bbox 306 1805 377 1848; x_wconf 88' lang='grc'><em>66.</em></span> <span class='ocrx_word' id='word_1_174' title='bbox 394 1799 763 1862; x_wconf 85' lang='grc' dir='ltr'><em>εἰλικρινές]</em></span> <span class='ocrx_word' id='word_1_175' title='bbox 809 1799 1062 1859; x_wconf 82' lang='grc' dir='ltr'><em>εἷλικρινές</em></span> <span class='ocrx_word' id='word_1_176' title='bbox 1092 1816 1188 1843; x_wconf 86' lang='lat' dir='ltr'><em>cum</em></span> <span class='ocrx_word' id='word_1_177' title='bbox 1216 1805 1368 1858; x_wconf 85' lang='lat' dir='ltr'>spiritu</span> <span class='ocrx_word' id='word_1_178' title='bbox 1399 1818 1552 1858; x_wconf 79' lang='lat' dir='ltr'>aspeio</span> <span class='ocrx_word' id='word_1_179' title='bbox 1585 1807 1705 1848; x_wconf 87' lang='lat' dir='ltr'><strong>Bodl.</strong></span> <span class='ocrx_word' id='word_1_180' title='bbox 1747 1809 1854 1851; x_wconf 84' lang='lat' dir='ltr'><strong>Flor.</strong></span> <span class='ocrx_word' id='word_1_181' title='bbox 1879 1811 1908 1861; x_wconf 87' lang='lat' dir='ltr'>i,</span> 
     </span>
    </p>
   </div>
   <div class='ocr_carea' id='block_1_7' title="bbox 127 1930 973 1982">
    <p class='ocr_par' dir='ltr' id='par_1_8' title="bbox 127 1930 973 1982">
     <span class='ocr_line' id='line_1_23' title="bbox 127 1930 973 1982; baseline -0.006 -9"><span class='ocrx_word' id='word_1_182' title='bbox 127 1944 255 1973; x_wconf 88' lang='lat' dir='ltr'>mune</span> <span class='ocrx_word' id='word_1_183' title='bbox 294 1943 344 1971; x_wconf 83' lang='lat' dir='ltr'>ae</span> <span class='ocrx_word' id='word_1_184' title='bbox 384 1930 586 1980; x_wconf 88' lang='lat' dir='ltr'>liberum,</span> <span class='ocrx_word' id='word_1_185' title='bbox 617 1930 806 1982; x_wconf 83' lang='lat' dir='ltr'>nullique</span> <span class='ocrx_word' id='word_1_186' title='bbox 834 1937 973 1968; x_wconf 80' lang='lat' dir='ltr'>muta-</span> 
     </span>
    </p>
   </div>
   <div class='ocr_carea' id='block_1_8' title="bbox 127 1933 1905 2038">
    <p class='ocr_par' dir='ltr' id='par_1_9' title="bbox 127 1933 1905 2038">
     <span class='ocr_line' id='line_1_24' title="bbox 1063 1933 1905 1983; baseline 0.005 -14"><span class='ocrx_word' id='word_1_187' title='bbox 1063 1941 1159 1980; x_wconf 91' lang='lat' dir='ltr'>que</span> <span class='ocrx_word' id='word_1_188' title='bbox 1199 1941 1289 1982; x_wconf 84' lang='lat' dir='ltr'>per</span> <span class='ocrx_word' id='word_1_189' title='bbox 1329 1941 1382 1969; x_wconf 88' lang='lat' dir='ltr'>se</span> <span class='ocrx_word' id='word_1_190' title='bbox 1420 1938 1742 1983; x_wconf 80' lang='lat' dir='ltr'>spectatum,</span> <span class='ocrx_word' id='word_1_191' title='bbox 1787 1933 1828 1977; x_wconf 88' lang='lat' dir='ltr'><strong>h</strong></span> <span class='ocrx_word' id='word_1_192' title='bbox 1870 1947 1905 1977; x_wconf 92' lang='lat' dir='ltr'>e</span> 
     </span>
     <span class='ocr_line' id='line_1_25' title="bbox 127 1977 975 2038; baseline -0.005 -9"><span class='ocrx_word' id='word_1_193' title='bbox 127 1989 235 2030; x_wconf 80' lang='lat' dir='ltr'>tioni</span> <span class='ocrx_word' id='word_1_194' title='bbox 265 1987 510 2038; x_wconf 80' lang='lat' dir='ltr'>obnoxium,</span> <span class='ocrx_word' id='word_1_195' title='bbox 541 1998 687 2026; x_wconf 83' lang='lat' dir='ltr'>revera</span> <span class='ocrx_word' id='word_1_196' title='bbox 715 1993 778 2025; x_wconf 83' lang='lat' dir='ltr'>est</span> <span class='ocrx_word' id='word_1_197' title='bbox 808 1977 975 2035; x_wconf 82' lang='grc' dir='ltr'><em>(ὅντως</em></span> 
     </span>
    </p>
   </div>
   <div class='ocr_carea' id='block_1_9' title="bbox 1062 1985 1910 2035">
    <p class='ocr_par' dir='ltr' id='par_1_10' title="bbox 1062 1985 1910 2035">
     <span class='ocr_line' id='line_1_26' title="bbox 1062 1985 1910 2035; baseline 0.008 -11"><span class='ocrx_word' id='word_1_198' title='bbox 1062 1985 1322 2035; x_wconf 77' lang='lat' dir='ltr'>cuiusque</span> <span class='ocrx_word' id='word_1_199' title='bbox 1351 1986 1430 2024; x_wconf 89' lang='lat' dir='ltr'><em>rei</em></span> <span class='ocrx_word' id='word_1_200' title='bbox 1459 1994 1696 2028; x_wconf 79' lang='lat' dir='ltr'><strong>naturam</strong></span> <span class='ocrx_word' id='word_1_201' title='bbox 1727 1997 1775 2029; x_wconf 87' lang='lat' dir='ltr'>et</span> <span class='ocrx_word' id='word_1_202' title='bbox 1804 1989 1910 2031; x_wconf 86' lang='lat' dir='ltr'>for-</span> 
     </span>
    </p>
   </div>
   <div class='ocr_carea' id='block_1_10' title="bbox 6 2759 278 2815">
    <p class='ocr_par' dir='ltr' id='par_1_11' title="bbox 6 2759 278 2815">
     <span class='ocr_line' id='line_1_27' title="bbox 6 2759 278 2815; baseline -0.004 -1"><span class='ocrx_word' id='word_1_203' title='bbox 6 2759 63 2803; x_wconf 62' lang='lat'><em>&#39;*-</em></span> <span class='ocrx_word' id='word_1_204' title='bbox 133 2775 193 2815; x_wconf 79' lang='lat' dir='ltr'><em>ita</em></span> <span class='ocrx_word' id='word_1_205' title='bbox 231 2782 278 2813; x_wconf 83' lang='lat' dir='ltr'><em>ut</em></span> 
     </span>
    </p>
   </div>
   <div class='ocr_carea' id='block_1_11' title="bbox 0 3265 43 3718">
    <p class='ocr_par' dir='ltr' id='par_1_12' title="bbox 0 3265 43 3718">
     <span class='ocr_line' id='line_1_28' title="bbox 0 3265 43 3718; baseline 0 0"><span class='ocrx_word' id='word_1_206' title='bbox 0 3265 43 3718; x_wconf 95' lang='lat' dir='ltr'><em> </em></span> 
     </span>
    </p>
   </div>
   <div class='ocr_carea' id='block_1_12' title="bbox 4 2847 33 3258">
    <p class='ocr_par' dir='ltr' id='par_1_13' title="bbox 4 2847 33 3258">
     <span class='ocr_line' id='line_1_29' title="bbox 4 2847 27 3248; textangle 90"><span class='ocrx_word' id='word_1_207' title='bbox 5 3224 17 3248; x_wconf 52' lang='lat' dir='ltr'><em>{a</em></span> <span class='ocrx_word' id='word_1_208' title='bbox 5 3162 19 3190; x_wconf 56' lang='lat' dir='ltr'><em>‘J&#39;</em></span> <span class='ocrx_word' id='word_1_209' title='bbox 4 2987 22 3129; x_wconf 42' lang='lat' dir='ltr'><em>amm-*93*</em></span> <span class='ocrx_word' id='word_1_210' title='bbox 6 2928 15 2950; x_wconf 47' lang='lat' dir='ltr'><em>„x</em></span> <span class='ocrx_word' id='word_1_211' title='bbox 9 2847 27 2861; x_wconf 62' lang='lat' dir='ltr'><em>J</em></span> 
     </span>
     <span class='ocr_line' id='line_1_30' title="bbox 19 3166 33 3258; textangle 90"><span class='ocrx_word' id='word_1_212' title='bbox 19 3166 33 3258; x_wconf 48' lang='lat' dir='ltr'><em>*m‘‚*-„</em></span> 
     </span>
    </p>
   </div>
   <div class='ocr_carea' id='block_1_13' title="bbox 127 2040 982 3495">
    <p class='ocr_par' dir='ltr' id='par_1_14' title="bbox 127 2040 975 2254">
     <span class='ocr_line' id='line_1_31' title="bbox 129 2040 975 2096; baseline -0.008 -9"><span class='ocrx_word' id='word_1_213' title='bbox 129 2040 305 2096; x_wconf 77' lang='grc' dir='ltr'><em>ἔστιν),</em></span> <span class='ocrx_word' id='word_1_214' title='bbox 343 2055 439 2084; x_wconf 85' lang='lat' dir='ltr'>eum</span> <span class='ocrx_word' id='word_1_215' title='bbox 469 2055 540 2094; x_wconf 84' lang='lat' dir='ltr'>ea,</span> <span class='ocrx_word' id='word_1_216' title='bbox 571 2053 679 2092; x_wconf 83' lang='lat' dir='ltr'>quae</span> <span class='ocrx_word' id='word_1_217' title='bbox 709 2041 788 2081; x_wconf 87' lang='lat' dir='ltr'><em>sub</em></span> <span class='ocrx_word' id='word_1_218' title='bbox 821 2053 975 2081; x_wconf 86' lang='lat' dir='ltr'>sensus</span> 
     </span>
     <span class='ocr_line' id='line_1_32' title="bbox 128 2097 974 2153; baseline -0.008 -11"><span class='ocrx_word' id='word_1_219' title='bbox 128 2102 300 2151; x_wconf 82' lang='lat' dir='ltr'>cadunt,</span> <span class='ocrx_word' id='word_1_220' title='bbox 331 2108 536 2153; x_wconf 82' lang='lat' dir='ltr'>perpetua</span> <span class='ocrx_word' id='word_1_221' title='bbox 565 2098 820 2137; x_wconf 69' lang='lat' dir='ltr'><strong>fluctuantur</strong></span> <span class='ocrx_word' id='word_1_222' title='bbox 841 2097 974 2149; x_wconf 83' lang='lat' dir='ltr'>agita-</span> 
     </span>
     <span class='ocr_line' id='line_1_33' title="bbox 127 2152 976 2206; baseline -0.007 -8"><span class='ocrx_word' id='word_1_223' title='bbox 127 2159 245 2199; x_wconf 76' lang='lat' dir='ltr'>tione</span> <span class='ocrx_word' id='word_1_224' title='bbox 275 2167 413 2206; x_wconf 87' lang='lat' dir='ltr'>neque</span> <span class='ocrx_word' id='word_1_225' title='bbox 441 2161 597 2194; x_wconf 83' lang='lat' dir='ltr'>certam</span> <span class='ocrx_word' id='word_1_226' title='bbox 619 2152 805 2192; x_wconf 83' lang='lat' dir='ltr'>efficiant</span> <span class='ocrx_word' id='word_1_227' title='bbox 826 2154 976 2193; x_wconf 78' lang='lat' dir='ltr'>verita-</span> 
     </span>
     <span class='ocr_line' id='line_1_34' title="bbox 129 2212 505 2254; baseline -0.017 0"><span class='ocrx_word' id='word_1_228' title='bbox 129 2216 184 2254; x_wconf 76' lang='lat' dir='ltr'>tis</span> <span class='ocrx_word' id='word_1_229' title='bbox 206 2212 505 2253; x_wconf 68' lang='lat' dir='ltr'>monitionem.</span> 
     </span>
    </p>

    <p class='ocr_par' dir='ltr' id='par_1_15' title="bbox 131 2244 982 3208">
     <span class='ocr_line' id='line_1_35' title="bbox 186 2244 980 2317; baseline -0.006 -8"><span class='ocrx_word' id='word_1_230' title='bbox 186 2244 285 2310; x_wconf 64' lang='grc' dir='ltr'><em>καῗ</em></span> <span class='ocrx_word' id='word_1_231' title='bbox 315 2265 426 2308; x_wconf 84' lang='grc' dir='ltr'><em>τῶν</em></span> <span class='ocrx_word' id='word_1_232' title='bbox 454 2257 644 2306; x_wconf 69' lang='grc' dir='ltr'><em>ἄλλων</em></span> <span class='ocrx_word' id='word_1_233' title='bbox 668 2286 720 2292; x_wconf 94' lang='grc'><em>--</em></span> <span class='ocrx_word' id='word_1_234' title='bbox 748 2263 851 2317; x_wconf 84' lang='grc' dir='ltr'><em>τῆς</em></span> <span class='ocrx_word' id='word_1_235' title='bbox 882 2257 980 2305; x_wconf 86' lang='grc' dir='ltr'><em>οὐ-</em></span> 
     </span>
     <span class='ocr_line' id='line_1_36' title="bbox 131 2320 981 2377; baseline -0.006 -12"><span class='ocrx_word' id='word_1_236' title='bbox 131 2320 290 2377; x_wconf 86' lang='grc' dir='ltr'><em>σίας]</em></span> <span class='ocrx_word' id='word_1_237' title='bbox 332 2323 474 2362; x_wconf 81' lang='lat' dir='ltr'>Verba</span> <span class='ocrx_word' id='word_1_238' title='bbox 503 2321 582 2361; x_wconf 84' lang='lat' dir='ltr'><em>hoc</em></span> <span class='ocrx_word' id='word_1_239' title='bbox 611 2321 737 2361; x_wconf 87' lang='lat' dir='ltr'>modo</span> <span class='ocrx_word' id='word_1_240' title='bbox 766 2321 981 2374; x_wconf 79' lang='lat' dir='ltr'>iungenda</span> 
     </span>
     <span class='ocr_line' id='line_1_37' title="bbox 131 2369 981 2447; baseline -0.006 -25"><span class='ocrx_word' id='word_1_241' title='bbox 131 2388 253 2423; x_wconf 85' lang='lat' dir='ltr'>sunt</span> <span class='ocrx_word' id='word_1_242' title='bbox 294 2374 378 2447; x_wconf 45' lang='lat' dir='ltr'><em>neoc).</em></span> <span class='ocrx_word' id='word_1_243' title='bbox 419 2374 528 2442; x_wconf 86' lang='grc' dir='ltr'><em>περὶ</em></span> <span class='ocrx_word' id='word_1_244' title='bbox 568 2376 654 2442; x_wconf 85' lang='grc' dir='ltr'><em>τῆς</em></span> <span class='ocrx_word' id='word_1_245' title='bbox 689 2369 856 2424; x_wconf 84' lang='grc' dir='ltr'><em>οὐσίας</em></span> <span class='ocrx_word' id='word_1_246' title='bbox 885 2375 981 2418; x_wconf 80' lang='grc' dir='ltr'><em>τῶν</em></span> 
     </span>
     <span class='ocr_line' id='line_1_38' title="bbox 131 2425 980 2498; baseline -0.007 -19"><span class='ocrx_word' id='word_1_247' title='bbox 131 2429 287 2479; x_wconf 75' lang='grc' dir='ltr'><em>ἄλλων</em></span> <span class='ocrx_word' id='word_1_248' title='bbox 309 2426 383 2476; x_wconf 73' lang='grc' dir='ltr'><em>ἑνὶ</em></span> <span class='ocrx_word' id='word_1_249' title='bbox 407 2427 544 2496; x_wconf 76' lang='grc' dir='ltr'><em>λόγῳ</em></span> <span class='ocrx_word' id='word_1_250' title='bbox 542 2426 795 2498; x_wconf 80' lang='grc' dir='ltr'><em>απάντων,</em></span> <span class='ocrx_word' id='word_1_251' title='bbox 819 2425 845 2474; x_wconf 84' lang='grc' dir='ltr'><em>ὃ</em></span> <span class='ocrx_word' id='word_1_252' title='bbox 868 2447 980 2487; x_wconf 82' lang='grc' dir='ltr'><em>τυγ-</em></span> 
     </span>
     <span class='ocr_line' id='line_1_39' title="bbox 131 2481 978 2555; baseline -0.006 -21"><span class='ocrx_word' id='word_1_253' title='bbox 131 2487 267 2548; x_wconf 78' lang='grc' dir='ltr'><em>χάνει</em></span> <span class='ocrx_word' id='word_1_254' title='bbox 297 2486 498 2533; x_wconf 76' lang='grc' dir='ltr'><em>εκαστον</em></span> <span class='ocrx_word' id='word_1_255' title='bbox 527 2481 599 2531; x_wconf 85' lang='grc' dir='ltr'><em>ὅν.</em></span> <span class='ocrx_word' id='word_1_256' title='bbox 643 2487 820 2555; x_wconf 82' lang='lat' dir='ltr'>[Kriiger</span> <span class='ocrx_word' id='word_1_257' title='bbox 842 2490 883 2541; x_wconf 81' lang='lat'><strong>§.</strong></span> <span class='ocrx_word' id='word_1_258' title='bbox 907 2491 978 2540; x_wconf 81' lang='lat'><em>47,</em></span> 
     </span>
     <span class='ocr_line' id='line_1_40' title="bbox 131 2538 980 2602; baseline -0.006 -11"><span class='ocrx_word' id='word_1_259' title='bbox 131 2544 284 2602; x_wconf 85' lang='lat'><strong>9‚19.]</strong></span> <span class='ocrx_word' id='word_1_260' title='bbox 323 2547 563 2587; x_wconf 80' lang='lat' dir='ltr'>Fo1mu1am</span> <span class='ocrx_word' id='word_1_261' title='bbox 585 2538 657 2588; x_wconf 81' lang='grc' dir='ltr'><em>ἕνὶ</em></span> <span class='ocrx_word' id='word_1_262' title='bbox 680 2539 801 2601; x_wconf 80' lang='grc' dir='ltr'><em>λόγῳ</em></span> <span class='ocrx_word' id='word_1_263' title='bbox 823 2546 881 2586; x_wconf 86' lang='lat' dir='ltr'>ita</span> <span class='ocrx_word' id='word_1_264' title='bbox 901 2558 980 2599; x_wconf 91' lang='lat' dir='ltr'><em>po·</em></span> 
     </span>
     <span class='ocr_line' id='line_1_41' title="bbox 131 2587 979 2656; baseline -0.006 -10"><span class='ocrx_word' id='word_1_265' title='bbox 131 2607 255 2647; x_wconf 85' lang='lat' dir='ltr'>sitam</span> <span class='ocrx_word' id='word_1_266' title='bbox 282 2603 417 2643; x_wconf 82' lang='lat' dir='ltr'>habes</span> <span class='ocrx_word' id='word_1_267' title='bbox 448 2603 574 2656; x_wconf 84' lang='lat' dir='ltr'>Gorg.</span> <span class='ocrx_word' id='word_1_268' title='bbox 601 2615 645 2656; x_wconf 88' lang='lat' dir='ltr'><em>p.</em></span> <span class='ocrx_word' id='word_1_269' title='bbox 669 2587 820 2646; x_wconf 77' lang='lat'><strong>5241).</strong></span> <span class='ocrx_word' id='word_1_270' title='bbox 863 2602 979 2642; x_wconf 89' lang='lat' dir='ltr'>Indi-</span> 
     </span>
     <span class='ocr_line' id='line_1_42' title="bbox 133 2651 977 2703; baseline -0.005 -1"><span class='ocrx_word' id='word_1_271' title='bbox 133 2670 200 2702; x_wconf 85' lang='lat' dir='ltr'><em>oat</em></span> <span class='ocrx_word' id='word_1_272' title='bbox 220 2672 320 2703; x_wconf 88' lang='lat' dir='ltr'>vero</span> <span class='ocrx_word' id='word_1_273' title='bbox 343 2651 485 2700; x_wconf 87' lang='grc' dir='ltr'><em>οὐσία</em></span> <span class='ocrx_word' id='word_1_274' title='bbox 512 2671 653 2699; x_wconf 88' lang='lat' dir='ltr'>rerum</span> <span class='ocrx_word' id='word_1_275' title='bbox 673 2659 759 2700; x_wconf 89' lang='lat' dir='ltr'>vim</span> <span class='ocrx_word' id='word_1_276' title='bbox 784 2671 833 2699; x_wconf 83' lang='lat' dir='ltr'><em>ac</em></span> <span class='ocrx_word' id='word_1_277' title='bbox 852 2667 977 2699; x_wconf 82' lang='lat' dir='ltr'>natu-</span> 
     </span>
     <span class='ocr_line' id='line_1_43' title="bbox 132 2715 976 2769; baseline -0.004 -11"><span class='ocrx_word' id='word_1_278' title='bbox 132 2729 236 2769; x_wconf 86' lang='lat' dir='ltr'>ram,</span> <span class='ocrx_word' id='word_1_279' title='bbox 259 2719 389 2769; x_wconf 83' lang='lat' dir='ltr'><strong>quam</strong></span> <span class='ocrx_word' id='word_1_280' title='bbox 405 2715 533 2768; x_wconf 80' lang='lat' dir='ltr'>vulgo</span> <span class='ocrx_word' id='word_1_281' title='bbox 557 2715 788 2756; x_wconf 83' lang='lat' dir='ltr'><strong>essentiam</strong></span> <span class='ocrx_word' id='word_1_282' title='bbox 808 2721 976 2766; x_wconf 80' lang='lat' dir='ltr'>vocant,</span> 
     </span>
     <span class='ocr_line' id='line_1_44' title="bbox 319 2771 977 2826; baseline -0.002 -13.961"><span class='ocrx_word' id='word_1_283' title='bbox 319 2772 590 2826; x_wconf 82' lang='lat' dir='ltr'>cogitandum</span> <span class='ocrx_word' id='word_1_284' title='bbox 621 2773 675 2812; x_wconf 85' lang='lat' dir='ltr'>sit</span> <span class='ocrx_word' id='word_1_285' title='bbox 702 2771 744 2815; x_wconf 85' lang='lat' dir='ltr'><strong>h.</strong></span> <span class='ocrx_word' id='word_1_286' title='bbox 776 2772 804 2814; x_wconf 88' lang='lat' dir='ltr'><strong>l.</strong></span> <span class='ocrx_word' id='word_1_287' title='bbox 834 2772 885 2811; x_wconf 87' lang='lat' dir='ltr'>de</span> <span class='ocrx_word' id='word_1_288' title='bbox 916 2783 977 2818; x_wconf 90' lang='lat' dir='ltr'>eo,</span> 
     </span>
     <span class='ocr_line' id='line_1_45' title="bbox 135 2823 980 2892; baseline -0.002 -22"><span class='ocrx_word' id='word_1_289' title='bbox 135 2829 249 2882; x_wconf 87' lang='lat' dir='ltr'>quod</span> <span class='ocrx_word' id='word_1_290' title='bbox 278 2828 379 2868; x_wconf 80' lang='lat' dir='ltr'>aiibi</span> <span class='ocrx_word' id='word_1_291' title='bbox 408 2829 576 2870; x_wconf 88' lang='lat' dir='ltr'>nomine</span> <span class='ocrx_word' id='word_1_292' title='bbox 600 2826 760 2892; x_wconf 80' lang='grc' dir='ltr'><em>εἴδους</em></span> <span class='ocrx_word' id='word_1_293' title='bbox 783 2831 824 2868; x_wconf 83' lang='lat' dir='ltr'>et</span> <span class='ocrx_word' id='word_1_294' title='bbox 847 2823 980 2875; x_wconf 83' lang='grc' dir='ltr'><em>ἰδέας</em></span> 
     </span>
     <span class='ocr_line' id='line_1_46' title="bbox 135 2875 980 2948; baseline -0.001 -23"><span class='ocrx_word' id='word_1_295' title='bbox 135 2886 508 2948; x_wconf 81' lang='lat' dir='ltr'>voeatn1.1taque</span> <span class='ocrx_word' id='word_1_296' title='bbox 547 2885 644 2935; x_wconf 78' lang='lat' dir='ltr'>ista,</span> <span class='ocrx_word' id='word_1_297' title='bbox 687 2875 713 2925; x_wconf 77' lang='grc' dir='ltr'>ὃ</span> <span class='ocrx_word' id='word_1_298' title='bbox 753 2896 980 2938; x_wconf 82' lang='grc' dir='ltr'><em>τυγχανει</em></span> 
     </span>
     <span class='ocr_line' id='line_1_47' title="bbox 137 2932 982 2993; baseline -0.006 -10"><span class='ocrx_word' id='word_1_299' title='bbox 137 2937 338 2984; x_wconf 82' lang='grc' dir='ltr'><em>εκαστον</em></span> <span class='ocrx_word' id='word_1_300' title='bbox 379 2932 452 2993; x_wconf 87' lang='grc' dir='ltr'><em>ὅν,</em></span> <span class='ocrx_word' id='word_1_301' title='bbox 498 2941 643 2981; x_wconf 76' lang='lat' dir='ltr'>addita</span> <span class='ocrx_word' id='word_1_302' title='bbox 683 2949 781 2981; x_wconf 87' lang='lat' dir='ltr'>sunt</span> <span class='ocrx_word' id='word_1_303' title='bbox 821 2941 982 2981; x_wconf 85' lang='lat' dir='ltr'>nomini</span> 
     </span>
     <span class='ocr_line' id='line_1_48' title="bbox 137 2990 982 3049; baseline -0.005 -10"><span class='ocrx_word' id='word_1_304' title='bbox 137 2990 304 3044; x_wconf 79' lang='grc' dir='ltr'><em>οὐσίας</em></span> <span class='ocrx_word' id='word_1_305' title='bbox 343 2997 637 3049; x_wconf 84' lang='lat' dir='ltr'>explicationis</span> <span class='ocrx_word' id='word_1_306' title='bbox 676 3008 805 3036; x_wconf 79' lang='lat' dir='ltr'>causa</span> <span class='ocrx_word' id='word_1_307' title='bbox 841 2997 982 3036; x_wconf 83' lang='lat' dir='ltr'>iudice</span> 
     </span>
     <span class='ocr_line' id='line_1_49' title="bbox 140 3051 980 3104; baseline -0.002 -10"><span class='ocrx_word' id='word_1_308' title='bbox 140 3055 263 3094; x_wconf 82' lang='lat' dir='ltr'>etiam</span> <span class='ocrx_word' id='word_1_309' title='bbox 298 3051 624 3095; x_wconf 82' lang='lat' dir='ltr'>Heindorfio.</span> <span class='ocrx_word' id='word_1_310' title='bbox 668 3053 836 3096; x_wconf 87' lang='lat' dir='ltr'>Menon.</span> <span class='ocrx_word' id='word_1_311' title='bbox 859 3063 901 3104; x_wconf 91' lang='lat' dir='ltr'><em>p.</em></span> <span class='ocrx_word' id='word_1_312' title='bbox 928 3054 980 3093; x_wconf 82' lang='lat'><em>72</em></span> 
     </span>
     <span class='ocr_line' id='line_1_50' title="bbox 139 3100 979 3176; baseline -0.004 -25"><span class='ocrx_word' id='word_1_313' title='bbox 139 3111 171 3151; x_wconf 90' lang='grc' dir='ltr'>Β</span> <span class='ocrx_word' id='word_1_314' title='bbox 212 3107 433 3176; x_wconf 85' lang='grc' dir='ltr'><em>μελίττης</em></span> <span class='ocrx_word' id='word_1_315' title='bbox 478 3104 586 3161; x_wconf 84' lang='grc' dir='ltr'><em>περὶ</em></span> <span class='ocrx_word' id='word_1_316' title='bbox 627 3100 817 3161; x_wconf 88' lang='grc' dir='ltr'><em>οὐσίας,</em></span> <span class='ocrx_word' id='word_1_317' title='bbox 869 3100 899 3148; x_wconf 81' lang='grc' dir='ltr'><em>δ’</em></span> <span class='ocrx_word' id='word_1_318' title='bbox 935 3122 979 3149; x_wconf 88' lang='grc' dir='ltr'><em>τι</em></span> 
     </span>
     <span class='ocr_line' id='line_1_51' title="bbox 138 3158 393 3208; baseline -0.008 0"><span class='ocrx_word' id='word_1_319' title='bbox 138 3158 246 3208; x_wconf 85' lang='grc' dir='ltr'><em>ποτ’</em></span> <span class='ocrx_word' id='word_1_320' title='bbox 280 3161 393 3207; x_wconf 48' lang='lat' dir='ltr'><strong>§.tm</strong></span> 
     </span>
    </p>

    <p class='ocr_par' dir='ltr' id='par_1_16' title="bbox 140 3214 982 3444">
     <span class='ocr_line' id='line_1_52' title="bbox 195 3214 980 3286; baseline -0.004 -23"><span class='ocrx_word' id='word_1_321' title='bbox 195 3223 244 3263; x_wconf 90' lang='grc' dir='ltr'><em>Ε.</em></span> <span class='ocrx_word' id='word_1_322' title='bbox 286 3214 680 3286; x_wconf 77' lang='grc' dir='ltr'><em>ακριβέστατα</em></span> <span class='ocrx_word' id='word_1_323' title='bbox 719 3217 980 3273; x_wconf 56' lang='lat' dir='ltr'><em>nuquam]</em></span> 
     </span>
     <span class='ocr_line' id='line_1_53' title="bbox 140 3275 982 3329; baseline -0.004 -11"><span class='ocrx_word' id='word_1_324' title='bbox 140 3279 182 3318; x_wconf 92' lang='lat' dir='ltr'><strong>h.</strong></span> <span class='ocrx_word' id='word_1_325' title='bbox 215 3291 251 3319; x_wconf 90' lang='lat' dir='ltr'><em>e.</em></span> <span class='ocrx_word' id='word_1_326' title='bbox 294 3278 381 3329; x_wconf 87' lang='lat' dir='ltr'>qui</span> <span class='ocrx_word' id='word_1_327' title='bbox 422 3278 644 3316; x_wconf 81' lang='lat' dir='ltr'>maxime</span> <span class='ocrx_word' id='word_1_328' title='bbox 671 3287 726 3315; x_wconf 83' lang='lat' dir='ltr'>ae</span> <span class='ocrx_word' id='word_1_329' title='bbox 756 3275 982 3328; x_wconf 81' lang='lat' dir='ltr'>diiigen-</span> 
     </span>
     <span class='ocr_line' id='line_1_54' title="bbox 142 3332 982 3382; baseline -0.002 -8"><span class='ocrx_word' id='word_1_330' title='bbox 142 3334 349 3374; x_wconf 82' lang='lat' dir='ltr'>tissime</span> <span class='ocrx_word' id='word_1_331' title='bbox 371 3346 425 3373; x_wconf 89' lang='lat' dir='ltr'>se</span> <span class='ocrx_word' id='word_1_332' title='bbox 446 3332 825 3382; x_wconf 80' lang='lat' dir='ltr'>assuefecerit,</span> <span class='ocrx_word' id='word_1_333' title='bbox 845 3344 982 3372; x_wconf 84' lang='lat' dir='ltr'>eom-</span> 
     </span>
     <span class='ocr_line' id='line_1_55' title="bbox 142 3391 432 3456; baseline 0 -26"><span class='ocrx_word' id='word_1_334' title='bbox 142 3391 432 3456; x_wconf 80' lang='lat' dir='ltr'>paraverit.</span> 
     </span>
    </p>

    <p class='ocr_par' dir='ltr' id='par_1_17' title="bbox 201 3439 981 3495">
     <span class='ocr_line' id='line_1_56' title="bbox 201 3439 981 3495; baseline -0.005 -8"><span class='ocrx_word' id='word_1_335' title='bbox 201 3439 339 3487; x_wconf 83' lang='grc' dir='ltr'><em>αὐτὸ</em></span> <span class='ocrx_word' id='word_1_336' title='bbox 365 3441 623 3495; x_wconf 77' lang='grc' dir='ltr'><em>ἕκαστον]</em></span> <span class='ocrx_word' id='word_1_337' title='bbox 647 3444 981 3491; x_wconf 82' lang='lat' dir='ltr'>unumquod-</span> 
     </span>
    </p>
   </div>
   <div class='ocr_carea' id='block_1_14' title="bbox 228 3527 561 3558">
    <p class='ocr_par' dir='ltr' id='par_1_18' title="bbox 228 3527 561 3558">
     <span class='ocr_line' id='line_1_57' title="bbox 228 3527 561 3558; baseline -0.003 -3"><span class='ocrx_word' id='word_1_338' title='bbox 228 3527 561 3558; x_wconf 73' lang='lat' dir='ltr'><strong>PLAT.1³HAED.</strong></span> 
     </span>
    </p>
   </div>
   <div class='ocr_carea' id='block_1_15' title="bbox 1063 2037 1918 3500">
    <p class='ocr_par' dir='ltr' id='par_1_19' title="bbox 1063 2037 1431 2083">
     <span class='ocr_line' id='line_1_58' title="bbox 1063 2037 1431 2083; baseline 0.011 -4"><span class='ocrx_word' id='word_1_339' title='bbox 1063 2053 1191 2080; x_wconf 84' lang='lat' dir='ltr'><em>mam</em></span> <span class='ocrx_word' id='word_1_340' title='bbox 1217 2053 1252 2083; x_wconf 86' lang='lat' dir='ltr'><em>s.</em></span> <span class='ocrx_word' id='word_1_341' title='bbox 1278 2037 1431 2083; x_wconf 85' lang='grc' dir='ltr'><em>ἰδέαν</em></span> 
     </span>
    </p>

    <p class='ocr_par' dir='ltr' id='par_1_20' title="bbox 1064 2089 1918 2658">
     <span class='ocr_line' id='line_1_59' title="bbox 1121 2089 1910 2153; baseline 0.008 -16"><span class='ocrx_word' id='word_1_342' title='bbox 1121 2090 1261 2150; x_wconf 83' lang='grc' dir='ltr'><em>μήτε</em></span> <span class='ocrx_word' id='word_1_343' title='bbox 1283 2090 1387 2150; x_wconf 85' lang='grc' dir='ltr'><em>τὴν</em></span> <span class='ocrx_word' id='word_1_344' title='bbox 1409 2089 1550 2150; x_wconf 79' lang='grc' dir='ltr'><em>ὄψιν</em></span> <span class='ocrx_word' id='word_1_345' title='bbox 1572 2099 1910 2153; x_wconf 85' lang='grc' dir='ltr'><em>παρατιθέ-</em></span> 
     </span>
     <span class='ocr_line' id='line_1_60' title="bbox 1064 2149 1907 2207; baseline 0.007 -14"><span class='ocrx_word' id='word_1_346' title='bbox 1064 2149 1264 2207; x_wconf 87' lang='grc' dir='ltr'><em>μενος]</em></span> <span class='ocrx_word' id='word_1_347' title='bbox 1309 2154 1574 2195; x_wconf 80' lang='lat' dir='ltr'>Tertu11.De</span> <span class='ocrx_word' id='word_1_348' title='bbox 1602 2157 1742 2198; x_wconf 83' lang='lat' dir='ltr'>anima</span> <span class='ocrx_word' id='word_1_349' title='bbox 1770 2170 1806 2201; x_wconf 84' lang='lat' dir='ltr'>o</span> <span class='ocrx_word' id='word_1_350' title='bbox 1842 2160 1907 2201; x_wconf 85' lang='lat'><em>18</em></span> 
     </span>
     <span class='ocr_line' id='line_1_61' title="bbox 1064 2210 1911 2264; baseline 0.005 -14"><span class='ocrx_word' id='word_1_351' title='bbox 1064 2210 1216 2261; x_wconf 81' lang='lat' dir='ltr'><strong>p.246.</strong></span> <span class='ocrx_word' id='word_1_352' title='bbox 1242 2210 1288 2252; x_wconf 92' lang='grc' dir='ltr'><em>Τ.</em></span> <span class='ocrx_word' id='word_1_353' title='bbox 1310 2210 1382 2254; x_wconf 89' lang='lat' dir='ltr'><strong>IV.</strong></span> <span class='ocrx_word' id='word_1_354' title='bbox 1407 2210 1471 2253; x_wconf 89' lang='lat' dir='ltr'><em>ed.</em></span> <span class='ocrx_word' id='word_1_355' title='bbox 1488 2210 1681 2263; x_wconf 66' lang='lat' dir='ltr'>semler„</span> <span class='ocrx_word' id='word_1_356' title='bbox 1706 2215 1779 2264; x_wconf 92' lang='lat' dir='ltr'>qui</span> <span class='ocrx_word' id='word_1_357' title='bbox 1798 2214 1911 2254; x_wconf 80' lang='lat' dir='ltr'>hunc</span> 
     </span>
     <span class='ocr_line' id='line_1_62' title="bbox 1067 2264 1913 2322; baseline 0.008 -18"><span class='ocrx_word' id='word_1_358' title='bbox 1067 2265 1204 2305; x_wconf 83' lang='lat' dir='ltr'>locum</span> <span class='ocrx_word' id='word_1_359' title='bbox 1245 2264 1444 2322; x_wconf 83' lang='lat' dir='ltr'>Latinum</span> <span class='ocrx_word' id='word_1_360' title='bbox 1484 2266 1742 2317; x_wconf 79' lang='lat' dir='ltr'>feeit,11aeo</span> <span class='ocrx_word' id='word_1_361' title='bbox 1782 2272 1913 2311; x_wconf 84' lang='lat' dir='ltr'>verba</span> 
     </span>
     <span class='ocr_line' id='line_1_63' title="bbox 1065 2321 1912 2373; baseline 0.008 -13"><span class='ocrx_word' id='word_1_362' title='bbox 1065 2321 1251 2362; x_wconf 81' lang='lat' dir='ltr'>reddidit</span> <span class='ocrx_word' id='word_1_363' title='bbox 1299 2322 1383 2362; x_wconf 86' lang='lat' dir='ltr'>sie.</span> <span class='ocrx_word' id='word_1_364' title='bbox 1435 2335 1601 2373; x_wconf 91' lang='lat' dir='ltr'>neque</span> <span class='ocrx_word' id='word_1_365' title='bbox 1650 2325 1912 2366; x_wconf 85' lang='lat' dir='ltr'>visionem</span> 
     </span>
     <span class='ocr_line' id='line_1_64' title="bbox 1065 2379 1913 2443; baseline 0.008 -27"><span class='ocrx_word' id='word_1_366' title='bbox 1065 2389 1387 2443; x_wconf 85' lang='lat' dir='ltr'>proponens,</span> <span class='ocrx_word' id='word_1_367' title='bbox 1438 2385 1484 2419; x_wconf 87' lang='lat' dir='ltr'><em>ut</em></span> <span class='ocrx_word' id='word_1_368' title='bbox 1524 2379 1680 2433; x_wconf 80' lang='lat' dir='ltr'>legisse</span> <span class='ocrx_word' id='word_1_369' title='bbox 1719 2382 1913 2423; x_wconf 80' lang='lat' dir='ltr'>videatui</span> 
     </span>
     <span class='ocr_line' id='line_1_65' title="bbox 1064 2430 1915 2491; baseline 0.006 -17"><span class='ocrx_word' id='word_1_370' title='bbox 1064 2430 1428 2487; x_wconf 83' lang='grc' dir='ltr'><em>προτιθέμενος.</em></span> <span class='ocrx_word' id='word_1_371' title='bbox 1451 2434 1538 2476; x_wconf 89' lang='lat' dir='ltr'>Sed</span> <span class='ocrx_word' id='word_1_372' title='bbox 1555 2436 1788 2491; x_wconf 83' lang='lat' dir='ltr'>vulgatum,</span> <span class='ocrx_word' id='word_1_373' title='bbox 1801 2439 1915 2490; x_wconf 90' lang='lat' dir='ltr'>quod</span> 
     </span>
     <span class='ocr_line' id='line_1_66' title="bbox 1067 2490 1913 2544; baseline 0.007 -15"><span class='ocrx_word' id='word_1_374' title='bbox 1067 2498 1131 2530; x_wconf 79' lang='lat' dir='ltr'>est</span> <span class='ocrx_word' id='word_1_375' title='bbox 1170 2490 1274 2530; x_wconf 87' lang='lat' dir='ltr'>sibi</span> <span class='ocrx_word' id='word_1_376' title='bbox 1314 2502 1611 2544; x_wconf 83' lang='lat' dir='ltr'>apponens,</span> <span class='ocrx_word' id='word_1_377' title='bbox 1650 2494 1913 2536; x_wconf 83' lang='lat' dir='ltr'>adhibens</span> 
     </span>
     <span class='ocr_line' id='line_1_67' title="bbox 1065 2546 1916 2598; baseline 0.007 -13"><span class='ocrx_word' id='word_1_378' title='bbox 1065 2547 1117 2585; x_wconf 89' lang='lat' dir='ltr'>in</span> <span class='ocrx_word' id='word_1_379' title='bbox 1160 2546 1496 2598; x_wconf 74' lang='lat' dir='ltr'>societatem,</span> <span class='ocrx_word' id='word_1_380' title='bbox 1538 2550 1640 2589; x_wconf 84' lang='lat' dir='ltr'>satis</span> <span class='ocrx_word' id='word_1_381' title='bbox 1671 2550 1916 2591; x_wconf 81' lang='lat' dir='ltr'>defenditur</span> 
     </span>
     <span class='ocr_line' id='line_1_68' title="bbox 1067 2599 1918 2669; baseline 0.009 -27"><span class='ocrx_word' id='word_1_382' title='bbox 1067 2614 1131 2653; x_wconf 82' lang='lat' dir='ltr'>eo,</span> <span class='ocrx_word' id='word_1_383' title='bbox 1156 2603 1272 2667; x_wconf 90' lang='lat' dir='ltr'>quod</span> <span class='ocrx_word' id='word_1_384' title='bbox 1292 2603 1447 2643; x_wconf 87' lang='lat' dir='ltr'>deinde</span> <span class='ocrx_word' id='word_1_385' title='bbox 1468 2606 1662 2669; x_wconf 85' lang='lat' dir='ltr'>sequitur</span> <span class='ocrx_word' id='word_1_386' title='bbox 1683 2599 1918 2658; x_wconf 79' lang='grc' dir='ltr'><em>ἐφέλκων.</em></span> 
     </span>
    </p>

    <p class='ocr_par' dir='ltr' id='par_1_21' title="bbox 1066 2651 1917 3106">
     <span class='ocr_line' id='line_1_69' title="bbox 1123 2651 1913 2726; baseline 0.008 -27"><span class='ocrx_word' id='word_1_387' title='bbox 1123 2651 1264 2712; x_wconf 85' lang='grc' dir='ltr'><em>μήτε</em></span> <span class='ocrx_word' id='word_1_388' title='bbox 1295 2673 1425 2701; x_wconf 87' lang='grc' dir='ltr'><em>τινα</em></span> <span class='ocrx_word' id='word_1_389' title='bbox 1457 2652 1637 2726; x_wconf 72' lang='grc' dir='ltr'><em>ἄλλην</em></span> <span class='ocrx_word' id='word_1_390' title='bbox 1659 2684 1712 2690; x_wconf 93' lang='grc'>-</span> <span class='ocrx_word' id='word_1_391' title='bbox 1733 2662 1913 2716; x_wconf 88' lang='grc' dir='ltr'><em>μηδε-</em></span> 
     </span>
     <span class='ocr_line' id='line_1_70' title="bbox 1067 2710 1914 2772; baseline 0.007 -17"><span class='ocrx_word' id='word_1_392' title='bbox 1067 2713 1225 2768; x_wconf 87' lang='grc' dir='ltr'><em>μίαν]</em></span> <span class='ocrx_word' id='word_1_393' title='bbox 1269 2716 1479 2757; x_wconf 81' lang='lat' dir='ltr'>Advertas</span> <span class='ocrx_word' id='word_1_394' title='bbox 1522 2710 1685 2766; x_wconf 87' lang='grc' dir='ltr'><em>οὐδείς</em></span> <span class='ocrx_word' id='word_1_395' title='bbox 1713 2728 1812 2772; x_wconf 81' lang='lat' dir='ltr'>post</span> <span class='ocrx_word' id='word_1_396' title='bbox 1841 2734 1914 2768; x_wconf 88' lang='grc' dir='ltr'><em>τις</em></span> 
     </span>
     <span class='ocr_line' id='line_1_71' title="bbox 1066 2771 1915 2839; baseline 0.007 -29"><span class='ocrx_word' id='word_1_397' title='bbox 1066 2771 1245 2814; x_wconf 86' lang='lat' dir='ltr'>illatum.</span> <span class='ocrx_word' id='word_1_398' title='bbox 1290 2771 1404 2812; x_wconf 85' lang='lat' dir='ltr'>Inf1a</span> <span class='ocrx_word' id='word_1_399' title='bbox 1429 2786 1495 2837; x_wconf 33' lang='lat' dir='ltr'><em>Hp</em></span> <span class='ocrx_word' id='word_1_400' title='bbox 1512 2775 1565 2814; x_wconf 84' lang='lat'><em>74</em></span> <span class='ocrx_word' id='word_1_401' title='bbox 1587 2775 1625 2813; x_wconf 85' lang='lat' dir='ltr'>A</span> <span class='ocrx_word' id='word_1_402' title='bbox 1662 2787 1715 2814; x_wconf 84' lang='lat' dir='ltr'>ex</span> <span class='ocrx_word' id='word_1_403' title='bbox 1738 2777 1915 2839; x_wconf 83' lang='lat' dir='ltr'>optimis</span> 
     </span>
     <span class='ocr_line' id='line_1_72' title="bbox 1069 2820 1917 2874; baseline 0.006 -6"><span class='ocrx_word' id='word_1_404' title='bbox 1069 2828 1289 2869; x_wconf 88' lang='lat' dir='ltr'>dedimus·</span> <span class='ocrx_word' id='word_1_405' title='bbox 1329 2821 1441 2869; x_wconf 79' lang='grc' dir='ltr'><em>οὐδ’</em></span> <span class='ocrx_word' id='word_1_406' title='bbox 1472 2820 1589 2871; x_wconf 89' lang='grc' dir='ltr'><em>αλλο</em></span> <span class='ocrx_word' id='word_1_407' title='bbox 1621 2844 1665 2871; x_wconf 89' lang='grc' dir='ltr'><em>τι</em></span> <span class='ocrx_word' id='word_1_408' title='bbox 1697 2829 1791 2872; x_wconf 83' lang='grc' dir='ltr'><em>τῶν</em></span> <span class='ocrx_word' id='word_1_409' title='bbox 1819 2845 1917 2874; x_wconf 89' lang='grc' dir='ltr'><em>τοι-</em></span> 
     </span>
     <span class='ocr_line' id='line_1_73' title="bbox 1068 2877 1913 2951; baseline 0.005 -27"><span class='ocrx_word' id='word_1_410' title='bbox 1068 2877 1221 2925; x_wconf 81' lang='grc' dir='ltr'><em>ούτων</em></span> <span class='ocrx_word' id='word_1_411' title='bbox 1249 2877 1417 2937; x_wconf 84' lang='grc' dir='ltr'><em>οὐδέν,</em></span> <span class='ocrx_word' id='word_1_412' title='bbox 1441 2886 1514 2925; x_wconf 83' lang='lat' dir='ltr'>ubi</span> <span class='ocrx_word' id='word_1_413' title='bbox 1537 2900 1581 2927; x_wconf 89' lang='grc' dir='ltr'><em>τι</em></span> <span class='ocrx_word' id='word_1_414' title='bbox 1604 2887 1730 2951; x_wconf 82' lang='lat' dir='ltr'>vulgo</span> <span class='ocrx_word' id='word_1_415' title='bbox 1754 2890 1913 2932; x_wconf 80' lang='lat' dir='ltr'>abeiat.</span> 
     </span>
     <span class='ocr_line' id='line_1_74' title="bbox 1069 2935 1915 3008; baseline 0.006 -27"><span class='ocrx_word' id='word_1_416' title='bbox 1069 2940 1194 3008; x_wconf 84' lang='lat' dir='ltr'><strong>Gorg.</strong></span> <span class='ocrx_word' id='word_1_417' title='bbox 1230 2953 1271 3006; x_wconf 62' lang='lat' dir='ltr'><strong>p.</strong></span> <span class='ocrx_word' id='word_1_418' title='bbox 1296 2942 1379 2982; x_wconf 86' lang='lat'><em>463</em></span> <span class='ocrx_word' id='word_1_419' title='bbox 1402 2944 1437 2980; x_wconf 90' lang='lat' dir='ltr'><strong>A</strong></span> <span class='ocrx_word' id='word_1_420' title='bbox 1474 2935 1751 3006; x_wconf 77' lang='grc' dir='ltr'><em>πραγματός</em></span> <span class='ocrx_word' id='word_1_421' title='bbox 1786 2938 1915 2992; x_wconf 87' lang='grc' dir='ltr'><em>τινός</em></span> 
     </span>
     <span class='ocr_line' id='line_1_75' title="bbox 1069 2970 1914 3106; baseline 0.004 -70"><span class='ocrx_word' id='word_1_422' title='bbox 1069 2970 1368 3094; x_wconf 43' lang='grc' dir='ltr'><em>ξιξτιαέῖἶριιέν</em></span> <span class='ocrx_word' id='word_1_423' title='bbox 1373 2990 1592 3106; x_wconf 50' lang='grc' dir='ltr'><em>ἒξδὲνλος.</em></span> <span class='ocrx_word' id='word_1_424' title='bbox 1632 2999 1728 3042; x_wconf 88' lang='lat' dir='ltr'><strong>Eur.</strong></span> <span class='ocrx_word' id='word_1_425' title='bbox 1754 3000 1914 3096; x_wconf 54' lang='lat' dir='ltr'>Aleiest.</span> 
     </span>
    </p>

    <p class='ocr_par' dir='ltr' id='par_1_22' title="bbox 1342 3067 1916 3104">
     <span class='ocr_line' id='line_1_76' title="bbox 1342 3067 1916 3104; baseline 0.003 -10"><span class='ocrx_word' id='word_1_426' title='bbox 1342 3067 1368 3094; x_wconf 87' lang='lat' dir='ltr'><em>v</em></span> <span class='ocrx_word' id='word_1_427' title='bbox 1499 3069 1515 3095; x_wconf 94' lang='grc' dir='ltr'><em>ι</em></span> <span class='ocrx_word' id='word_1_428' title='bbox 1547 3068 1612 3095; x_wconf 87' lang='grc' dir='ltr'><em>ων</em></span> <span class='ocrx_word' id='word_1_429' title='bbox 1641 3069 1728 3103; x_wconf 87' lang='grc' dir='ltr'><em>τις</em></span> <span class='ocrx_word' id='word_1_430' title='bbox 1767 3069 1825 3096; x_wconf 86' lang='grc' dir='ltr'><em>πε</em></span> <span class='ocrx_word' id='word_1_431' title='bbox 1857 3069 1916 3104; x_wconf 87' lang='grc' dir='ltr'><em>ας</em></span> 
     </span>
    </p>

    <p class='ocr_par' dir='ltr' id='par_1_23' title="bbox 1068 3101 1917 3330">
     <span class='ocr_line' id='line_1_77' title="bbox 1068 3101 1914 3161; baseline 0.004 -12"><span class='ocrx_word' id='word_1_432' title='bbox 1068 3101 1293 3161; x_wconf 86' lang='grc' dir='ltr'><em>οὐδείς,</em></span> <span class='ocrx_word' id='word_1_433' title='bbox 1339 3122 1464 3161; x_wconf 89' lang='lat' dir='ltr'>quem</span> <span class='ocrx_word' id='word_1_434' title='bbox 1505 3110 1644 3150; x_wconf 80' lang='lat' dir='ltr'>locum</span> <span class='ocrx_word' id='word_1_435' title='bbox 1684 3123 1708 3151; x_wconf 84' lang='lat' dir='ltr'><strong>a</strong></span> <span class='ocrx_word' id='word_1_436' title='bbox 1744 3111 1914 3153; x_wconf 89' lang='lat' dir='ltr'>Monkio</span> 
     </span>
     <span class='ocr_line' id='line_1_78' title="bbox 1068 3164 1917 3216; baseline 0.005 -12"><span class='ocrx_word' id='word_1_437' title='bbox 1068 3164 1248 3216; x_wconf 81' lang='lat' dir='ltr'>aliisque</span> <span class='ocrx_word' id='word_1_438' title='bbox 1287 3166 1554 3206; x_wconf 80' lang='lat' dir='ltr'>sollicitatum</span> <span class='ocrx_word' id='word_1_439' title='bbox 1586 3172 1697 3207; x_wconf 76' lang='lat' dir='ltr'>iecte</span> <span class='ocrx_word' id='word_1_440' title='bbox 1726 3167 1917 3208; x_wconf 81' lang='lat' dir='ltr'>defendit</span> 
     </span>
     <span class='ocr_line' id='line_1_79' title="bbox 1068 3221 1913 3266; baseline 0.006 -7"><span class='ocrx_word' id='word_1_441' title='bbox 1068 3221 1913 3266; x_wconf 80' lang='lat' dir='ltr'>Hermannus.conf.Sohaefe1-.</span> 
     </span>
     <span class='ocr_line' id='line_1_80' title="bbox 1070 3276 1836 3345; baseline 0.007 -30"><span class='ocrx_word' id='word_1_442' title='bbox 1070 3276 1201 3319; x_wconf 81' lang='lat' dir='ltr'>ludio.</span> <span class='ocrx_word' id='word_1_443' title='bbox 1235 3277 1289 3317; x_wconf 85' lang='lat' dir='ltr'><em>ad</em></span> <span class='ocrx_word' id='word_1_444' title='bbox 1310 3276 1435 3345; x_wconf 78' lang='lat' dir='ltr'>Gieg.</span> <span class='ocrx_word' id='word_1_445' title='bbox 1459 3278 1646 3322; x_wconf 81' lang='lat' dir='ltr'>Corinth.</span> <span class='ocrx_word' id='word_1_446' title='bbox 1672 3292 1710 3321; x_wconf 86' lang='lat' dir='ltr'><em>v,</em></span> <span class='ocrx_word' id='word_1_447' title='bbox 1735 3293 1836 3344; x_wconf 90' lang='grc' dir='ltr'><em>τις.</em></span> 
     </span>
    </p>

    <p class='ocr_par' dir='ltr' id='par_1_24' title="bbox 1071 3326 1917 3500">
     <span class='ocr_line' id='line_1_81' title="bbox 1126 3326 1917 3387; baseline 0.005 -15"><span class='ocrx_word' id='word_1_448' title='bbox 1126 3332 1172 3374; x_wconf 92' lang='grc' dir='ltr'><em>Ρ.</em></span> <span class='ocrx_word' id='word_1_449' title='bbox 1197 3333 1265 3373; x_wconf 91' lang='grc'><em>66.</em></span> <span class='ocrx_word' id='word_1_450' title='bbox 1300 3326 1422 3374; x_wconf 72' lang='grc' dir='ltr'><em>ἀλλ’</em></span> <span class='ocrx_word' id='word_1_451' title='bbox 1461 3327 1606 3387; x_wconf 81' lang='grc' dir='ltr'><em>αὐτῇ</em></span> <span class='ocrx_word' id='word_1_452' title='bbox 1647 3328 1786 3377; x_wconf 80' lang='grc' dir='ltr'><em>καθ’</em></span> <span class='ocrx_word' id='word_1_453' title='bbox 1817 3329 1917 3376; x_wconf 82' lang='grc' dir='ltr'><em>αὐ-</em></span> 
     </span>
     <span class='ocr_line' id='line_1_82' title="bbox 1072 3381 1917 3444; baseline 0.004 -16"><span class='ocrx_word' id='word_1_454' title='bbox 1072 3381 1174 3440; x_wconf 88' lang='grc' dir='ltr'><em>τὴν</em></span> <span class='ocrx_word' id='word_1_455' title='bbox 1215 3385 1533 3442; x_wconf 76' lang='grc' dir='ltr'><em>εἰλικρινεῖ</em></span> <span class='ocrx_word' id='word_1_456' title='bbox 1569 3389 1633 3443; x_wconf 83' lang='grc' dir='ltr'><em>τῇ</em></span> <span class='ocrx_word' id='word_1_457' title='bbox 1674 3389 1917 3444; x_wconf 88' lang='grc' dir='ltr'><em>διανοία</em></span> 
     </span>
     <span class='ocr_line' id='line_1_83' title="bbox 1071 3432 1917 3500; baseline 0.005 -17"><span class='ocrx_word' id='word_1_458' title='bbox 1071 3440 1172 3497; x_wconf 84' lang='grc' dir='ltr'><em>χρ.]</em></span> <span class='ocrx_word' id='word_1_459' title='bbox 1218 3444 1338 3493; x_wconf 86' lang='lat' dir='ltr'>Quod</span> <span class='ocrx_word' id='word_1_460' title='bbox 1369 3446 1502 3485; x_wconf 75' lang='lat' dir='ltr'>omitti</span> <span class='ocrx_word' id='word_1_461' title='bbox 1531 3453 1694 3499; x_wconf 83' lang='lat' dir='ltr'>poterat</span> <span class='ocrx_word' id='word_1_462' title='bbox 1726 3432 1917 3500; x_wconf 83' lang='grc' dir='ltr'><em>εἰλικρι-</em></span> 
     </span>
    </p>
   </div>
   <div class='ocr_carea' id='block_1_16' title="bbox 1546 3512 1577 3563">
    <p class='ocr_par' dir='ltr' id='par_1_25' title="bbox 1546 3512 1577 3563">
     <span class='ocr_line' id='line_1_84' title="bbox 1546 3512 1577 3563; baseline 0 0"><span class='ocrx_word' id='word_1_463' title='bbox 1546 3512 1577 3563; x_wconf 88' lang='grc'>8</span> 
     </span>
    </p>
   </div>
  </div>
 </body>
</html>
