2158 3718
562 189 1161 263 SYMPOS'IUM.1›.
1204 198 1304 247 183
1344 197 1417 249 st.
1755 201 1825 251 59

151 333 256 404 τὴν
297 322 498 407 πρᾶξιν
539 341 630 394 καὶ
655 335 764 394 ὑπὸ
806 343 982 414 φίλων
1018 344 1110 396 καὶ
1151 338 1260 397 ὑπὸ
1304 344 1542 414 ἐχθρῶν,
1585 347 1695 398 τῶν
1725 348 1826 416 μὲν
1876 344 1916 392 Β

153 418 534 489 ὀνειδιζόντων
575 426 866 497 κολοικείοεςμ
895 428 988 479 καὶ
1013 424 1426 497 ἀνελευθερίας,
1471 430 1582 482 τῶν
1617 431 1673 484 δε
1702 449 1828 483 νου-

154 505 480 562 θετούντων
549 510 642 561 καὶ
698 513 1102 580 αἰσχυνομένων
1160 505 1296 584 ὑᾶιὲρ
1355 508 1567 570 αὐτῶν·
1628 515 1706 581 τῷ
1764 512 1821 567 δ’

152 593 347 661 ἐρῶντι
387 587 576 644 πάντα
619 594 799 646 ταῦτα
827 597 1083 648 ποιοῦντι
1120 592 1283 667 χάρις
1310 598 1508 662 ἔπεστι,
1554 599 1646 651 καὶ
1680 599 1828 652 δέδο-

151 691 248 729 ται
287 671 396 729 ὑπὸ
437 676 537 728 τοῦ
580 673 755 745 νόμου
798 673 932 731 ἄνευ
961 676 1207 743 ὀνείδους
1246 678 1528 750 πράττειν,
1570 678 1642 744 ὡς
1684 679 1828 751 πάγ-

150 755 321 814 καλόν
368 778 421 813 τι
479 762 706 830 πρᾶγμα
748 763 1254 834 διαπραττομένου·
1309 760 1339 819 ὃ
1384 767 1439 818 δὲ
1485 762 1826 831 δεινότατον,

150 838 226 908 ὥς
265 863 325 913 γε
363 846 611 910 λέγουσιν
657 847 710 899 οἱ
737 848 947 910 πολλοί,
990 843 1080 902 ὅτι
1119 850 1211 902 καὶ
1239 845 1471 918 ὀμνύντι
1512 848 1663 918 μόνῳ
1699 868 1828 920 συγ-

149 924 339 998 γνώμη
394 924 550 1000 παρὰ
595 930 751 983 θεῶν
796 929 1020 1000 ἐκβάντι
1077 928 1178 987 τὸν
1233 928 1436 1006 ὅρκον·
1495 931 1831 1009 ἀφροδίσιον

155 1089 261 1133 Ven.
285 1090 331 1135 Ξ,
355 1090 532 1136 Vind.2.
557 1092 655 1135 Par.
680 1092 780 1134 DK.
804 1095 973 1145 Ang.w.
992 1093 1092 1135 Vat.
1109 1107 1150 1147 p.
1180 1106 1260 1147 pro
1294 1095 1409 1147 vulg.
1441 1101 1583 1137 ταῦτα
1618 1094 1760 1138 πάντα
1788 1113 1838 1139 τι.

153 1147 262 1189 Dein
291 1150 463 1189 ἐπέσται
499 1150 592 1191 Vat.
616 1149 668 1192 A.
692 1150 840 1191 ἕπεται
866 1149 989 1192 Bodi.
1018 1153 1123 1204 Ang.
1145 1164 1211 1203 w.‚
1242 1151 1356 1204 quod
1379 1150 1592 1195 dederunt
1617 1153 1721 1196 Tur.
1740 1155 1838 1198 coll.

146 1204 294 1260 Legg.
326 1206 379 1249 ΙΙ.
415 1205 517 1250 667.
553 1207 602 1248 Β.

268 1267 498 1318 πρᾶγμα
531 1264 1048 1321 διαπραττομένων]
1083 1265 1156 1307 Sic
1194 1265 1320 1307 Bodi.
1357 1266 1492 1308 Coisl.
1524 1267 1617 1309 vat.
1651 1266 1702 1309 A.
1737 1268 1839 1308 Par.

155 1319 357 1362 DEFK.
391 1322 536 1365 Ambr.
572 1325 679 1375 Ang.
714 1334 752 1363 u.
790 1334 839 1365 w.
876 1323 969 1365 Vat.
1001 1336 1042 1366 n.
1065 1337 1104 1378 p.
1133 1335 1166 1366 r.
1194 1336 1231 1365 s.
1268 1323 1369 1366 Ven.
1402 1328 1436 1365 t.
1469 1323 1584 1367 Flor.
1618 1325 1659 1365 b.
1690 1325 1714 1366 i.
1748 1325 1838 1367 Le-

155 1379 340 1435 gebatur
368 1380 471 1423 olim
502 1379 875 1433 διαπραττομένῳ.

284 1435 508 1490 ἐκβάντι
543 1454 568 1478 τ
591 1436 612 1476 ὁ
641 1453 663 1475 ν
702 1435 902 1491 ὅρκον]
943 1437 995 1479 V.
1029 1442 1112 1478 τῶν
1147 1435 1296 1493 ὅρκων.
1331 1439 1636 1480 Accusativum
1667 1443 1840 1481 tuentur

161 1493 256 1535 Vat.
278 1491 329 1535 A.
359 1494 467 1536 Ven.
484 1495 532 1536 Ξ.
558 1494 681 1535 Vind.
697 1493 738 1538 2.
757 1496 797 1536 7.
818 1494 916 1535 Par.
933 1495 1035 1536 DK.
1063 1498 1236 1549 Ang,w.
1260 1496 1405 1549 Vat.p.
1422 1496 1604 1549 Cyrinus
1629 1510 1667 1537 c.
1690 1497 1844 1538 Iulian.

163 1551 235 1593 Vl.
261 1565 303 1606 p.
330 1550 424 1597 137.
443 1555 487 1592 et
518 1565 571 1594 ex
602 1556 723 1605 parte
755 1550 899 1604 Bodt„
929 1553 1001 1605 qui
1035 1553 1161 1595 habet
1194 1557 1277 1594 τῶν
1321 1551 1475 1607 δ’ρκον,
1508 1554 1634 1597 unde
1664 1559 1842 1608 apparet

162 1609 326 1651 fraudis
361 1609 496 1663 origo.

159 1737 199 1766 v.
219 1721 445 1765 Anecdott.
483 1721 761 1776 Bekker.T.1
789 1721 959 1777 p.407.,

160 1781 231 1823 ubi
261 1779 327 1822 hic
358 1782 475 1822 locus
508 1781 716 1822 laudatur.

220 1837 248 1890 ἤ
284 1837 403 1878 τιν’
445 1837 644 1890 ἄλλην
683 1835 956 1893 δύναμιν]

162 1896 358 1949 Zeugma
389 1900 470 1947 est,
502 1895 710 1949 siquidem
747 1909 800 1937 ex
832 1910 957 1950 prae-

160 1967 311 2008 gresso
353 1954 486 1995 verbo
536 1954 677 2006 λαβεῖν
722 1959 788 1994 est
831 1967 956 1996 assu-

163 2011 378 2053 mendum.
432 2011 653 2053 Audacius
694 2011 821 2052 etiam
853 2015 956 2053 haec

162 2070 298 2121 figura
315 2068 540 2110 adhibetur
560 2069 600 2110 in
618 2068 843 2121 proximis,
882 2068 956 2109 ubi

163 2126 219 2167 ad
249 2125 319 2165 καὶ
348 2124 563 2178 κοιμήσεις
599 2126 670 2165 ἐπὶ
702 2124 865 2179 θύραις
892 2126 957 2166 ἰη-

162 2183 444 2236 teiligendum
487 2187 554 2225 est
584 2181 840 2236 ποιούμενοι
879 2187 959 2224 aut

165 2241 302 2282 simile
341 2241 511 2293 aliquod
555 2240 746 2282 verbum.
810 2241 959 2283 Quan-

164 2311 290 2351 quam
333 2297 387 2338 de
430 2299 659 2339 verborum
712 2298 959 2352 integritate

163 2356 318 2398 merito
349 2355 621 2399 dubitaveris.

221 2413 310 2453 καὶ
356 2414 652 2457 ἐθέλοντες
702 2410 962 2457 δουλείας

165 2469 479 2526 δουλεύειν]
523 2470 562 2512 b.
596 2485 632 2512 e.
675 2475 727 2510 et
757 2468 962 2522 promti

164 2530 469 2584 paratique
516 2527 578 2570 ad
611 2526 962 2568 subeundam

148 2586 520 2638 'servitutem,
553 2599 586 2627 s.
620 2588 823 2639 sponte
853 2595 963 2624 ser-

164 2645 395 2686 vientes
436 2644 796 2685 servitutum.
867 2641 956 2682 Ex-

165 2702 390 2756 spectabas
428 2700 497 2741 καὶ
535 2699 733 2742 ἐθελοντὶ
765 2698 957 2744 δουλείας

163 2757 466 2809 δουλεύοντες,
506 2763 582 2800 aut
623 2757 736 2812 quod
770 2757 956 2797 Astius

164 2816 479 2858 restituendum
510 2817 688 2869 putabat
730 2813 958 2854 ἐθελονταὶ

167 2876 206 2914 ὅ.
263 2871 515 2914 δουλεύοντε
544 2906 552 2914 .
629 2873 716 2915 Sed
759 2871 957 2912 conferas

166 2930 453 2971 Markland
491 2890 545 2971 ad
565 2931 665 2983 Lys.
701 2927 856 2984 p.616.
891 2928 956 2969 ed.

166 2987 318 3028 Reisk.
353 2991 397 3027 et
439 2986 762 3028 Buttmanni
807 2987 884 3026 Gr.
919 2998 960 3038 p.

165 3043 265 3086 447.
294 3042 336 3084 Χ
360 3056 383 3084 e
408 3055 431 3082 n
455 3056 480 3084 ο
499 3057 525 3096 ρ
546 3043 584 3084 h.
627 3044 747 3084 Hier.
783 3043 871 3085 Vll.
903 3043 959 3086 91

167 3100 275 3142 ὅταν
308 3123 360 3130 -
392 3098 556 3146 ἑκόντες
595 3114 641 3140 τε
673 3102 963 3154 παραχοιρῶσι

167 3157 310 3209 τούτῳ
355 3155 469 3198 ὁδῶν
507 3156 579 3197 καὶ
621 3155 766 3196 θάκων
806 3156 962 3196 ὑπανι-

166 3221 349 3258 onumen
380 3215 604 3267 φιλοῦντες
634 3236 690 3245 -—-
718 3214 785 3253 καὶ
819 3214 963 3265 δωρεῖ-

166 3278 278 3315 σθαι
298 3275 523 3324 ἐθέλωσιν,
549 3272 618 3312 ubi
647 3276 872 3325 exspectes
892 3270 962 3309 καὶ

167 3332 391 3376 ἐθέλοντες
410 3329 647 3382 δωρῶνται,
679 3342 770 3369 sua
801 3341 958 3382 spon-

169 3396 188 3431 t
209 3403 232 3431 e
272 3388 298 3430 d
319 3403 344 3430 ο
368 3402 392 3429 n
414 3401 437 3428 a
469 3387 730 3430 offerunt.
791 3385 958 3427 Deinde

170 3447 282 3501 quod
325 3450 426 3501 post
462 3442 740 3502 ἐμποδίζοιτο
776 3443 956 3487 infertur

1041 1722 1099 1779 μὴ
1132 1721 1351 1778 πράττειν,
1383 1723 1613 1778 explicavit
1637 1721 1742 1764 banc
1773 1726 1839 1766 Ιο-

1042 1783 1196 1835 quendi
1231 1782 1439 1822 rationem
1480 1781 1521 1821 H
1540 1793 1837 1823 ermannus

1042 1839 1096 1880 ad
1123 1840 1266 1892 Viget.
1285 1852 1310 1891 p
1338 1838 1422 1882 810
1438 1851 1501 1890 sq.
1521 1837 1836 1889 Loquutiouem

1042 1895 1330 1947 αἰσχύνεσθαι
1360 1894 1464 1950 ὑπέρ
1492 1909 1608 1939 τινος
1633 1894 1836 1937 inusti-avi

1041 1955 1095 1995 ad
1123 1955 1284 1995 Criton.
1306 1966 1344 2006 p·
1369 1951 1437 1995 45.
1472 1952 1520 1992 D.
1553 1950 1769 1994 Charmid.
1791 1966 1834 2007 p.

1044 2012 1139 2055 175.
1161 2012 1212 2052 D.
1247 2010 1378 2051 Alcib.
1399 2009 1440 2051 Ι.
1459 2022 1501 2062 p.
1528 2007 1623 2051 119.
1647 2009 1696 2049 C.
1748 2010 1837 2052 Pro

1039 2068 1144 2120 ὑπὲρ
1164 2067 1306 2108 αὐτῶν
1326 2066 1610 2120 exspectabas
1631 2064 1739 2120 ὑπὲρ
1757 2066 1837 2109 αὐ-

1041 2131 1136 2170 τοῦ.
1170 2126 1259 2167 Sed
1290 2126 1347 2166 ita
1371 2128 1471 2177 post
1499 2126 1539 2163 εἴ
1565 2138 1629 2169 τις
1657 2136 1741 2164 non
1766 2138 1837 2167 ra-

1043 2199 1092 2228 ro
1122 2183 1299 2225 infertur
1338 2193 1538 2222 numerus
1569 2182 1762 2234 pluralis,
1795 2195 1832 2223 v.

1042 2243 1095 2284 ad
1137 2242 1289 2294 Remp.
1322 2239 1414 2279 Vll.
1444 2252 1484 2291 p.
1507 2237 1604 2281 536.
1648 2242 1695 2278 A.
1735 2241 1834 2281 coil.

1045 2298 1238 2343 Matth.
1273 2298 1350 2338 Gr.
1372 2299 1411 2345 ξ.
1429 2295 1582 2338 487.4.
1617 2296 1838 2338 Quamob-

1046 2370 1137 2400 rem
1176 2368 1259 2396 non
1286 2351 1672 2407 probamus,'quod
1706 2366 1839 2407 nuper

1048 2416 1395 2458 Hermannus
1437 2410 1491 2452 de
1533 2424 1648 2452 mera
1693 2412 1839 2452 conie-

1047 2479 1169 2514 ctura
1201 2468 1342 2509 αὐτοῦ
1378 2468 1574 2521 scripsit,
1609 2468 1839 2521 repudiata

1048 2534 1091 2571 et
1105 2532 1323 2569 contemta
1344 2526 1603 2567 auctoritate
1633 2526 1838 2567 librorum

1048 2587 1251 2628 omnium.

1100 2644 1150 2685 Β,
1180 2641 1241 2687 ὡς
1272 2637 1550 2694 πάγκαλόν
1580 2657 1634 2681 τι
1655 2663 1706 2669 -
1724 2640 1839 2682 δια-

1039 2699 1434 2754 πραττομένου]
1472 2700 1533 2739 De
1551 2699 1737 2750 genitivo
1761 2701 1839 2741 ab·

1042 2760 1182 2799 solute
1212 2762 1311 2810 post
1344 2756 1525 2797 dativum
1553 2757 1693 2808 posito
1726 2769 1764 2796 v.
1785 2757 1839 2799 de

1042 2816 1230 2869 Repubi.
1259 2813 1539 2866 Vlll.p.497.
1560 2814 1619 2854 A:
1652 2810 1765 2864 τάχα
1795 2815 1835 2855 δ’

1042 2871 1095 2913 ἄν
1129 2872 1227 2924 ἡμῖν
1259 2887 1321 2917 τις
1354 2868 1575 2925 παραστὰς
1605 2870 1712 2925 ἀνὴρ
1734 2888 1839 2926 mpo-

1042 2930 1146 2983 δρὸς
1175 2929 1243 2969 καὶ
1275 2932 1364 2977 νέος
1392 2926 1682 2981 λοιδορήσειεν
1707 2930 1759 2967 ἄν
1788 2928 1842 2977 ὡς

1043 2986 1207 3039 ἀνόητα
1257 2986 1328 3024 καὶ
1379 2985 1571 3027 ἀδύνατα
1614 2990 1840 3027 τιθέντων.

1045 3045 1148 3086 lbid.
1166 3043 1316 3098 p.59().
1338 3044 1395 3088 Bt
1427 3043 1482 3089 ὡς
1504 3037 1598 3083 οἷόν
1616 3057 1659 3082 τε
1683 3042 1838 3087 αὐταῖς

1044 3124 1097 3131 -
1119 3099 1194 3141 ἅτε
1215 3101 1400 3153 ἀληθείᾳ
1418 3101 1643 3152 ἑπομένων.
1672 3100 1838 3140 Phileb.

1046 3172 1089 3212 p.
1119 3157 1188 3200 44.
1225 3159 1285 3201 C:
1334 3157 1466 3209 ὥςπερ
1501 3156 1677 3210 μα’ντεσι
1708 3170 1837 3207 προς-

1043 3217 1243 3269 χρῆσθαί
1255 3232 1343 3257 τισι
1354 3214 1527 3269 (αὐτοῖς
1547 3210 1838 3266 ξυμβουλεύω)

1045 3293 1099 3304 -—·
1147 3274 1239 3314 λίαν
1291 3270 1586 3328 μεμισηκο’των
1636 3269 1712 3320 τὴν
1757 3275 1835 3321 τῆς

1044 3327 1197 3383 ἡδονῆς
1236 3329 1414 3385 δύναμιν
1458 3326 1525 3367 καὶ
1554 3325 1838 3379 νειόμικόἰων

1040 3404 1077 3428 κ.
1096 3405 1134 3428 τ.
1150 3387 1187 3429 λ.
1211 3390 1339 3431 Plura
1364 3386 1481 3427 dabit
1513 3384 1558 3425 M
1577 3399 1599 3425 a
1623 3388 1674 3425 tt
1694 3384 1716 3425 Ιι
1736 3385 1746 3426 i
1770 3399 1794 3424 a
1815 3399 1839 3426 e

1039 3445 1075 3499 §.
1088 3446 1188 3491 561.
1221 3444 1385 3488 Deinde
1413 3443 1612 3496 ἐκβαίνειν
1643 3445 1724 3483 τῶν
1754 3440 1829 3497 δ’ρ-
