2158 3718
328 131 425 181 160
978 133 1462 190 PLATONIS

316 286 522 342 ἔπεισα,
572 285 616 333 εὶ
663 275 819 348 ᾤμην
865 282 978 335 δεῖν
1020 277 1250 335 ἅπαντα
1297 292 1474 337 ποιεῖν
1513 283 1606 336 καὶ
1651 284 1852 351 λέγειν,
1892 281 2026 348 dicte

314 363 628 437 ἀποφυγεῖν
674 362 776 430 τὴν
823 367 994 431 δίκην.
1042 367 1252 419 πολλοῦ
1283 387 1341 434 γε
1376 369 1473 421 δεῖ.
1519 364 1637 421 ἀλλ’
1681 365 1897 438 ἀπορίᾳ
1921 371 2024 438 μὲν

314 447 546 511 ἑάλωκα,
593 446 660 502 οὐ
704 448 891 516 μέντοι
935 445 1130 517 λόγων,
1177 447 1321 504 ἀλλὰ
1367 451 1573 517 τόλμης
1600 454 1691 505 καὶ
1731 449 2026 523 ἀναισχυν-

316 537 437 595 τίας
482 535 574 591 καὶ
619 535 717 586 τοῦ
764 536 978 586 ἐθέλειν
1023 536 1195 602 λέγειν
1254 532 1394 603 πρὸς
1437 533 1582 605 ὑμᾶς
1625 539 1894 601 τοιαῦτα,
1955 535 2018 591 οἷ’

315 613 388 670 ἂν
433 615 565 682 ὑμῖν
610 620 711 684 μὲν
756 615 924 682 ἥδιστ’
976 609 1046 683 ἦν
1090 616 1346 682 ἀκούειν,
1414 619 1775 688 θρηνοῦντος
1818 627 1875 676 τὲ
1915 642 2025 690 μου

317 705 407 755 καὶ
472 699 812 768 ὀδυρομένου
890 705 982 755 καὶ
1039 697 1183 755 ἄλλα
1255 705 1554 767 ποιοῦντος
1621 710 1711 758 καὶ
1770 707 2027 773 λεγοντος

320 781 499 839 πολλὰ
546 788 637 838 καὶ
681 783 884 850 ἀνάξια
943 789 1102 856 ἐμοῦ,
1165 784 1238 849 ὡς
1289 785 1390 855 ἐγώ
1440 805 1611 860 φημι·
1681 787 1772 842 οἷα
1820 786 1886 855 δὴ
1932 794 2026 844 καὶ

320 868 553 923 εἴθισθε
611 866 764 937 ὑμεῖς
821 873 932 923 τῶν
988 869 1171 924 ἄλλων
1227 869 1473 926 ἀκούειν.
1530 870 1654 925 ἀλλ’
1732 869 1859 927 οὔτε
1904 873 2027 928 τότε

317 951 526 1022 ᾠήθην
587 956 724 1014 δεῖν,
759 958 913 1009 ἕνεκα
971 957 1070 1009 τοῦ
1127 955 1388 1011 κινδύνου
1435 956 1645 1026 πρᾶξαι
1693 955 1857 1013 οὐδὲν
1899 955 2029 1014 ἀνε-

315 1035 623 1107 λεύθερον,
688 1034 815 1093 οὕτε
872 1041 974 1094 νῦν
1027 1061 1123 1109 μοι
1180 1043 1463 1110 μεταμέλει
1524 1037 1702 1104 οὕτως
1744 1040 2029 1112 ἀπολογη-

314 1127 561 1191 σαμένῳ,
619 1120 763 1176 ἀλλὰ
814 1120 957 1177 πολὺ
999 1126 1216 1195 μᾶλλον
1264 1127 1530 1194 αἱροῦμαι
1597 1118 1699 1180 ὧδε
1741 1125 2029 1194 ἀπολογη-

315 1206 555 1278 σάμενος
600 1206 783 1261 τεθνά
792 1230 882 1262 ναι

934 1203 968 1274 ἢ
1015 1213 1227 1272 ἐκείνως
1273 1212 1403 1277 ζῆν·

1466 1205 1592 1264 οὔτε
1647 1208 1756 1282 γὰρ
1801 1218 1860 1266 ἐν
1906 1214 2026 1288 diury

436 1373 486 1412 D.
531 1372 615 1412 καὶ
659 1371 759 1411 τοῦ
789 1369 1011 1412 ἐθέλειν
1042 1373 1105 1425 L]
1154 1373 1199 1413 V.
1234 1374 1301 1413 καὶ
1335 1376 1413 1414 τοῦ
1443 1373 1499 1428 μὴ
1530 1375 1599 1419 ἔθ’,
1637 1378 1673 1417 1..
1704 1375 1820 1428 quod
1853 1376 2027 1466 τεῑίιιιισίῑ

325 1426 808 1482 Bekk.0mittunt1n'1
839 1429 967 1474 ΒοιΗ.
1005 1431 1116 1472 Ven.
1150 1431 1189 1474 b
1222 1432 1324 1472 Vnt.
1365 1433 1487 1474 vind.
1532 1435 1572 1478 1.
1604 1434 1646 1478 4
1677 1433 1718 1477 6.
1752 1432 1871 1474 Flor.
1902 1433 1946 1474 d.

318 1487 357 1532 h.
382 1489 478 1529 Par.
504 1487 630 1530 DST.
692 1487 814 1528 Unde
850 1488 1106 1541 optimorum
1142 1490 1345 1530 iibrornm
1380 1493 1639 1533 nunctoritate
1656 1487 1712 1544 μὴ
1736 1491 1860 1531 eieci.
1913 1489 2022 1534 Nem

314 1558 393 1599 per
424 1558 472 1586 se
501 1547 658 1586 vocula
692 1545 865 1586 defendi
900 1551 1066 1598 potest,
1104 1549 1139 1586 si
1173 1547 1490 1601 interpreteris.
1539 1550 1730 1604 inopia
1764 1549 1811 1589 in
1843 1561 1904 1590 eo
1937 1561 2026 1602 po—

317 1604 456 1652 sita;
484 1603 627 1654 quod
662 1604 782 1643 nolo
817 1602 1024 1645 dicere.

431 1656 556 1711 ὑμῖν
597 1657 693 1711 μὲν
734 1656 909 1714 ἥδιστ’
954 1655 1044 1715 ἦν]
1106 1659 1183 1711 μὲν
1212 1674 1299 1702 om.
1337 1662 1463 1704 Bodi.
1505 1662 1610 1704 Per.
1643 1662 1789 1704 DST.
1832 1662 1951 1707 Fior.
1980 1676 2024 1721 gp

320 1718 556 1761 Eiecerunt
587 1718 862 1759 Turicenses.
895 1719 972 1759 sed
1004 1732 1042 1760 ν.
1075 1719 1228 1771 explic

431 1775 540 1830 θ’ρη
559 1790 617 1816 νο
634 1773 805 1816 υντοε
836 1775 885 1816 τέ
914 1777 1043 1830 μου]
1095 1777 1143 1820 V.
1174 1772 1456 1845 θρηνοῦντόέ
1485 1788 1583 1825 μου.
1614 1778 1730 1829 quod
1763 1792 1815 1820 ex
1846 1779 2026 1832 optimis

316 1835 516 1876 omnibus
549 1838 773 1876 mutatum.
813 1835 1099 1876 nokkerus
1133 1836 1307 1887 scripsit
1340 1829 1373 1874 τ’
1407 1831 1528 1883 ἐμοῦ.

431 1891 483 1934 P.
514 1891 586 1935 39.
632 1887 946 1933 ἀποθανεῖν
977 1889 1111 1948 ῥᾷον
1142 1890 1205 1933 ἅν
1237 1904 1320 1934 τις
1350 1905 1559 1945 εκφυγο
1577 1893 1617 1946 ι]
1678 1893 1812 1934 Deest
1844 1888 1953 1948 ῥᾷον
1982 1892 2022 1934 in

318 2012 457 2048 ποιεῖν
487 2013 577 2051 est·
620 2010 808 2049 omnia
846 2008 1121 2061 experiri3

316 2067 460 2107 nihil
534 2068 878 2108 intentatum
953 2067 1122 2107 relin-

318 2137 511 2177 quere3
557 2138 598 2168 v.
630 2125 688 2165 ad
715 2124 962 2177 Euthyphr.
1002 2137 1045 2176 p.
1079 2123 1121 2167 8.

319 2181 370 2222 Ο.
401 2183 477 2223 ubi
506 2183 611 2222 item
642 2187 726 2222 est.
775 2178 912 2222 πάντα
943 2182 1124 2222 ποιοῦσι

319 2240 388 2280 καὶ
429 2239 641 2293 λέγουσιν.
704 2239 988 2281 Consu-uitur
1035 2241 1124 2281 for-

316 2299 435 2340 mula
483 2311 579 2338 cum
639 2293 745 2338 ruste
801 2299 932 2339 etiam
983 2298 1123 2340 Phae-

318 2357 423 2398 don.
449 2371 491 2410 Ρ.
522 2355 694 2400 114.1).
724 2355 977 2409 Xenoph.
1010 2356 1125 2396 Hell.

316 2414 396 2457 VI.
429 2415 470 2462 1.
502 2413 545 2457 4.
574 2415 632 2455 al.
663 2410 787 2456 Alibi
819 2410 878 2455 ὥς
908 2415 979 2454 vel
1007 2410 1127 2453 ὅπως

316 2473 562 2523 subiicitur,
593 2478 642 2512 ut
672 2484 776 2512 mox
806 2485 849 2524 p.
877 2470 948 2514 39.
967 2477 1023 2511 A.
1057 2471 1126 2511 vel

316 2531 447 2570 etiam
494 2531 674 2570 additur
721 2530 1026 2582 participium,
1078 2534 1128 2568 ut

315 2587 562 2641 Euth3phr.
594 2601 637 2640 Ρ.
660 2585 702 2629 8.
719 2585 771 2626 C.
802 2587 878 2627 ubi
900 2587 1127 2638 subiungi-

321 2650 414 2687 tur:
450 2643 689 2698 φεύγοντες
719 2637 795 2695 τὴν
825 2642 957 2695 δι’.)ιην
1015 2644 1126 2684 Mox

317 2707 420 2755 post
449 2699 548 2753 ὑμῖν
570 2705 645 2752 μίν
666 2702 745 2741 int.
762 2696 915 2753 ἀνάξια
945 2695 982 2741 δ’
1001 2701 1125 2752 ἐμοῦ,

320 2761 439 2813 quod
474 2761 602 2802 aliter
639 2759 904 2800 enuntiatur.

375 2818 430 2858 E.
491 2814 756 2858 τεθνάναι
816 2812 843 2870 ἢ
901 2815 1130 2857 ἐκείνως

316 2874 343 2927 ζ
354 2875 442 2928 ην]
487 2876 561 2917 Ad
584 2873 767 2918 ἐκείνως
797 2876 932 2916 intell.
967 2870 1128 2917 α’πολο-

314 2929 568 2986 γησάμενος.
602 2934 672 2975 De
701 2945 782 2973 usu
816 2933 940 2973 verbi
975 2928 1128 2974 τεθνά-

314 3005 382 3031 ναι
413 3005 455 3031 v.
490 2992 547 3032 ad
579 3005 676 3044 cap.
713 2990 860 3032 XVlI.
891 3004 934 3044 p.
970 2991 1038 3035 30.
1078 2989 1111 3030 B

312 3073 367 3078 —-
391 3048 549 3090 Paullo
585 3056 686 3090 ante
719 3045 838 3088 τότε
861 3055 927 3089 est
951 3050 1130 3103 prius-

314 3120 472 3160 quam
546 3119 621 3148 me
706 3107 1126 3148 condemnastis.

324 3161 326 3163 ’
370 3163 422 3208 P.
453 3164 525 3209 39.
559 3160 710 3205 ὅπως
747 3159 1130 3218 ἀποφεύξεται

314 3221 420 3262 πᾶν
469 3224 651 3263 ποιῶν
694 3219 984 3277 θάνατον]
1043 3223 1129 3264 Mi-

318 3282 601 3333 serelocum
642 3283 920 3323 innocentem
949 3281 1130 3323 vexavit

311 3351 452 3392 nuper
506 3339 826 3392 Hirschig.‚
890 3340 971 3392 qui
1012 3339 1129 3380 facta.

312 3397 548 3450 verborum
600 3397 948 3450 transpositione
991 3397 1125 3439 auda-

1207 2008 1326 2050 ciore
1384 2008 1559 2060 scripsit
1612 2011 1655 2047 et
1700 2006 1860 2049 edidit:
1912 1999 2020 2046 ἀπο-

1209 2062 1410 2117 φεύξεται
1440 2063 1637 2105 θάνατον
1666 2065 1753 2105 πᾶν
1781 2064 1919 2104 ποιῶν
1953 2064 2023 2114 καὶ

1207 2122 1355 2176 λέγων,
1386 2127 1436 2163 ut
1465 2123 1633 2164 scilicet
1661 2123 1734 2164 hie
1760 2135 1935 2175 Quoque
1958 2122 2022 2162 le-

1209 2187 1387 2234 geretur
1419 2181 1540 2232 quod
1577 2195 1626 2234 p.
1659 2179 1730 2224 38.
1762 2179 1821 2223 D.
1882 2177 2020 2228 Quasi

1208 2252 1314 2280 vero
1348 2238 1434 2279 πᾶν
1475 2243 1615 2279 ποιεῖν
1652 2238 1786 2279 etiam
1832 2237 1928 2278 sine
1958 2235 2022 2277 λέ-

1210 2311 1301 2351 γειν
1342 2302 1418 2338 aut
1457 2309 1543 2338 non
1585 2297 1804 2338 diceretur
1849 2301 1928 2336 aut
1964 2298 2022 2336 ad

1211 2369 1303 2396 rem
1331 2361 1605 2407 praesentem
1632 2353 1859 2403 >nonsatis
1891 2358 2020 2402 esset.

1272 2409 1365 2452 ἐάν
1385 2413 1671 2467 τιετολμᾷ]
1699 2412 1741 2461 h.
1764 2423 1803 2451 e.
1825 2411 1873 2451 si
1893 2411 2019 2464 quis

1212 2471 1316 2512 hoc
1354 2470 1535 2510 facere
1573 2483 1601 2511 a
1629 2482 1685 2510 se
1724 2470 2019 2520 impetrat,

1214 2530 1261 2569 si
1323 2529 1449 2580 quis
1510 2539 1571 2568 eo
1632 2526 2019 2580 impudentiae

1212 2586 1496 2638 procedit,
1536 2589 1595 2623 ut
1633 2605 1704 2623 —.
1763 2583 2018 2653 Xenoph.

1213 2642 1515 2694 Mem.11.1‚
1549 2640 1601 2684 3·
1641 2641 1702 2682 τίς
1739 2655 1794 2681 αν
1820 2635 1874 2682 εὖ
1905 2654 2016 2694 φρο-

1214 2701 1304 2742 νῶν
1336 2699 1414 2740 τοῦ
1447 2699 1532 2740 σοῦ
1566 2697 1734 2740 θιάσου
1774 2695 2019 2753 τολμήσειεν

1210 2754 1346 2810 εἶναι;
1414 2757 1547 2799 Plat.
1599 2757 1706 2798 Crit.
1757 2764 1861 2799 sect.
1909 2758 2016 2799 XV.

1214 2814 1448 2868 ἐτόλμησας
1477 2812 1592 2855 οὕτω
1623 2817 1830 2870 γλίσχρως
1860 2813 2016 2856 ἐπιθυ-

1214 2879 1308 2927 μεῖν
1335 2874 1428 2927 ζῆν.
1461 2873 1633 2915 Phileb.
1676 2887 1718 2927 Ρ.
1748 2873 1818 2921 13.
1846 2873 1904 2917 D.
1933 2874 2016 2914 ibi-

1214 2946 1299 2987 que
1331 2945 1433 2972 ann.

1272 2986 1516 3030 θάιατον
1575 2987 1869 3043 ἐκφυγεῖν]
1946 2988 2018 3029 De

1214 3049 1435 3090 infinitivo
1474 3048 1729 3100 pronomini
1771 3047 1898 3087 τοῦτο
1937 3059 2018 3100 per

1217 3106 1480 3160 epexegesin
1519 3106 1718 3147 subiecto
1748 3118 1790 3144 v,
1821 3104 2014 3145 Matth.

1215 3164 1254 3218 ξ.
1273 3163 1372 3207 468.
1395 3164 1436 3203 b.
1458 3186 1507 3194 -
1544 3164 1618 3205 Ad
1639 3163 1863 3234 πονηρίαν,
1896 3162 2015 3221 qupd

1213 3224 1436 3290 sequitur,
1473 3222 1624 3275 supple
1655 3219 1873 3288 ἐκφυγεῖν.

1269 3279 1323 3320 Β.
1385 3275 1473 3320 ἅτε
1533 3279 1598 3333 ,Bp
1610 3275 1743 3319 αδὺε
1803 3273 1872 3317 ὥν
1930 3277 2015 3317 καὶ

1213 3338 1320 3393 πμ]
1354 3337 1529 3379 Aliudit
1554 3338 1744 3378 fortasse
1773 3337 1831 3377 ad
1859 3333 2019 3387 Odyss.

1215 3396 1327 3439 Vin.
1358 3395 1485 3447 329„
1516 3396 1591 3436 ubi
1619 3395 1752 3448 poeta
1787 3393 2017 3446 sapientis-
