2158 3718
259 135 327 188 28
912 138 1402 182 PROIAEGOMENA

261 297 430 332 verum
469 298 857 348 germanumque
895 281 1239 347 philosophum
1278 297 1366 346 per
1404 289 1550 333 totam
1588 283 1733 332 vitam
1774 284 1820 331 in
1869 282 2038 333 mortis

261 355 673 403 commentatione
709 360 999 415 occupatum
1030 368 1159 408 esse;
1199 355 1383 403 versari
1417 355 1546 403 enim
1584 369 1695 402 eum
1724 360 1962 417 perpetuo
1988 356 2038 402 in

260 425 475 473 veritatis
502 430 550 473 et
577 426 763 472 virtutis
790 424 967 472 studi0.
1004 423 1110 472 Hoc
1136 439 1252 472 vero
1279 425 1492 473 studium
1522 439 1771 489 nunquam
1799 424 2039 473 iudicatur

260 495 534 560 perlectum
590 501 637 542 et
687 494 917 543 omnihus
971 495 1188 542 numeris
1246 493 1521 544 absolutum
1574 496 1862 543 exstiturum
1917 509 2037 552 esse,

261 566 493 629 quamdiu
526 567 717 613 animus
752 566 800 612 in
838 564 932 612 hoc
962 579 1171 628 corpore
1198 564 1392 614 mortali
1418 571 1663 630 tamquam
1694 580 1893 614 carcere
1920 580 2041 629 quo-

262 636 373 685 dam
410 635 626 684 inclusus
662 640 902 683 teneatur.
982 634 1100 683 Cum
1137 650 1252 683 vero
1293 641 1482 684 certum
1529 635 1936 699 exploratumque
1981 637 2042 684 sit

262 707 418 755 virum
447 707 742 769 sapientem,
783 720 879 769 quo
917 706 1072 769 magis
1107 706 1211 769 ipse
1237 707 1455 755 animum
1483 722 1508 755 a
1537 708 1761 769 corporis
1788 721 2042 754 sensuum-

262 792 358 839 que
395 777 741 824 communione
777 777 1073 833 avocaverit,
1112 792 1169 824 eo
1207 778 1408 840 propius
1445 777 1681 825 accedere
1723 777 1782 826 ad
1831 777 2043 825 veritatis

262 845 512 896 absolutae
549 847 880 909 cognitionem
920 847 1206 911 virtutisque
1245 846 1492 909 perfectae
1528 846 1745 904 laudem,
1786 853 2043 896 consenta-

261 932 409 966 neum
447 932 553 965 esse
589 917 831 966 iudicatur
875 932 1075 981 sperare
1111 918 1328 966 animum
1364 918 1517 981 ipsius
1556 923 1664 980 post
1699 923 1906 966 mortem
1934 933 2044 966 cor-

263 989 399 1052 poris
426 986 629 1036 vinculis
657 987 917 1036 liberatum
939 989 1156 1037 veritatis
1184 994 1230 1036 et
1249 989 1438 1036 virtutis
1467 987 1727 1051 aliquando
1755 989 2043 1052 participem

263 1059 445 1107 factum
480 1059 557 1106 iri.
610 1059 751 1107 >Toto
789 1060 937 1120 igitur
972 1059 1066 1107 hoc
1103 1059 1210 1106 loco
1246 1058 1382 1108 Plato
1422 1060 1619 1121 egregie
1667 1058 1836 1107 docuit
1884 1059 2044 1122 ipsum

262 1130 477 1179 studium
504 1130 696 1178 virtutis
725 1135 771 1178 et
798 1131 1028 1185 veritatis,
1060 1129 1152 1178 hoc
1181 1135 1251 1177 est
1283 1145 1444 1177 veram
1475 1144 1859 1194 germanamque
1888 1128 2045 1193 philo-

263 1199 486 1264 sophiam
518 1215 615 1248 non
647 1214 790 1263 posse
821 1202 1116 1255 consistere,
1158 1202 1249 1248 nisi
1277 1200 1534 1248 credamus
1561 1201 1779 1248 animum
1806 1215 1906 1248 non
1935 1215 2046 1249 cum

262 1285 473 1335 corpore
512 1269 658 1334 plane
694 1272 922 1324 interire,
969 1271 1054 1319 sed
1103 1270 1429 1319 immortalem
1467 1285 1599 1326 esse,
1650 1270 2045 1334 quandoquidem

263 1341 480 1406 alioquin
517 1339 649 1390 nulla
687 1342 748 1388 sit
787 1341 948 1390 futura
987 1342 1177 1390 virtutis
1216 1347 1263 1389 et
1303 1341 1514 1389 veritatis
1552 1342 1871 1403 cognitioniS,
1901 1356 2047 1406 quam

263 1413 610 1475 sapientissimi
637 1413 818 1476 quique
848 1419 1091 1475 expetant,
1120 1412 1359 1474 perfectio
1388 1418 1435 1459 et
1463 1410 1720 1460 absolutio,

405 1483 562 1546 Atque
599 1482 771 1531 eodem
809 1482 953 1545 plane
991 1483 1155 1531 facere
1193 1482 1545 1530 existimandus
1581 1487 1653 1530 est
1688 1481 1810 1531 alius
1843 1480 1980 1531 locus
1995 1479 2046 1546 ¹),

265 1569 360 1617 quo
400 1553 634 1616 expositis
668 1552 825 1602 tribus
871 1553 1124 1616 prioribus
1160 1551 1539 1601 immortalitatis
1587 1554 1863 1601 animorum
1903 1566 2049 1614 argu-

263 1625 442 1673 mentis
468 1625 604 1687 gravi
632 1625 855 1673 oratione
883 1624 942 1673 de
971 1626 1161 1673 virtutis
1189 1629 1235 1672 et
1265 1624 1387 1673 vitae
1429 1629 1658 1672 aeternae
1687 1623 2050 1672 necessitudine

265 1695 555 1758 disputatur.
634 1694 706 1742 Ibi
750 1696 879 1743 enim
933 1710 1077 1759 quam
1119 1696 1209 1742 rim
1247 1709 1360 1758 spes
1396 1693 1772 1743 immortalitatis
1809 1693 1867 1742 ad
1905 1695 2048 1742 vitam

266 1781 387 1830 pure
416 1772 463 1813 et
488 1771 656 1813 sancte
685 1765 955 1829 degendam
987 1765 1168 1814 habere
1196 1765 1394 1819 debeat,
1427 1767 1713 1827 exponitur,
1744 1764 2048 1829 quandoqui-

266 1836 375 1884 dem
414 1835 520 1884 fieri
559 1850 704 1898 posse
740 1843 972 1900 negatur,
1012 1842 1064 1884 ut
1100 1837 1182 1899 qui
1217 1837 1266 1883 in
1303 1836 1393 1884 hac
1422 1838 1514 1885 vita
1541 1835 1870 1899 voluptatibus
1899 1835 2050 1884 dediti

267 1923 375 1955 sese
412 1908 637 1969 corporis
675 1907 801 1955 vitiis
839 1908 1304 1962 contaminaverint,
1342 1908 1375 1954 ii
1417 1906 1529 1953 olim
1567 1908 1615 1954 in
1653 1909 1777 1955 vitae
1815 1920 1966 1969 purae
1994 1923 2050 1955 ac

267 1979 456 2035 divinae
495 1978 893 2026 communionem
933 1979 1234 2040 perveniant.
1297 1977 1465 2041 Itaque
1511 1976 1590 2025 hic
1625 1977 1822 2041 quidem
1862 1978 2052 2026 virtutis

268 2049 671 2099 exercitationem
701 2047 905 2097 docetur
934 2053 1066 2096 tanto
1096 2049 1502 2103 constantiorem,
1543 2049 1939 2110 generosiorem,
1979 2049 2050 2096 in-

267 2120 531 2183 tegriorem
570 2133 677 2167 esse
715 2118 954 2175 futuram,
1006 2134 1100 2183 quo
1138 2119 1326 2166 firmius
1363 2120 1468 2182 quis
1516 2118 1608 2166 sibi
1656 2119 1716 2167 de
1767 2120 1891 2166 vitae
1941 2124 2054 2182 post

268 2196 478 2239 mortem
520 2189 712 2237 futurae
753 2190 910 2238 divina
951 2189 1240 2238 condicione
1280 2190 1593 2252 persuaserit.
1657 2189 1726 2238 Ex
1778 2204 1872 2252 quo
1919 2188 2052 2237 nullo

270 2261 372 2310 fere
402 2261 596 2322 negotio
623 2259 924 2324 intellegitur
955 2259 1333 2308 immortalitatis
1369 2261 1741 2323 persuasionem
1770 2258 1913 2321 plane
1940 2259 2053 2308 duci

269 2338 499 2395 oportere
528 2333 873 2387 necessariam,
904 2329 1144 2394 siquidem
1176 2331 1323 2379 officii
1350 2330 1525 2392 religio
1554 2330 1612 2378 ab
1641 2345 1938 2394 unoquoque
1964 2329 2050 2379 lio-

268 2405 401 2451 mine
438 2402 638 2450 cordato
676 2410 723 2450 et
758 2403 965 2465 sapienti
1000 2402 1094 2450 hoc
1131 2403 1313 2464 exigat,
1356 2407 1407 2449 ut
1446 2402 1688 2464 superatis
1738 2415 1968 2449 sensuum
2007 2408 2054 2449 et

269 2473 590 2536 cupiditatum
627 2472 874 2522 illecebris
909 2474 1055 2521 unice
1093 2474 1246 2521 menti
1282 2478 1328 2519 et
1363 2473 1539 2520 rationi
1569 2472 1692 2520 vivat
1728 2471 1937 2534 ideoque
1965 2471 2051 2519 bo-

272 2559 384 2593 num
416 2551 463 2593 et
489 2543 750 2592 honestum
781 2546 971 2592 sincere
1000 2550 1144 2607 atque
1170 2544 1361 2605 integre
1389 2542 1532 2590 colat.

413 2613 508 2662 Sed
536 2615 710 2662 tertius
737 2629 933 2678 quoque
961 2614 1007 2660 id
1038 2629 1193 2676 genus
1219 2612 1354 2661 locus
1370 2610 1403 2671 2)
1436 2618 1616 2667 exstat,
1656 2613 1738 2674 qui
1767 2627 1877 2660 cum
1907 2611 2054 2661 ethici

271 2687 333 2733 sit
358 2686 659 2747 argumenti,
688 2691 790 2732 tum
819 2684 875 2732 ad
906 2686 1034 2746 piam
1062 2682 1436 2731 inu‘nortalitatis
1465 2698 1602 2745 spem
1630 2684 1678 2730 in
1720 2683 1896 2730 animis
1924 2684 2052 2731 exci-

271 2755 467 2803 tandam
508 2752 773 2815 plurimum
801 2753 970 2802 valeat.
1026 2752 1093 2801 lbi
1133 2754 1261 2802 enim
1290 2759 1546 2816 postquam
1580 2752 1758 2800 ultimis
1786 2767 1876 2816 pro
1904 2755 2053 2802 animi

271 2823 635 2874 immortalitate
670 2824 942 2873 rationibus
989 2825 1219 2887 expositis
1266 2825 1511 2887 copiosius
1559 2823 1942 2871 demonstratum
1982 2831 2055 2872 est

273 2897 517 2951 animum,
554 2896 595 2941 si
633 2900 861 2943 aeternus
897 2896 957 2942 sit
993 2902 1039 2942 et
1074 2893 1388 2949 immortalis,
1419 2895 1562 2943 etiam
1591 2895 1803 2942 maximo
1832 2893 2053 2955 indigere

273 2965 405 3015 cultu
433 2972 481 3014 et
507 2964 796 3018 eruditione,
827 2965 1037 3028 (lenique
1066 2967 1209 3013 etiam
1238 2965 1331 3013 hoc
1359 2964 1659 3020 ostenditur,
1699 2979 1892 3012 omnem
1927 2965 2053 3013 hanc

274 3051 440 3086 rerum
479 3037 843 3084 universitatem
881 3035 1026 3084 talem
1066 3050 1198 3092 esse,
1237 3051 1361 3099 quae
1388 3050 1590 3097 sperare
1620 3050 1706 3082 nos
1735 3033 1898 3082 iubeat
1925 3035 2054 3084 futu-

274 3123 381 3156 rum
420 3121 553 3161 esse,
592 3113 644 3154 ut
678 3107 841 3154 virtuti
879 3108 1060 3169 pariter
1106 3112 1248 3169 atque
1285 3104 1458 3154 sceleri
1496 3121 1581 3153 sua
1622 3120 1810 3153 merces
1849 3112 2051 3160 constet,

274 3177 670 3242 quandoquidem
710 3176 836 3226 haud
876 3176 1023 3225 dubie
1056 3176 1196 3225 bonis
1225 3176 1375 3232 bene,
1406 3176 1544 3224 malis
1571 3175 1697 3224 male
1725 3175 1944 3224 futurum
1974 3177 2049 3223 sit.

275 3247 427 3305 Quam
469 3247 663 3310 quidem
702 3247 1044 3310 disputationis
1081 3254 1268 3311 partem
1307 3262 1472 3295 nonne
1508 3247 1758 3295 verissime
1795 3247 1865 3294 sic
1902 3247 2051 3294 inter-

392 3416 433 3468 1)
466 3416 580 3469 Pag.
613 3418 667 3457 80
690 3415 723 3455 C
757 3438 807 3442 —
839 3416 894 3455 84
918 3415 967 3457 B.

391 3472 435 3526 2)
467 3473 578 3525 Pag.
613 3474 691 3514 107
716 3471 750 3511 C
782 3495 835 3500 —
869 3472 949 3512 115
972 3472 1023 3511 A.
