2222 3762
414 122 555 185 hm

416 266 716 337 sapientem
753 262 1088 330 intuebatur,
1116 261 1328 314 deterre*
1347 262 1760 330 constituisset,
1791 283 1915 316 eum
1948 264 2122 334 plane

418 337 582 395 alium
630 337 808 389 facere
859 333 1109 404 profecto
1147 352 1257 385 non
1293 332 1500 403 potuit,
1539 340 1833 404 propterea
1872 334 2125 404 quodffid-

416 406 907 464 verisimilitudinis
960 404 1172 476 legibus
1238 410 1377 457 erat
1415 405 1762 459 contrarium.
1846 405 2118 462 Exhibuit

416 480 587 551 igitur
613 478 726 534 eius
753 495 932 531 mores
958 483 1013 528 et
1043 475 1315 528 rationem.
1331 473 1402 527 ad
1438 475 1611 547 ipsam
1647 477 1795 529 vitae
1831 477 2119 535 veritatem

419 551 742 620 descriptos,
814 556 1000 616 Atque
1053 547 1254 598 facere
1283 545 1387 598 hoc
1422 547 1603 617 potuit
1639 566 1703 600 eo
1741 547 1941 612 maiore
1977 549 2115 616 iure,

420 620 573 692 quod·
621 621 722 673 :viri
778 619 1013 671 virtutes
1063 625 1218 668 erant
1267 624 1390 670 tam·
1427 618 1609 674 variae
1661 626 1733 671 et·
1766 618 2115 692 multipliceS,

419 702 480 746 ut
503 701 630 745 -tum
669 690 923 761 gravitati
962 696 1017 741 et
1054 687 1392 756 sublimitati,
1421 696 1549 744 tum¹
1575 688 1839 744 hilaritati
1878 699 1934 744 et
1967 691 2119 744 sesti-

420 765 578 818 vitati
616 780 923 818 sermonum
959 759 1120 829 plane
1160 767 1343 815 essent
1389 759 1829 814 accommodatae
1866 762 1938 832 *)
2012 762 2118 815 His

421 843 601 892 autem
649 834 778 885 eius.
820 830 1115 884 virtutibus
1168 829 1318 900 quod
1367 830 1791 884 adiunctasunt
1826 833 2039 902 placita.
2067 841 2122 886 et

422 907 670 972 decreta,
728 922 877 972 quae
920 914 1126 955 certum
1182 909 1268 955 est
1304 902 1481 972 ipsum
1516 922 1627 957 non
1663 902 1940 973 tenuisse,
1977 904 2120 958 hanc

418 977 690 1030 licentiam
737 974 957 1045 poetico
981 972 1318 1044 philosophi
1369 973 1589 1046 ingenio
1637 992 1702 1026 eo
1739 974 1952 1029 facilius
1990 995 2120 1029 con-

420 1045 1112 1112 donandanrarbitramur,
1141 1063 1251 1113 quo
1288 1044 1490 1098 clarius
1515 1051 1668 1116 patet
1694 1043 1911 1100 Socrati
1945 1047 2120 1118 ipsius

420 1119 668 1173 Platonis
707 1116 1012 1170 doctrinam
1049 1115 1234 1184 tribui,
1269 1123 1324 1168 et
1361 1134 1471 1185 quo
1510 1117 1710 1169 certius
1747 1124 1967 1171 constat
2004 1137 2122 1172 eam

419 1191 686 1249 rationem
721 1207 844 1251 oum
881 1187 1101 1259 pietatis
1139 1186 1523 1247 testificatione
1557 1188 1726 1241 fuisse
1751 1188 2119 1257 coniunctam,

421 1263 499 1315 ita
545 1269 606 1316 ut
651 1259 859 1316 fraudis
909 1258 1151 1329 suspici-o
1202 1259 1412 1314 nemini,
1440 1259 1545 1313 nisi
1581 1258 1832 1330 malignis
1870 1261 1986 1315 eius
2026 1261 2122 1315 ob·

420 1332 810 1392 tre-ctatoribus
846 1333 902 1384 in
924 1338 1171 1383 mentem
1209 1330 1394 1385 venire
1432 1331 1688 1402 potuerit.

484 1431 491 1463 ς
566 1402 733 1471 Quod
771 1410 961 1461 autem„
989 1401 1235 1469 Socrati,
1277 1402 1480 1471 primas
1524 1402 1745 1473 agenti,
1785 1401 1958 1473 ipsius
1995 1401 2123 1455 Pla-

424 1477 566 1531 tonis
614 1475 817 1546 placita
867 1474 1210 1540 tribuuntur,
1263 1472 1407 1526 idem
1451 1471 1803 1526 iudicandum
1842 1480 1927 1526 est
1961 1473 2123 1527 etiam

424 1548 490 1605 de
535 1547 656 1600 aliis
703 1545 1044 1616 philosophis
1066 1584 1082 1612 ,
1137 1562 1276 1614 quos
1332 1543 1662 1598 disserentes
1709 1543 1927 1599 induxit
1963 1553 2020 1598 et
2055 1563 2124 1598 ex

424 1638 655 1690 quorum
709 1617 970 1674 doctrina.
1007 1615 1378 1687 <philosophus
1429 1616 1689 1686 profecit,
1741 1615 2004 1686 imprimis
2054 1616 2123 1669 de

423 1689 751 1750 Parmenide
789 1696 842 1742 et
880 1688 1147 1745 Timaea.
1197 1687 1340 1740 Nam
1391 1706 1530 1756 quae
1573 1688 1651 1740 illi
1689 1688 1744 1740 in
1781 1687 1936 1741 libris
1973 1687 2122 1758 ipso·

421 1782 542 1822 rum
579 1762 798 1822 nomine
835 1758 1112 1831 inscriptis
1144 1757 1444 1826 disserunt,
1472 1777 1536 1813 ea
1563 1766 1710 1813 certe
1735 1759 2124 1830 cum-ipsorum

424 1833 659 1890 decretis
698 1831 1122 1901 haudquaquam
1160 1830 1307 1882 omni
1344 1849 1411 1884 ex
1485 1839 1601 1883 arte
1626 1830 1995 1898 consentiunt,
2026 1829 2126 1883 sed

425 1905 710 1962 continent
732 1903 994 1960 ,Platonis
1033 1901 1361 1955 sententiam
1395 1851 1480 1954 ad)
1503 1921 1687 1955 eorum
1724 1902 1990 1955 rationem
2028 1900 2124 1954 ad·

424 1977 747 2035 umbratam.
822 1975 913 2029 De
965 1993 1073 2044 qua
1114 1992 1172 2026 re
1222 1973 1351 2042 quia
1401 1980 1696 2044 perspecto
1737 1971 2126 2027 demumPar-

425 2047 661 2101 menidis
714 2053 770 2100 et
806 2043 1020 2100 Timaei
1044 2051 1394 2116 argumento
1442 2053 1590 2101 recte
1645 2043 2125 2114 potest,=-iudicari,

427 2120 532 2173 alio
569 2127 817 2188 tempore
856 2124 909 2170 et
944 2117 1067 2170 loeo
1099 2115 1467 2186 dispiciemus
1541 2115 1707 2169 Nunc
1742 2135 1921 2186 pauca
1956 2114 2125 2169 addae-

427 2210 546 2244 mus
609 2190 677 2243 de
736 2189 841 2243 alia
898 2187 1145 2259 fingendi
1202 2187 1458 2255 licentia,
1512 2206 1674 2256 quam
1719 2186 2124 2242 Platoni.vitio

425 2269 706 2318 verterunt
731 2261 846 2315 eius
869 2260 1285 2326 obtrectatores»,
1313 2258 1906 2329 imprimisAthenae
1926 2258 2141 2327 us**·*);·'

427 2354 535 2403 quo
573 2334 719 2390 facto
752 2331 831 2385 ad
869 2331 1094 2384 alteram
1129 2329 1291 2384 huius
1330 2328 1716 2401 disputationis
1752 2337 1964 2401 partem
1998 2336 2128 2402 pro-4.

427 2405 756 2476 grediemur.
1396 2448 1399 2450 v
1580 2434 1582 2438 ·
1858 2438 1860 2442 ν
2048 2429 2049 2433 ’

566 2475 844 2529 Dictitant
904 2473 1047 2525 enim
1104 2472 1194 2531 illi·
1247 2478 1554 2541 temporum
1616 2471 1883 2525 rationem
1933 2489 2127 2558 saepe-

428 2563 652 2599 numero
700 2546 768 2614 ab
792 2563 885 2597 >ffeo
932 2544 1008 2597 ita
1056 2561 1174 2597 esse
1212 2541 1546 2613 neglectam,
1587 2550 1648 2595 ut
1685 2543 1865 2613 omnia
1900 2543 2127 2603 mirifice

427 2616 870 2687 perturbaverit,
906 2614 1130 2682 eiusque
1179 2613 1483 2666 sententiae
1520 2621 2128 2685 argumentarepetunt

429 2707 498 2741 ex
533 2686 837 2755 Convivio,
876 2683 1162 2752 PhaedrO,
1210 2683 1568 2752 Parmenide,
1607 2685 1950 2754 MenexenO,
1989 2686 2127 2741 Pro-

430 2767 660 2830 tagora,
707 2758 843 2812 aliis
882 2755 1237 2812 sermonibus.
1325 2757 1411 2808 Ac
1473 2756 1719 2826 profecto
1771 2758 1960 2828 negari
2014 2760 2127 2811 non

429 2838 614 2901 potest
638 2830 922 2885 Platonem
960 2829 1017 2880 in
1054 2826 1455 2896 personissuis
1490 2826 1850 2881 informandis
1890 2827 2139 2882 subinde.

432 2901 624 2955 aetatis
663 2900 1096 2955 convenientiam
1133 2898 1442 2970 neglexisse
1468 2897 1715 2969 adeoque
1755 2919 1820 2952 ea
1855 2899 2126 2953 interdum

430 2991 899 3041 commemorasse,
926 2989 1065 3041 quae
1103 2968 1194 3022 illo
1232 2977 1494 3040 tempore,
1522 2989 1630 3040 quo
1670 2969 2000 3041 colloquium
2030 2969 2127 3025 ha-

489 3226 527 3281 0)
560 3227 614 3266 V.
649 3228 790 3279 ipsum
823 3227 1052 3268 Platonem
1082 3225 1285 3279 Sympos.
1320 3242 1355 3268 c.
1393 3228 1460 3271 32.
1494 3244 1589 3282 sqq.

460 3285 529 3336 **)
559 3284 773 3337 Deipnos.
809 3286 862 3325 V.
896 3285 962 3327 18.
993 3286 1143 3337 ibique
1176 3284 1354 3326 Casau
1371 3286 1411 3326 b.
1445 3299 1485 3338 p.
1521 3287 1619 3331 217.
1656 3286 1703 3327 G.
1742 3285 1795 3325 cf.
1832 3283 2038 3334 Menag.
2070 3283 2123 3322 ad

548 3341 683 3395 Diog.
717 3344 862 3387 Laert.
892 3343 977 3385 111.
1009 3342 1078 3389 35.
1110 3356 1150 3396 p.
1186 3342 1284 3386 152.
1592 3363 1594 3367 ν
1976 3362 2004 3382 -.
