2158 3718
403 179 512 228 196
1043 176 1460 229 PLATONlS

401 319 684 395 Σωκράτη
726 326 1008 377 ἐπαινέσαι
1050 322 1142 376 καὶ
1177 320 1503 393 θαυμάσια·
1547 319 1691 378 ἀλλὰ
1730 325 1839 378 τῶν
1861 325 1964 395 μὲν
1989 323 2088 382 ἄλ-

403 410 514 462 λων
555 403 1003 477 ἐπιτηδευμάτων
1040 402 1187 475 τάχ”
1220 401 1294 462 ἄν
1337 426 1421 470 τις
1461 410 1553 462 καὶ
1593 409 1717 478 περὶ
1757 404 1933 463 ἄλλον
1972 431 2087 465 τοι-

403 493 551 546 αῦτα
608 492 777 556 εἴποι,
825 487 890 544 τὸ
947 491 1003 544 δὲ
1060 491 1252 560 μηδενὶ
1309 487 1635 563 ἀνθρώπων
1677 488 1879 562 ὅμοιον
1924 490 2082 561 εἶναι,

400 573 536 646 μήτε
577 578 687 630 τῶν
729 576 983 629 παλαιῶν
1024 570 1162 644 μήτε
1207 575 1320 629 τῶν
1363 576 1466 629 νῦν
1501 571 1688 640 ὅντων,
1732 578 1901 632 τοῦτο
1929 572 2085 643 ἄξιον

401 655 614 723 παντὸς
659 656 980 731 θαύματος.
1037 656 1154 721 οἶος
1196 654 1306 729 γὰρ
1345 655 1617 729 Ἀχιλλεὺς
1657 664 1881 730 ἐγένετο,
1927 656 2086 717 ἀπει-

402 740 617 797 κάσειεν
671 739 748 797 ἄν
803 764 886 807 τις
944 743 1038 797 καὶ
1079 743 1372 814 Βρασίδαν
1425 744 1518 796 καὶ
1561 741 1778 808 ἄλλους,
1820 745 1913 799 καὶ
1963 744 2083 809 οἷος

402 817 474 880 αὖ
523 829 818 900 Περικλῆς,
857 828 949 882 καὶ
989 828 1235 899 Νέστορα
1265 827 1358 881 καὶ
1397 821 1721 897 Ἀντήνορα,
1765 830 1866 883 εἶσὶ
1898 831 1956 884 δὲ
1990 832 2085 884 καὶ

398 916 604 983 ἕτεροι·
648 913 743 967 καὶ
785 906 914 975 τοὺς
958 906 1163 975 ἄλλους
1205 906 1350 966 κατὰ
1398 906 1562 965 ταῦτ’
1614 907 1688 966 ἄν
1731 931 1812 975 τις
1853 907 2082 968 ἀπεικά-

399 997 510 1062 ζοι·
577 993 696 1060 οἶος
750 997 807 1050 δὲ
868 991 1058 1051 οὑτοσὶ
1099 999 1285 1065 γέγονε
1326 989 1431 1062 τὴν
1471 992 1715 1051 ἀτοπίαν
1757 993 2083 1071 ἄνθρωπος,

395 1081 489 1135 καὶ
534 1077 705 1145 αὐτὸς
746 1082 841 1135 καὶ
884 1083 938 1136 οἱ
979 1076 1138 1151 λόγοι
1171 1077 1383 1146 αὐτοῦ,
1440 1077 1563 1135 οὐδ’
1615 1074 1774 1151 ἐγγὺς
1813 1075 1888 1136 ἂν
1929 1076 2082 1156 εὕροι

504 1244 554 1287 C.
619 1241 890 1300 Σωκράτη
928 1241 1248 1297 ἐπαινέσαι]
1278 1242 1352 1284 Sic
1382 1241 1508 1286 Bodl.
1542 1241 1640 1284 vat
1666 1242 1724 1287 A.
1753 1242 1892 1286 Cois!
1914 1243 2079 1287 Venti.

387 1302 487 1344 Par.
503 1301 601 1346 DF.
625 1302 770 1344 Ambr
796 1303 907 1356 Ang.
923 1314 967 1346 ιι.
981 1315 1030 1344 w.
1050 1300 1146 1343 Vat-
1163 1299 1205 1341 d.
1217 1312 1260 1341 n.
1270 1313 1311 1355 p.
1327 1313 1362 1342 ι·.
1386 1299 1512 1344 Vind.
1522 1293 1565 1344 1.
1576 1298 1619 1344 2.
1630 1298 1956 1347 Flor.a.b.c.n.
1990 1301 2081 1344 Le-

387 1360 568 1414 gebatur
597 1361 696 1401 Σωκ
676 1357 874 1414 κράτους.
906 1371 946 1400 v
978 1371 1074 1400 ann.

503 1416 780 1484 δ’μοιονει
765 1416 909 1468 ἷ,ναι
935 1414 1071 1470 μήτε
1101 1430 1140 1456 τ.
1173 1428 1216 1454 n.
1233 1416 1251 1464 ]
1285 1412 1398 1455 εἷναί
1426 1427 1480 1466 με
1512 1429 1555 1455 τ.
1586 1430 1635 1455 π.
1669 1413 1799 1456 Bodl.
1829 1414 1930 1457 Vnt.
1957 1413 2010 1456 A.

502 1476 556 1517 D.
614 1471 747 1516 κατὰ
780 1472 940 1515 ταυτ’
975 1472 1037 1514 ἅν
1066 1486 1152 1519 τις
1181 1472 1261 1526 ἐμ.
1278 1472 1294 1526 ]
1329 1471 1402 1512 Sic
1433 1471 1582 1512 Ambr.
1608 1470 1705 1515 Vat.
1725 1484 1780 1525 r.‚
1811 1470 1927 1526 quod
1954 1485 2082 1516 revo-

389 1533 503 1574 cavit
534 1533 776 1575 Bekkerus.
810 1531 926 1573 Vett.
961 1530 1084 1572 editt.
1116 1545 1195 1569 ταυ
1181 1527 1245 1568 τ’
1278 1527 1344 1569 ἅν.

503 1591 545 1632 εἰ
574 1589 642 1646 μὴ
677 1590 779 1643 ἄρα
809 1588 854 1630 εἰ
881 1603 933 1628 οι
920 1589 984 1637 ς’]
1019 1585 1268 1629 Secundum
1294 1584 1377 1627 hoc
1399 1582 1434 1624 εἰ
1452 1585 1582 1638 vulgo
1604 1583 1878 1628 obliteratum
1905 1599 1931 1629 e
1951 1585 2078 1630 Bodl.

385 1647 483 1689 Vat.
512 1646 564 1690 A.
594 1646 720 1690 Vind.
745 1644 787 1688 2.
820 1649 926 1699 Ang
953 1658 1002 1686 w.
1034 1657 1132 1686 cum
1167 1643 1368 1685 Bekkero
1399 1642 1809 1686 restituin1u8.De
1839 1643 2080 1687 discrimine

385 1705 497 1747 inter
527 1705 563 1746 εὶ
589 1703 647 1759 μὴ
684 1707 728 1744 et
758 1703 794 1743 εἰ
822 1701 880 1758 μὴ
886 1678 952 1742 ῠεί
982 1715 1026 1742 v.
1062 1700 1175 1755 adp
1180 1700 1314 1744 .205.
1345 1699 1400 1742 Ε.
1463 1699 1572 1741 Dein
1602 1699 1733 1754 λέγων
1763 1700 1890 1743 Bodl.
1915 1701 2012 1744 Vat.
2025 1701 2078 1744 A.

500 1777 588 1803 τοι
573 1767 620 1808 ῖς
654 1760 708 1800 δὲ
738 1758 1069 1814 Σειληνοῖς]
1104 1760 1271 1812 σιληνοῖ
1252 1774 1289 1805 ις
1319 1756 1385 1799 hic
1413 1769 1587 1810 quoque
1617 1758 1787 1812 plurimi
1818 1771 1917 1802 ,cum
1950 1758 2079 1802 Bodl.

358 1814 482 1863 'vat
505 1817 559 1861 A.
593 1818 726 1860 Coisl.
757 1831 797 1859 v.
827 1830 923 1859 ann.
957 1817 1049 1858 crit.
1081 1816 1195 1870 adp
1198 1815 1333 1860 .215.
1369 1816 1418 1856 Α.
1479 1814 1638 1857 Paullo
1681 1821 1782 1869 post
1812 1821 1916 1858 vett.
1950 1816 2072 1859 editt.

381 1875 521 1920 αὐτόν
549 1892 596 1918 τε
625 1873 831 1927 καὶτοὺς
858 1875 898 1917 λ.
960 1873 1086 1917 Istud
1117 1889 1161 1916 τε
1168 1830 1290 1916 pcum
1323 1871 1448 1915 Bodl·
1482 1873 1598 1914 male
1627 1872 1724 1915 vat.
1741 1870 1795 1918 A.
1827 1872 1960 1915 Coisl.
1991 1874 2077 1917 alii.

1268 1993 1319 2031 A.
1344 1987 1408 2030 De
1430 1988 1546 2042 Rep.
1572 1987 1755 2032 111.414.
1780 1987 1831 2031 D.
1849 1986 2074 2033 V111.550.

435 1989 573 2032 ἀλλὰ
616 1994 717 2032 τῶν
746 1990 843 2042 μὲν
871 1989 1044 2030 ἄλλων
1073 1988 1183 2031 gin-

1267 2044 1788 2096 D.568.ss.v1.506.A.‚
1818 2045 1890 2086 ubi
1923 2058 1963 2086 v.
1998 2058 2076 2087 an-

379 2050 508 2102 τηδε
521 2046 626 2103 υμά
639 2063 705 2090 τω
720 2046 765 2101 ν]
826 2047 1054 2089 Genitivus
1102 2049 1180 2089 ab-

381 2108 522 2149 solute
552 2107 718 2160 positus
746 2103 904 2156 indicat
941 2118 1059 2157 rem,
1101 2118 1179 2146 cu-

379 2161 446 2206 ius
476 2163 616 2206 habita
647 2163 813 2205 ratione
839 2162 970 2205 etiam
1004 2162 1060 2204 de
1089 2163 1179 2205 aliis

377 2222 479 2264 talia
532 2221 783 2276 praedicare
833 2219 974 2263 liceat.
1048 2219 1180 2262 Falli-

375 2285 449 2321 tur
496 2279 626 2333 igitur
677 2277 1027 2320 Hommelius
1082 2290 1177 2319 eum

377 2350 432 2379 ex
482 2340 672 2377 τοιαῦτα
721 2334 913 2389 pendere
959 2340 1079 2377 ratus
1135 2347 1175 2378 v-

374 2394 652 2437 Mattbiae
681 2393 716 2447 §.
750 2390 849 2437 342.
882 2392 923 2436 3.

429 2478 520 2520 καὶ
568 2476 883 2535 Βρασίδαν]
929 2476 1032 2519 Fuit
1062 2477 1175 2519 enim

372 2534 438 2578 hic
484 2537 599 2579 bello
654 2535 1025 2590 Peloponnesiaco
1089 2534 1176 2577 dux

369 2593 820 2636 Lacedaemoniorum
887 2591 1172 2645 fortissimu8‚

369 2651 441 2703 qui
470 2651 627 2694 cecidit
655 2652 698 2692 in
730 2663 872 2705 pugna
906 2649 960 2691 ad
993 2648 1173 2703 Amphi-

368 2707 483 2760 polin
521 2708 676 2762 Olymp
651 2723 691 2762 p.
718 2706 962 2749 LXXXIX.
995 2719 1033 2748 a.
1057 2706 1097 2750 3-
1130 2718 1172 2748 v.

367 2762 615 2820 Thucyd.
648 2765 723 2810 lV.
754 2765 824 2808 70.
859 2763 910 2806 V.
942 2762 984 2806 6.

424 2849 475 2890 D.
537 2847 633 2900 τὴν
671 2846 946 2898 ἀτοπίαν]
992 2845 1103 2889 Vide
1134 2859 1173 2890 c.

366 2876 515 2947 XXXI
569 2910 678 2947 extr.
709 2927 764 2936 —
833 2904 1173 2947 Animadverta-

366 2967 439 3005 tur
478 2967 704 3017 praeterea
746 2961 860 3003 istud
914 2961 986 3002 καὶ
1026 2959 1139 3003 αὐτο
1150 2978 1169 3011 ς

363 3020 434 3061 καὶ
466 3022 512 3062 οἱ
546 3018 670 3075 λόγοι
699 3017 857 3071 αὐτοῦ,
888 3032 965 3073 per
991 3019 1170 3089 apposi-

363 3079 526 3121 tionem
546 3077 749 3120 additum
779 3078 1053 3131 praecedenti
1090 3074 1169 3118 οὑ-

363 3136 472 3176 τοσί.
532 3135 607 3177 Sic
641 3134 786 3176 statim
819 3138 918 3187 post
947 3136 985 3176 εἰ
1014 3132 1074 3189 μῆ
1112 3156 1167 3166 --

361 3190 586 3242 ἀπεικάζοι
628 3206 694 3238 τις
737 3189 899 3244 αυτόν,
935 3214 980 3222 «—
1025 3189 1170 3233 αυτόν

361 3265 409 3291 τε
448 3250 519 3290 καὶ
563 3248 673 3297 τοῦς
713 3246 885 3321 λόγους.
925 3249 1088 3291 Criton.
1135 3263 1172 3292 c.

359 3306 455 3350 Xll.
470 3321 511 3361 p.
526 3305 596 3354 50.
611 3308 666 3381 D':
693 3304 793 3360 οὐχὶ
814 3305 1022 3362 ἡμέτερος
1046 3301 1170 3359 ἦσθα

361 3365 539 3417 δοῦλος,
593 3363 728 3413 αὐτός
781 3378 827 3405 τε
881 3363 955 3404 καὶ
1006 3366 1049 3405 οἱ
1103 3363 1171 3404 σοὶ

360 3421 603 3480 πρόγονοις
642 3422 770 3478 ΑροΙ.
815 3421 986 3465 Socrat.
1015 3435 1054 3476 p
1097 3420 1165 3464 42

1267 2107 1355 2144 not.
1399 2104 1534 2146 Plura
1557 2103 1677 2145 dedit
1711 2103 1919 2156 Reisig.
1942 2102 2074 2150 ,Con-

1268 2161 1451 2230 iectann.
1477 2175 1520 2216 p.
1538 2161 1637 2206 309.
1659 2166 1705 2204 et
1730 2160 1784 2203 ad
1801 2160 1958 2214 Oedip.
1977 2160 2071 2203 Col.

1265 2217 1434 2316 μέζω·
1463 2273 1507 2318 εὶ
1562 2274 1661 2332 γὰρ
1721 2275 1908 2317 ἐθέλει
1961 2274 2072 2330 τις]

1264 2332 1373 2376 Vide
1403 2337 1548 2376 annot.
1580 2333 1635 2376 ad
1667 2347 1706 2375 c.
1743 2332 1925 2375 xxvu.
1953 2332 2011 2376 in.

1319 2396 1562 2432 τοιαῦτα
1614 2415 1653 2424 —
1697 2388 1895 2446 ὃοριίν]
1937 2388 1979 2433 h.
2025 2402 2065 2436 e.

1262 2446 1566 2490 Sermones
1627 2449 1744 2491 eius
1793 2448 1889 2490 tal
1914 2446 1976 2489 ib
1997 2459 2027 2488 u
2047 2460 2069 2489 s

1260 2506 1454 2547 verbis
1485 2511 1537 2548 et
1565 2505 1879 2549 sententiis
1907 2506 2073 2558 quasi

1261 2562 1456 2617 Satyri
1516 2563 1742 2617 quadam
1803 2562 2067 2604 irrisoris

1259 2621 1412 2674 pelle
1468 2622 1828 2663 extrinsecus
1873 2618 2064 2660 amicti

1260 2681 1399 2720 sunt.
1463 2678 1673 2720 Nimirum
1714 2675 1888 2730 propria
1925 2674 2062 2717 dictio

1257 2734 1442 2774 conflata
1475 2739 1543 2776 est
1581 2747 1677 2776 cum
1707 2733 1895 2774 dictione
1924 2732 2063 2786 tropi-

1258 2802 1308 2830 ca
1339 2802 1420 2843 per
1450 2791 1695 2845 elegantem
1711 2788 1929 2843 quandam
1962 2790 2061 2831 bre·

1258 2847 1594 2900 viloquentiam‚
1672 2848 1792 2890 cuius
1864 2847 2061 2901 exempla

1257 2903 1355 2946 alibi
1394 2907 1653 2947 notavimus.
1697 2917 1737 2946 v.
1769 2903 1824 2947 ad
1855 2904 1995 2947 Alcib.
2023 2904 2057 2946 1.

1255 2973 1296 3015 p.
1323 2959 1415 3004 113.
1438 2962 1492 3006 E.
1552 2962 1646 3005 Nec
1675 2975 1785 3017 opus
1802 2961 1879 3004 suit
1909 2962 1948 3002 in
1979 2960 2060 3003 hac

1255 3018 1467 3061 brevitate
1519 3020 1797 3075 comparandi
1850 3018 2058 3074 particula

1253 3075 1331 3124 ὡςε
1371 3088 1471 3119 nam
1506 3078 1629 3120 facile
1659 3078 1756 3131 quia
1788 3078 1830 3119 in
1863 3089 1958 3119 eam
1989 3076 2057 3118 in-

1257 3132 1371 3175 cidat
1401 3137 1667 3188 opinionem,
1703 3141 1756 3177 ut
1785 3133 2056 3176 scribendum

1254 3195 1402 3246 putett
1434 3191 1488 3241 ὡς
1506 3193 1717 3248 Σατύρου
1738 3191 1792 3233 ἅν
1810 3207 1906 3233 τινα
1930 3190 2056 3259 υβρι-

1255 3253 1362 3289 σποῦ
1393 3248 1541 3306 δοράν.
1607 3255 1662 3294 At
1694 3250 1803 3294 enim
1829 3255 1873 3292 et
1893 3248 2053 3292 Graeci

1256 3311 1301 3348 et
1339 3305 1482 3350 Latini
1526 3309 1758 3363 scriptores
1802 3306 1911 3350 haud
1953 3319 2051 3350 raro

1255 3364 1518 3417 appositioni
1555 3380 1650 3409 eam
1682 3366 1766 3408 vim
1797 3367 2049 3416 tribuerunt,

1255 3426 1302 3463 ut
1332 3420 1508 3467 haberet
1539 3424 1727 3467 fortioris
1763 3424 2051 3480 comparatio-
