2158 3718
403 112 822 166 APOLOGIA
859 111 1247 167 SOCRATIS.
1299 113 1362 164 P.
1402 116 1488 168 40.
1530 112 1611 167 St.
1769 116 1868 168 165

158 257 330 329 βηκὸς
368 264 422 314 τί
465 281 597 315 ποτε
646 268 775 314 νοεῖ.
821 258 972 330 Ἐμοὶ
1018 258 1146 329 γάρ,
1195 251 1233 311 ὦ
1260 255 1458 327 ἄνδρες
1492 262 1748 314 δικασταί
1785 292 1863 301 --

160 342 306 414 ὑμᾶς
364 341 473 414 γὰρ
535 341 799 407 δικαστάς
867 347 1050 398 καλῶν
1105 343 1301 414 ὀρθῶς
1364 339 1438 397 εἳν
1491 347 1723 411 καλοίην
1783 377 1865 385 --

162 427 492 496 θαυμάσιόν
552 449 605 481 τι
650 433 885 496 γέγονεν.
946 426 980 495 ἡ
1025 425 1133 498 γάρ
1194 426 1434 482 εὶωθυῒοὶ
1477 449 1575 497 μοι
1619 427 1858 497 μαντικὴ

162 510 194 578 ἡ
255 515 354 566 τοῦ
400 515 693 580 δαιμονίου
750 518 808 565 ἐν
862 515 964 582 μὲν
1026 514 1102 580 τῷ
1150 509 1410 581 πρόσθεν
1463 510 1647 582 χρόνῳ
1693 523 1861 567 παντὶ

160 595 308 650 πάνυ
358 594 535 662 πυκνὴ
576 595 663 649 ἀεὶ
707 587 777 661 ἦν
821 599 913 650 καὶ
958 595 1103 651 πάνυ
1148 599 1234 650 ἐπὶ
1277 607 1528 667 σμικροῖς
1565 602 1860 651 ἐναντιου-

155 684 307 750 μένη,
352 679 400 734 εἴ
442 701 493 733 τι
535 683 781 751 μέλλοιμι
824 678 899 750 μὴ
946 678 1142 750 ὀρθῶς
1165 679 1419 752 πράξειν·
1469 683 1590 734 νυνὶ
1634 684 1689 735 δὲ
1731 674 1862 751 ξυμ-

155 766 348 834 βέβηκέ
400 787 522 834 μοι,
564 762 706 836 ἅπερ
768 762 935 835 ὁρᾶτε
975 768 1066 819 καὶ
1112 763 1303 834 αὐτοί,
1365 769 1554 828 ταυτί,
1611 762 1647 818 ἅ
1695 787 1753 836 γε
1799 764 1864 832 δὴ

162 851 388 915 οὶηιΊείη
449 845 520 901 ἄν
582 871 661 912 τις
718 853 809 902 καὶ
863 853 1139 917 νομίζεται
1197 856 1399 919 ἔσχατα
1462 852 1645 902 κακῶν
1707 848 1863 904 εἶναι.

158 936 278 1002 ἐμοὶ
327 935 383 985 δὲ
427 930 555 986 οὔτε
597 930 796 998 ἐξιόντι
831 938 1014 986 ἕωθεν
1043 932 1278 986 οἴκοθεν
1313 930 1648 1003 ἠναντιώθη
1675 931 1736 988 τὸ
1761 937 1861 989 τοῦ

159 1019 306 1072 θεοῦ
342 1027 581 1087 σημεῖον,
622 1012 748 1070 οὔτε
781 1014 944 1081 ἡνίκα
986 1015 1290 1083 ἀνέβαινον
1337 1022 1629 1079 ἐνταυθοῖ,
1671 1021 1757 1071 ἐπὶ
1793 1015 1854 1072 τὸ

158 1091 542 1170 δικαστήριον,
605 1095 725 1154 οὔτ’
779 1107 836 1155 ὲν
891 1102 967 1170 τῷ
1013 1098 1159 1168 λόγῳ
1217 1099 1471 1170 οὐδαμοῦ
1514 1103 1767 1170 μέλλοντί
1811 1124 1864 1155 τι

270 1236 323 1279 Β.
368 1231 624 1286 οὐδαμοῦ
654 1235 905 1286 μέλλοντί
934 1251 980 1275 τι
1012 1235 1185 1290 ἐρεῖν]
1251 1236 1299 1278 V.
1336 1234 1437 1277 οὔτε
1469 1235 1515 1276 ἐν
1548 1237 1605 1291 τῷ
1636 1235 1750 1291 λόγῳ
1785 1235 1860 1279 ου’·

156 1292 257 1342 aevi,
289 1293 483 1344 μέλλοντί
509 1309 543 1334 τι
573 1292 696 1347 ἐρεῖν.
735 1295 849 1347 quod
883 1309 906 1335 e
937 1294 1042 1336 Bas.
1076 1295 1115 1338 2.
1149 1294 1276 1336 Bodl.
1310 1296 1409 1339 Vat.
1444 1296 1556 1337 Ven.
1589 1295 1627 1335 b.
1662 1296 1787 1339 Vind.
1821 1298 1861 1341 1.

154 1352 195 1395 4.
228 1353 268 1395 6.
299 1353 393 1393 aliis
427 1353 617 1406 plurimis
649 1354 931 1395 correximus,

156 1492 383 1549 μαντικὴ
432 1491 456 1548 ἡ
499 1495 594 1534 τοῦ
635 1494 958 1547 δαιμονίου]

156 1553 252 1594 Non
313 1555 524 1595 assentior
587 1551 812 1594 Schleie
829 1566 897 1593 rm
913 1567 958 1593 a-

157 1610 341 1658 chero,
378 1613 448 1664 qni
481 1612 608 1650 verba
647 1607 672 1664 ἦ
703 1611 782 1651 τοῦ
812 1609 960 1661 δαιμο-

156 1670 255 1708 νίου
296 1682 375 1722 pro
407 1672 670 1721 glossemate
700 1667 827 1709 habet
859 1682 958 1722 pro·

156 1733 328 1780 pterea,
386 1726 500 1778 quod
551 1726 675 1766 Plato
721 1727 817 1767 alibi
850 1740 957 1768 rem

158 1787 320 1838 ipsam
366 1782 413 1825 τὸ
461 1781 686 1834 δαιμόνιον
734 1786 957 1837 appellare

158 1845 321 1887 soleat:
363 1844 434 1884 ubi
466 1850 609 1883 autem
645 1843 814 1883 nomine
854 1844 957 1882 sul)-

159 1901 367 1954 stantivo‚
406 1901 536 1943 veluti
579 1897 774 1953 μαντική,
817 1897 957 1952 φωνή,

160 1963 348 2011 σημεῖον,
376 1959 485 2001 idem
519 1956 752 2010 significet,
787 1958 844 1998 ibi
876 1958 958 1999 τοῦ

158 2017 272 2058 θεοῦ
317 2018 463 2069 potius
507 2029 634 2068 quam
678 2017 756 2055 τοῦ
809 2015 955 2066 δαιμο-

159 2078 255 2116 νίου
272 2075 431 2117 addere
449 2076 600 2117 soleat.
662 2073 769 2114 Nam
797 2076 954 2115 etiam-

159 2137 192 2174 si
241 2147 324 2174 non
391 2132 632 2185 reperiatur
686 2133 804 2173 locus
858 2131 958 2171 huic

159 2193 272 2234 omni
321 2204 373 2232 ex
418 2195 538 2243 parte
585 2188 754 2236 similis,
805 2195 961 2234 tamen,

157 2248 271 2301 quod
308 2248 404 2290 libri
434 2259 584 2288 omnes
617 2252 811 2295 tuentur,
855 2246 964 2285 satis

156 2314 296 2348 tntum
330 2306 550 2347 existimo:
593 2304 695 2355 quin
731 2303 883 2352 etiam,
927 2303 961 2343 si

161 2366 351 2412 deesset,
385 2374 647 2415 magnopere
670 2360 961 2401 desideratum

159 2423 212 2465 iri
248 2422 446 2462 arbitror.
489 2419 728 2462 Obscurius
759 2419 870 2458 enim
899 2418 963 2458 di-

159 2485 271 2522 ctum
314 2478 426 2518 foret
466 2472 492 2528 ἦ
522 2474 712 2516 εἰωθυῖᾰ
747 2489 819 2525 μοι
859 2489 961 2525 μαν-

161 2535 265 2590 τική,
285 2536 380 2587 quia
407 2534 591 2575 dubitari
612 2539 779 2587 posset,
810 2546 962 2586 quam-

160 2608 255 2637 nam
302 2589 506 2664 μαντικὴν
541 2593 811 2644 intelligeret.
871 2591 962 2632 Ita-

160 2666 245 2704 que
278 2652 395 2692 addit
431 2646 456 2704 ἦ
489 2651 569 2690 τοῦ
589 2647 826 2699 δαιμονιου,
850 2648 895 2692 ῃὴ
925 2662 963 2689 e.

162 2724 242 2759 ea,
274 2708 732 2762 quamdaemonio
763 2706 867 2757 illi,
901 2705 965 2747 de

159 2780 267 2837 §1¹1⁰
313 2767 642 2808 mentionem
684 2777 846 2816 snpra
894 2765 963 2804 in-

158 2825 290 2875 ieci,
341 2824 530 2866 debeo.
588 2821 740 2873 Neque
787 2834 891 2863 vero
941 2817 966 2874 ἡ

160 2881 336 2935 μαντική
387 2881 546 2921 indicat
601 2892 706 2919 rem
762 2879 964 2931 ipsam,

159 2954 284 2992 quum
325 2939 531 2979 Socrates
571 2934 797 2986 δαιμόνιον
839 2949 961 2976 suum

161 3008 507 3039 commemorans
548 2995 714 3035 solebat
745 2996 961 3047 cogitare3

160 3055 236 3096 sed
290 3055 432 3108 potius
495 3052 692 3093 effectum
748 3052 963 3103 quendum

160 3113 373 3153 daemonii
405 3109 624 3164 significat.
661 3132 703 3138 -—
751 3111 853 3151 Mox
884 3109 963 3149 ad-

159 3175 304 3211 vertas
353 3169 680 3210 collocationem
734 3167 961 3232 verborum

161 3225 274 3268 πάνυ
294 3225 360 3268 ἐπὶ
384 3230 589 3277 σμικροῖς.
615 3222 833 3265 Videlicet
851 3221 964 3264 πάνυ

160 3285 292 3327 habet
333 3282 529 3325 τόνωσιν.
588 3283 660 3323 Sic
693 3279 875 3348 Euthyd.
918 3295 962 3334 p

158 3343 259 3387 305.
322 3343 386 3384 C·
451 3339 564 3381 πάνυ
613 3335 726 3392 παρὰ
778 3340 962 3383 πολλοῖς

1054 1493 1272 1535 Phaedon.
1321 1494 1498 1546 p.110.
1541 1495 1597 1535 C:
1640 1495 1707 1534 καὶ
1748 1493 1856 1535 πολύ

1047 1553 1106 1592 ἔτι
1137 1551 1184 1593 ἐκ
1216 1551 1531 1604 λαμπροτέρων.
1556 1553 1758 1604 Reipubl.
1784 1553 1859 1595 1X.

1047 1615 1087 1662 p.
1119 1610 1218 1654 509.
1262 1610 1324 1649 B:
1370 1607 1481 1650 πολὺ
1523 1608 1591 1649 ἐπὶ
1631 1609 1856 1665 δεινοτέρῳ

1045 1663 1230 1737 ὀλέθρῳ.
1286 1668 1529 1722 Eutlnyphr.
1579 1683 1618 1721 p.
1671 1668 1738 1713 14.
1792 1670 1854 1709 E:

1044 1723 1154 1766 πολὺ
1188 1711 1257 1766 διὰ
1285 1724 1575 1796 sspaxvyze'pwv.
1620 1726 1781 1796 Cratyl.
1812 1741 1855 1779 p.

1042 1784 1142 1827 413.
1175 1784 1232 1824 C:
1269 1780 1377 1823 πολὺ
1409 1782 1456 1823 ἐκ
1486 1785 1647 1824 πλειονι
1677 1779 1854 1838 ἀπορία.

1049 1844 1176 1883 Plura
1223 1841 1344 1882 dabit
1386 1841 1747 1884 Bornemann.
1800 1842 1854 1882 ad

1041 1897 1239 1952 Xenoplu.
1274 1899 1477 1951 SympOS.
1511 1913 1549 1951 p.
1575 1900 1645 1943 46.
1667 1924 1722 1930 —-
1751 1900 1797 1939 ει
1819 1915 1854 1939 τι

1041 1957 1312 2008 μέλλοιμι,
1351 1955 1388 1997 h.
1425 1970 1461 1999 e.
1492 1959 1854 2009 quotiescun-—

1041 2016 1224 2068 quein
1257 2028 1316 2055 eo
1349 2027 1548 2064 essem,
1581 2023 1636 2056 ut
1667 2020 1749 2055 etc.
1782 2015 1855 2055 De

1041 2072 1121 2114 hac
1142 2071 1353 2113 daemonii
1373 2072 1411 2111 vi
1431 2073 1545 2112 conf.
1571 2073 1622 2113 ad
1648 2072 1778 2125 p.41.
1803 2073 1852 2111 Ι).

1103 2127 1130 2169 ἅ
1180 2143 1233 2182 γε
1281 2125 1341 2181 δὴ
1396 2128 1623 2182 οἰηθείη
1665 2127 1735 2170 ἄν
1775 2141 1853 2170 τις

1050 2187 1141 2226 καὶ
1180 2187 1484 2238 νομίζεται]
1533 2187 1571 2230 h.
1612 2201 1649 2228 e.
1694 2193 1738 2227 et
1775 2200 1852 2227 re-

1049 2257 1171 2285 vera
1202 2244 1451 2297 gravissima
1471 2246 1679 2286 malorum
1704 2245 1852 2286 existi-

1049 2307 1234 2344 mantur.
1293 2301 1400 2342 Nam
1435 2304 1494 2342 ita
1527 2303 1700 2342 verbum
1735 2307 1852 2352 νομί-

1047 2361 1156 2411 ζεται
1185 2358 1500 2411 explicandum,
1533 2359 1648 2411 quod
1681 2359 1856 2401 fuerunt

1047 2419 1116 2470 qui
1150 2422 1314 2458 temere
1355 2418 1637 2458 sollicitarent
1679 2423 1857 2470 propter

1047 2474 1309 2529 praecedens
1351 2474 1524 2527 οἰηθείη
1566 2471 1620 2514 ἄν
1649 2485 1722 2516 τις.
1784 2475 1856 2516 De

1047 2533 1300 2586 pronomine
1329 2534 1508 2573 relativo
1541 2532 1594 2572 ad
1632 2533 1760 2573 verba
1791 2532 1855 2572 di-

1047 2604 1200 2631 versae
1245 2590 1577 2630 constructionis
1623 2589 1852 2630 referendo

1048 2662 1088 2690 v.
1123 2648 1394 2689 Matthiae
1425 2647 1462 2699 ξ.
1492 2647 1592 2691 428.
1618 2648 1659 2690 2.
1687 2652 1731 2687 et
1750 2646 1851 2691 474.

1050 2705 1092 2746 d.
1137 2705 1200 2746 Ad
1241 2705 1435 2758 proxima
1473 2718 1701 2758 compares
1745 2706 1852 2748 Cic.

1050 2764 1120 2803 De
1154 2762 1281 2803 divin.
1316 2763 1347 2804 1.
1368 2762 1437 2806 54.
1500 2763 1640 2806 Illud
1676 2767 1852 2803 tamen

1053 2822 1175 2860 eius
1238 2820 1558 2877 philosophi
1610 2820 1851 2873 (Socratis)

1051 2878 1405 2930 magnificum
1450 2892 1517 2919 ac
1559 2890 1730 2930 paene
1778 2878 1854 2918 di-

1049 2936 1252 2986 vinum,
1286 2936 1450 2987 quod,
1483 2935 1853 2988 quum-impiis

1050 2994 1352 3034 sententiis
1443 2993 1853 3034 condemnatus

1050 3055 1235 3101 esset,
1282 3062 1448 3103 aequo
1479 3051 1658 3092 animo
1691 3063 1748 3091 se
1778 3049 1854 3090 di-

1048 3110 1127 3148 xit
1149 3109 1304 3158 mori;
1334 3121 1505 3161 neque
1530 3109 1660 3148 enim
1695 3108 1852 3148 domo

1052 3165 1371 3218 egredienti
1461 3178 1628 3217 neque
1710 3164 1851 3207 illud

1051 3229 1397 3275 suggestum,
1447 3223 1495 3265 in
1546 3236 1647 3274 quo
1701 3236 1851 3264 caus-

1050 3291 1164 3320 sam
1197 3279 1437 3331 dixerat,
1485 3280 1850 3325 adscendenti

1049 3337 1261 3391 signum
1313 3339 1413 3380 sibi
1460 3340 1648 3388 ullum,
1711 3336 1850 3389 quod

1916 1030 1963 1080 Β
