2158 3718
523 136 1030 188 SYMPOSHJM.
1069 153 1118 203 p.
1157 137 1263 187 213
1304 137 1377 187 st.
1696 138 1799 189 ιω

124 279 445 355 ἀνθρώπου
487 281 554 339 οὐ
597 283 819 358 φαῦλον
863 284 1094 353 πρᾶγμα
1135 285 1372 351 γέγονεν.
1417 280 1522 336 ἀπ’
1590 288 1797 339 ἐκείνου

124 363 231 441 γὰρ
290 368 392 422 τοῦ
442 363 680 438 χρόνου,
736 363 842 439 ἀφ’
904 358 969 421 οὗ
1025 362 1226 422 τούτου
1267 362 1562 435 ἠράσθην,
1618 365 1799 423 οὐκέτι

127 450 293 518 ἔξεστί
331 471 429 523 μοι
468 446 595 506 οὔτε
618 452 986 526 προςβλέψαι
1045 447 1170 506 οὕτε
1226 452 1592 522 διαλεχθῆναι
1651 453 1799 521 καλῷ

128 533 326 599 οὐδενί,
369 529 404 601 ἢ
447 533 637 590 οὑτοσὶ
685 535 1003 601 ζηλοτυπῶν
1045 556 1110 606 με
1155 537 1247 590 καὶ
1292 536 1538 609 φθονῶν
1567 537 1802 606 θαυμα-

125 615 228 673 στὰ
272 615 555 687 ἐργάζεται
599 620 692 673 καὶ
735 621 1067 690 λοιδορεῖταί
1111 639 1165 673 τε
1210 621 1303 673 καὶ
1342 614 1416 672 τώ
1456 629 1602 691 χεῖρε
1643 641 1750 691 μοι
1755 641 1804 684 ις

124 700 402 773 ἀπέχεται.
450 700 560 772 ὅρα
605 722 708 759 ουν
723 743 736 768 ,
781 700 856 775 μή
901 723 956 758 τι
998 705 1090 758 καὶ
1132 705 1236 758 νῦν
1279 701 1611 773 ἐργάσηται,
1655 700 1799 758 ἀλλα

125 783 423 852 διάλλαξον
482 784 657 858 ἡμᾶς,
739 782 773 853 ἢ
841 783 941 842 ἐὰν
995 776 1231 864 ἐπιχειρῇ
1289 786 1618 857 βιάζεσθαι,
1673 784 1806 842 ἐπά-

122 889 274 942 μυνε,
318 866 392 934 ὡς
435 869 533 939 ἐγώ
581 868 686 938 τὴν
730 869 930 926 τούτου
970 875 1180 942 μανίαν
1223 891 1280 926 τε
1324 873 1416 926 καὶ
1444 874 1806 946 φιλεραστίαν

124 949 275 1008 πάνυ
317 951 564 1029 ὀῤῥωδῶ.
642 952 804 1008 Ἀλλ’
856 947 955 1010 mix
995 958 1124 1020 ἔστι,
1168 953 1348 1029 φάναι
1390 950 1491 1010 τὸν
1527 953 1807 1026 Ἀλκιβιά-

127 1039 260 1104 δην,
301 1040 422 1108 ἐμοὶ
463 1041 557 1094 καὶ
599 1040 687 1093 σοὶ
732 1036 1020 1108 διαλλαγή.
1063 1035 1208 1093 ἀλλὰ
1247 1036 1459 1095 τούτων
1491 1041 1590 1109 μὲν
1626 1042 1805 1104 eiga&-

124 1123 227 1185 θίς
267 1138 326 1176 σε
370 1118 779 1195 τιμωρήσομαι·
843 1125 946 1178 νῦν
987 1125 1043 1179 δέ
1081 1143 1210 1193 μοι,
1255 1120 1554 1192 Ἀγάθων,
1608 1121 1804 1198 φάναι,

124 1199 363 1276 μετάδος
403 1208 516 1260 τῶν
561 1206 819 1269 ταινιῶν,
875 1210 967 1261 ἵνα
1006 1203 1270 1273 άναδήσω
1313 1208 1404 1261 καὶ
1450 1202 1552 1274 τὴν
1597 1205 1802 1264 τούτου

124 1290 356 1356 ταυτηνὶ
397 1285 500 1357 τὴν
544 1285 891 1361 θαυμαστὴν
930 1286 1190 1366 κεφαλήν,
1229 1292 1323 1345 καὶ
1363 1288 1441 1362 μή
1465 1312 1562 1362 μοι
1577 1290 1805 1368 ’μέμφη-

126 1455 245 1494 recte
282 1456 442 1506 potest.
502 1453 610 1497 Mox
648 1468 688 1510 p.
719 1452 817 1499 214.
846 1452 898 1495 E.
941 1450 1050 1508 ὅρα,
1089 1451 1126 1493 εἰ
1165 1453 1346 1508 παρίης,
1386 1453 1525 1507 Gorg.
1557 1467 1599 1508 p.
1618 1451 1718 1498 476.
1751 1453 1805 1496 D.

124 1507 233 1566 δ’,ρα
263 1510 300 1550 εὶ
327 1508 567 1566 ὁμολογεῖς.

239 1566 292 1609 D.
350 1568 489 1627 καλῷ
518 1567 732 1625 οὐδενί]
764 1565 862 1611 ουδ’
897 1567 964 1610 ἑνί
989 1566 1116 1609 Bodl.
1150 1571 1195 1609 et
1223 1565 1330 1608 Tur.
1392 1566 1488 1609 Non
1518 1567 1646 1620 male,
1680 1579 1721 1611 v.
1751 1565 1807 1609 nd

123 1637 167 1679 p
176 1622 297 1726 21131.
329 1611 667 1738 Ι,θαυμαστά
708 1679 1031 1738 ἐργάζεται]
1071 1679 1125 1722 V.
1165 1678 1424 1736 θαυμάσια,
1463 1679 1580 1735 quod
1622 1695 1645 1722 e
1677 1680 1805 1725 Bodl.

125 1737 226 1781 vat.
247 1736 300 1781 Δ.
338 1739 464 1781 Vind.
487 1741 530 1784 2.
561 1740 662 1784 Par.
678 1741 783 1784 DK.
812 1743 921 1793 Αιι3.
935 1752 984 1782 w,
1016 1737 1111 1781 vat.
1127 1750 1167 1792 p.
1199 1743 1243 1779 et
1270 1750 1333 1792 pr.
1368 1739 1471 1780 Veu.
1495 1753 1541 1779 ....
1578 1743 1807 1781 mutatum.

124 1795 231 1839 Mox
261 1795 480 1853 ἐπᾶμυναι
512 1797 638 1841 Bodl.
663 1798 758 1840 Vat
771 1797 822 1842 A
847 1795 971 1840 vind.
983 1794 1023 1839 2.
1044 1795 1145 1837 Par.
1159 1795 1262 1838 DK.
1286 1798 1390 1850 Aug.
1404 1807 1453 1839 w.
1485 1794 1622 1838 Editt.
1654 1808 1806 1838 omnes
1871 1800 1880 1812 ⁸

125 1851 329 1910 ἐπάμυνε.

241 1915 334 1953 νῦν
367 1911 426 1953 δέ
452 1926 570 1967 μ,οι
599 1908 728 1966 ’.Αγ,
761 1908 953 1966 φάναι]
988 1906 1031 1950 δ’
1063 1907 1160 1963 ἐμοὶ
1187 1907 1303 1982 Flor.
1326 1920 1366 1951 n.
1406 1908 1512 1951 Dein
1543 1908 1803 1952 Bod1.vat.

126 1968 180 2011 A.
197 1968 307 2010 Ven.
318 1969 365 2013 Ξ.
396 1969 520 2011 Vind.
536 1943 576 2012 2.
607 1970 694 2011 Par
716 1943 822 2011 ’DK
844 1971 951 2022 Ang-
966 1980 1012 2008 w.
1035 1966 1132 2008 Vat.
1147 1979 1190 2020 p.
1219 1964 1286 2006 ἵνα
1317 1965 1654 2019 ἄναδησώμεθα.
1714 1966 1806 2009 Sed

126 2031 246 2068 recte
286 2025 415 2068 habet
450 2025 518 2066 ἱία
548 2024 772 2079 ameriam,
816 2038 893 2080 pro
924 2037 1011 2079 quo
1042 2036 1121 2065 nec
1150 2035 1246 2065 cum
1278 2023 1327 2064 C.
1360 2021 1431 2072 Fr.
1464 2023 1717 2066 Hermanno
1749 2023 1807 2066 de

126 2083 371 2124 coniectura
422 2096 632 2137 reponam
686 2082 974 2137 ἄναδήσωμεν.
1043 2081 1252 2123 Nimirum
1304 2079 1416 2121 istud
1468 2080 1806 2136 ἆναδησώμεθα,

127 2139 246 2192 quod
281 2139 407 2184 Bodl.
444 2140 601 2194 aliique
632 2140 804 2193 habent,
838 2139 952 2181 unde
985 2144 1127 2180 ortum
1158 2138 1231 2190 sit,
1268 2138 1504 2180 luculenter
1533 2143 1716 2193 apparet
1747 2151 1802 2181 ex

128 2210 207 2249 eo,
245 2197 359 2251 quod
391 2196 518 2239 iidem
551 2197 644 2240 fere
674 2198 769 2240 libri
800 2198 931 2239 etiam
962 2198 1035 2237 καὶ
1065 2194 1358 2238 exterminant.
1416 2194 1526 2237 Nam
1560 2197 1803 2249 proximum

126 2254 197 2295 καὶ
226 2267 313 2297 om.
348 2253 472 2296 Bodl.
506 2255 600 2299 Vat.
622 2254 674 2298 A.
703 2255 876 2299 virum.
904 2254 1053 2298 Par.D
1069 2252 1122 2296 K.
1143 2253 1239 2295 Vat.
1253 2265 1295 2307 p.
1355 2251 1444 2294 Pro
1475 2252 1613 2294 αὑτὸν
1644 2253 1690 2295 δὲ
1721 2268 1802 2294 nn.

125 2311 358 2354 Florentini
389 2309 542 2356 αὐτόν.

243 2368 297 2411 Ε.
353 2368 581 2423 ταυτηνὶ
609 2365 704 2423 τὴν
736 2366 1069 2425 θαυμαστὴν
1096 2365 1151 2422 m]
1183 2364 1261 2419 τὴν
1292 2379 1377 2411 om.
1396 2366 1496 2412 Par.
1515 2367 1568 2411 K.
1590 2372 1634 2410 et
1652 2366 1800 2411 Ambr-

130 2523 192 2553 sc.
222 2510 390 2564 γελοῖος
419 2508 543 2561 εἶναι,
573 2505 731 2549 reddas
761 2514 925 2563 atque
1008 2509 1103 2563 prie
1153 2507 1304 2550 dicitur
1352 2507 1416 2550 de
1467 2508 1801 2550 animalibus

131 2567 187 2608 id
228 2566 436 2608 studet.
482 2579 521 2607 v.
567 2565 921 2618 Hoogeveen.
1009 2578 1143 2621 prae
1181 2570 1326 2608 metu
1373 2566 1604 2608 caudam
1644 2565 1802 2607 redu-

133 2623 187 2666 ad
211 2624 355 2678 Viget.
376 2637 415 2678 p.
437 2622 536 2667 226.
556 2627 702 2665 annot.
728 2622 792 2667 16.
817 2630 923 2666 extr.
1012 2624 1287 2674 centibus,
1319 2623 1372 2664 ab
1404 2624 1555 2666 Atticis
1585 2625 1641 2666 ita
1674 2636 1802 2664 usur-

133 2681 333 2724 Ceterum
364 2679 419 2727 ὡς
438 2686 505 2722 est
534 2679 760 2751 quippe,
791 2694 924 2733 nam,
1011 2686 1138 2734 pato,
1173 2685 1222 2721 ut
1251 2680 1421 2722 omnino
1453 2681 1508 2721 sit
1538 2686 1799 2732 metuere,

133 2744 182 2780 ut
218 2751 319 2780 mox
359 2738 400 2779 in
447 2737 609 2780 verbis:
657 2734 713 2782 ὦς
763 2737 860 2794 ἐμοὶ
902 2737 923 2779 o‘
1014 2750 1052 2781 v.
1085 2738 1335 2781 Pierson.
1374 2725 1426 2779 ad
1458 2737 1599 2780 Moer.
1631 2752 1673 2793 p.
1703 2737 1806 2783 255.

133 2793 294 2837 τούτοι
325 2795 423 2850 ἔρως
455 2817 508 2826 -
541 2793 592 2834 ου’
623 2795 789 2846 φαῦλον
818 2799 928 2850 πρᾶ-

134 2867 223 2906 γμα
252 2857 432 2906 γέγονεν,
464 2856 507 2893 et
534 2850 589 2897 ὡς
619 2850 699 2905 ἐγὼ
729 2852 807 2904 τὴν
825 2851 930 2893 τού-
1070 2850 1123 2892 Ε.
1195 2849 1290 2903 τὴν
1327 2849 1530 2894 τούτου
1573 2853 1803 2906 ταυτηνὶ

136 2923 219 2950 του
252 2924 313 2962 μα
287 2909 410 2947 wuda
437 2931 493 2938 —
523 2906 708 2962 ἆῤῥωδῶ.
756 2911 804 2950 C.
847 2909 928 2952 Fr.
1014 2907 1111 2961 τὴν
1158 2907 1489 2962 θαυμαστὴν
1536 2909 1799 2964 κεφαλήν]

136 2965 303 3008 Herm
321 2976 492 3006 annus
533 2977 608 3006 cur
637 2966 928 3018 reponendum
1011 2965 1187 3007 Iteratio
1225 2965 1330 3008 haec
1366 2967 1530 3008 articuli
1569 2980 1651 3009 non
1686 2973 1804 3008 caret

137 3022 372 3064 censuerit·
403 3020 491 3060 καὶ
532 3019 583 3061 οὐ
618 3021 734 3075 παρὰ
767 3022 930 3076 Ἀριστ.
1011 3021 1163 3064 idonea
1194 3024 1372 3066 ratione.
1427 3022 1534 3067 Na‘m
1573 3025 1702 3065 verba
1743 3026 1804 3064 sic

135 3079 280 3120 invitis
315 3077 430 3119 libris
454 3077 663 3127 omnibus
695 3078 806 3120 haud
828 3092 931 3122 sane
1016 3079 1265 3133 explicanda
1326 3088 1442 3122 sunt:
1503 3079 1581 3132 τὴν
1637 3077 1803 3120 τούτου

135 3135 424 3205 intelligimus.
1015 3138 1212 3189 ταυτηνί,
1253 3135 1289 3189 ἢ
1326 3135 1564 3190 θαυμαστή
1603 3138 1717 3188 ἐστι,
1764 3153 1802 3177 ιι.

195 3194 248 3235 D.
307 3191 333 3245 ἢ
367 3189 558 3232 ουτοσὶ
588 3190 652 3246 ζ]
684 3191 721 3233 h.
757 3205 795 3235 e.
825 3198 932 3245 aut,
1017 3206 1057 3236 v.
1091 3193 1147 3236 ad
1178 3194 1310 3250 Hipp.
1346 3196 1444 3237 mai.
1476 3193 1574 3236 281.
1606 3195 1656 3237 Ι).
1696 3194 1803 3235 Cra·

140 3252 187 3292 si
246 3248 295 3290 id
355 3249 528 3301 facio,
589 3249 740 3291 hicce
804 3262 934 3303 prae
1017 3251 1096 3306 tyl.
1132 3251 1232 3295 398.
1272 3253 1323 3293 Β.
1363 3253 1416 3294 D.
1456 3251 1591 3302 Gorg.
1633 3264 1675 3305 p.
1703 3250 1803 3296 502.

139 3307 512 3350 aemulatione
543 3311 596 3348 et
625 3306 832 3348 invidia
855 3311 936 3349 etc.
1019 3308 1072 3352 D.
1108 3308 1266 3361 Remp.
1296 3309 1407 3351 Vlll.
1439 3321 1478 3361 p.
1512 3307 1610 3352 565.
1648 3309 1697 3350 D.
1729 3308 1803 3350 ΙΙΙ.

141 3366 206 3408 De
250 3363 382 3407 verbo
421 3360 642 3420 ὀρῤωδιῖν,
683 3363 798 3417 quod
835 3376 936 3418 pro·
1018 3378 1056 3420 p.
1087 3363 1186 3412 407.
1220 3367 1272 3407 Β.
