2158 3718
820 79 1079 130 ΡΗΑΕιιο
1110 100 1154 142 p.
1179 88 1247 130 60.
1328 152 1331 154 .
1851 90 1918 144 87

147 222 222 287 ὥς
258 216 365 279 οὖν
402 222 551 280 εἶδεν
587 223 728 296 ἡμᾶς
763 223 1142 295 ἡΞανθίππη,
1180 223 1546 296 ἀνευφήμησέ
1577 248 1636 282 τε
1674 230 1768 282 καὶ
1804 250 1920 284 τοι-

147 308 273 362 αῦτ’
319 307 455 363 ἄττα
501 306 685 378 εἶπεν,
733 303 824 363 οἷα
868 309 936 380 δὴ
984 310 1255 365 εἰώθασιν
1303 311 1366 363 αἱ
1406 322 1698 382 γυναῖκες,
1739 312 1825 368 ὅτι
1852 309 1920 368 ’Ὠ

148 394 471 464 Σώκρατες,
511 393 755 448 ὕστατον
792 396 862 465 δή
900 409 962 448 σε
999 386 1335 465 προςὲροῦσι
1372 399 1483 448 νῦν
1520 397 1579 449 οἱ
1614 398 1922 468 ἐπιτήᾶειοι

147 479 239 531 καὶ
277 477 349 533 σύ
386 479 634 542 τούτους.

711 480 823 532 Καὶ
860 478 888 532 ὁ
929 479 1234 549 Σωκράτης
1277 480 1488 548 βλέψας
1527 481 1604 544 εἰς
1641 481 1741 535 τὸν
1778 486 1920 553 Κρί-

146 582 321 631 τωνα,
354 558 423 616 Ὦ
449 565 694 633 Κρίτων,
734 565 861 633 ἔφη,
901 562 1155 632 ἀπαγέτω
1193 583 1275 627 τις
1311 564 1522 634 ταύτην
1558 568 1768 620 οἴκαδε.
1810 569 1922 620 Καὶ

147 647 370 717 ἐκείνην
406 648 510 717 μὲν
548 645 768 717 ἀπῆγόν
805 667 952 711 τινες
988 652 1103 702 τῶν
1139 651 1242 702 τοῦ
1268 651 1558 718 Κρίτωνος
1594 651 1823 719 βοῶσαν
1860 672 1919 706 τε

145 732 237 784 καὶ
275 734 648 802 κοπτομένην·
693 730 722 786 ὁ
749 732 810 787 δὲ
838 733 1141 803 Σωκράτης
1176 731 1651 805 ἄνακαθιζόμενος
1690 736 1781 791 ἐπὶ
1818 734 1974 807 τὴνΒ

224 896 521 968 απαγέτω
551 904 664 959 τις]
676 898 982 970 ἄπαγαγὲτω
1003 906 1219 947 Bekkerus
1250 919 1345 947 eum
1367 907 1459 950 Par.
1482 906 1516 948 G
1537 908 1648 949 Flor.
1671 922 1693 948 e
1715 909 1741 950 d
1762 922 1815 949 m.
1837 909 1918 951 Pro

144 953 326 1015 ταύτην
345 961 466 1002 Bodl.
497 962 602 1003 Tub.
626 954 806 1015 αὐτήν,
837 962 951 1014 quod
990 963 1142 1015 probat
1170 963 1395 1004 Hermann.
1429 970 1574 1018 utpote
1611 965 1767 1006 dietum
1797 965 1919 1006 fami-

148 1018 310 1059 liarius.
352 1017 437 1058 Sed
459 1018 571 1058 conf.
594 1019 648 1058 ad
672 1018 876 1070 Criton.p

882 1018 1042 1062 ..45A

255 1073 303 1113 Β.
336 1067 431 1115 ἐπὶ
459 1068 563 1128 τὴν
593 1072 814 1127 κλίνην]
847 1074 916 1115 Sie
937 1075 1002 1115 ed.
1025 1073 1122 1118 Bas.
1145 1077 1170 1115 2
1193 1075 1286 1115 Vat.
1312 1075 1419 1116 Ven.
1442 1074 1690 1122 EHVind.
1716 1076 1803 1119 ΤΦ
1824 1078 1919 1120 Par.

144 1130 221 1172 GL
242 1129 387 1170 Ambr.
409 1131 519 1183 Aug.
545 1130 652 1173 Flor.
677 1130 749 1170 ad
773 1131 867 1173 Zitt.
890 1138 931 1170 et
958 1131 1000 1170 in
1022 1143 1152 1183 marg.
1175 1132 1269 1175 Par
1292 1132 1328 1172 A
1352 1132 1462 1175 Flor.
1483 1145 1538 1172 m.
1562 1131 1713 1185 Angel.
1738 1134 1884 1174 Idem
1875 1147 1919 1173 ιιι

142 1186 263 1227 Bodl.
286 1187 618 1241 superscriptum
641 1192 793 1228 exstat.
824 1187 1062 1241 Legebatur
1083 1187 1178 1228 olim
1203 1184 1271 1236 εἰς
1294 1180 1386 1244 τὴν
1404 1189 1474 1231 κλ.
1466 1220 1493 1242 .,
1517 1190 1631 1241 quod
1653 1194 1794 1230 servat
1813 1190 1918 1230 Her-

143 1255 289 1284 mann.
307 1256 346 1287 V.
370 1255 469 1287 ann.

199 1377 595 1438 ἄνευφήμησε]
638 1384 985 1425 interfletum

143 1448 191 1480 et
239 1440 493 1481 eiulatum
540 1441 837 1482 vociferata
885 1448 983 1493 est,

143 1502 187 1537 ut
215 1497 400 1548 loquitur
437 1497 579 1540 Valer.
622 1497 795 1541 Maxim.
820 1498 913 1540 VII.
943 1498 983 1538 2.

143 1558 229 1596 ext.
253 1555 291 1596 1.
331 1553 466 1594 Etiam
505 1553 586 1594 hoo
624 1555 802 1594 verbum
841 1561 904 1594 est
943 1554 984 1594 in

143 1622 315 1651 numero
346 1622 505 1661 eorum,
536 1611 578 1651 in
600 1611 753 1661 quibus
784 1623 988 1665 expressa

142 1672 369 1707 cernuntur
396 1667 577 1721 vestigia
596 1667 760 1707 Atticae
789 1667 986 1708 humani-

143 1724 254 1774 tatis,
286 1736 368 1776 qua
396 1723 533 1764 solent
562 1725 689 1765 verba
708 1724 768 1763 rei
790 1724 924 1764 laetae
946 1730 986 1763 et

141 1788 287 1832 gratae
326 1780 454 1821 tribui
494 1781 622 1821 rebus
653 1781 828 1833 ingratis
858 1786 985 1832 atque

142 1837 335 1877 tristibus
374 1829 482 1877 κατ’
514 1829 815 1902 αντίφρασιν,
858 1849 984 1887 quam

143 1900 296 1933 vocant
314 1893 590 1947 grammatici.
621 1893 727 1934 Nam
750 1885 986 1947 εὐφημεῖν

144 1957 184 1989 et
198 1941 500 2003 ἄνευφημεῑν
519 1950 688 2003 proprie
708 1950 903 1990 dicuntm
925 1950 985 1990 de

143 2006 321 2046 verbis
363 2014 410 2046 et
439 2007 655 2047 vocibus
695 2006 892 2047 faustis
929 2018 985 2045 ae

144 2064 276 2104 bene
305 2063 570 2106 ominatis.
614 2062 699 2104 Sed
726 2055 836 2103 κατ’
858 2058 985 2104 ἄντί-

144 2130 321 2171 φρασιν
354 2118 594 2172 significant
634 2119 759 2159 etiam
790 2119 985 2158 lamen-

144 2176 267 2226 tari,
291 2174 603 2240 vociferari,
636 2175 852 2215 eiulare.
895 2175 988 2214 He-

143 2231 308 2295 syeh:
332 2223 686 2285 ἄνευφημήσει”
716 2223 987 2284 οἷνοιμωξει,

143 2281 266 2329 κατὰ
288 2280 579 2341 ἄντίφρασιν
596 2286 852 2340 Σοφοκλῆς
866 2287 988 2340 Τρα

145 2344 364 2411 χινίαις,
363 2357 402 2386 v.
415 2346 511 2395 783,
536 2344 607 2384 ubi
630 2358 671 2386 v.
685 2345 822 2398 intpp.
847 2343 985 2384 Idem.

147 2394 437 2455 εὖφημοῦσι”
481 2396 720 2453 στένουσι,
752 2399 987 2442 κλαίουσι.

144 2458 307 2501 Aelian.
330 2458 382 2501 V.
407 2457 457 2500 Η.
477 2457 593 2498 XIV.
618 2459 656 2500 1.
682 2462 723 2497 et
745 2468 852 2508 quae
874 2457 927 2497 de
949 2469 987 2498 v.

146 2527 361 2568 ευφημος
391 2525 466 2568 pro
497 2506 745 2568 ὃύςφημος
786 2520 986 2565 usurpato

145 2574 306 2612 notavit
347 2569 561 2613 Stanlei.
605 2571 660 2610 ad.
706 2569 860 2612 Aeseh
903 2570 984 2622 Ag.

148 2628 270 2670 1227.
282 2627 611 2667 Hermannus
626 2632 767 2667 tamen
788 2625 985 2693 adSoph.

146 2683 604 2726 Trach.1.o.nu11am
633 2683 678 2723 in
707 2683 825 2723 verb.
848 2676 988 2724 ἄνευ-

147 2754 251 2837 ιῐξιίμᾎ
219 2742 328 2795 μεῖν
348 2731 639 2793 ἄντίφρασιν
658 2739 865 2792 agnoseit.
881 2738 991 2805 ‚Sig-

223 2808 319 2837 care
359 2797 470 2836 enim
506 2796 806 2837 exclamare
843 2787 993 2849 εὐφη-

148 2865 239 2906 μει,
268 2853 295 2895 i.
322 2865 361 2894 e.
389 2852 640 2904 clamare,
670 2851 848 2893 absint
872 2864 991 2892 ver-

152 2911 211 2949 ba
232 2908 365 2948 male
386 2910 633 2949 ominata.

206 2975 456 3006 υστατον
486 2957 555 3018 δή
586 2975 645 3005 σε
674 2962 992 3018 προςεροῦ·

150 3018 219 3075 σι]
244 3020 362 3061 Istud
372 3014 434 3074 δή
445 3027 507 3060 est
528 3020 721 3070 dolentis,
734 3027 780 3060 ut
801 3028 991 3061 nostrum

151 3078 309 3127 deun,
340 3077 479 3127 also,
522 3084 561 3115 et
590 3076 678 3119 Lat.
705 3088 849 3140 ergo,
881 3076 993 3128 quod

148 3134 251 3174 item
271 3141 521 3198 usurpatur,
553 3132 626 3172 ubi
648 3132 742 3183 quis
763 3144 859 3172 eum
881 3144 993 3172 mae-

150 3201 244 3230 rore
272 3201 321 3229 ae
346 3189 517 3230 tristitia
545 3188 760 3242 deplorat,
790 3189 904 3240 quod
931 3201 994 3228 re-

152 3257 252 3295 vera
278 3245 368 3285 fieri
395 3245 608 3299 potuerint
635 3256 743 3296 quae
770 3244 852 3284 iam
882 3257 992 3284 ιιιιιιο

153 3302 395 3343 acciderint.
444 3301 556 3342 Infra
585 3313 628 3354 p
660 3301 714 3341 89
744 3299 790 3343 Β.
824 3291 993 3365 αὔριον

154 3351 243 3421 δή
236 3380 290 3387 -
311 3356 435 3422 ἴσως)
459 3346 715 3422 ωΦαίδων,
738 3349 823 3404 τὰς
842 3350 993 3404 καλὰς

155 3408 329 3463 ταύτας
368 3426 518 3468 κομας
560 3406 799 3465 ἄποκερεῖ.
863 3412 991 3467 Soph.

1072 1385 1137 1427 Ai.
1159 1384 1242 1426 856
1264 1397 1357 1451 sqq.
1391 1381 1440 1427 σὲ
1471 1378 1522 1425 δ’
1553 1400 1588 1427 ω
1619 1385 1834 1456 φαεννῆς
1863 1380 1920 1440 ἡ-

1071 1436 1217 1495 μέρας
1245 1436 1298 1482 τὸ
1329 1440 1420 1484 νῦν
1454 1437 1594 1490 σέλας
1621 1439 1704 1484 καὶ
1733 1436 1817 1485 τὸν
1846 1441 1918 1484 δι-

1074 1491 1287 1563 φρευτὴν
1303 1489 1477 1540 ’Ἡλιον
1493 1493 1810 1565 προςεννέπω,
1829 1511 1920 1540 πα-

1073 1550 1306 1596 νύστατον
1347 1548 1416 1608 δὴ
1458 1567 1639 1596 κουποτ
1690 1543 1840 1604 αὖθις
1868 1569 1920 1597 υ-

1073 1622 1250 1663 στερον.
1280 1611 1387 1654 Ibid.
1413 1623 1452 1653 v.
1471 1613 1568 1654 992.
1593 1626 1628 1652 ω
1650 1610 1747 1653 τῶν
1767 1604 1920 1653 ἀποίν-

1073 1681 1167 1709 των
1188 1664 1257 1720 δὴ
1279 1660 1540 1732 θεαμάτων
1563 1660 1667 1721 ἐμοὶ
1696 1659 1920 1732 ἄλγιστον

1071 1713 1135 1766 ὦν
1185 1722 1438 1777 προςεῑδον
1486 1716 1764 1777 ὀφθαλμοῖς
1812 1717 1915 1778 ἐγώ.

1070 1781 1168 1820 Hor.
1203 1780 1339 1823 Carm.
1371 1780 1402 1823 Ι
1436 1782 1513 1831 24,
1536 1781 1577 1823 5.
1620 1781 1765 1834 Ergo
1796 1780 1920 1831 Quin-

1070 1838 1200 1878 tilium
1228 1842 1461 1890 perpetuus
1480 1850 1614 1890 sopor
1632 1839 1784 1889 urget?
1827 1836 1916 1880 Sat.

1072 1893 1484 1946 11.5,101.Er90
1507 1906 1613 1933 nune
1634 1894 1770 1934 Dama
1788 1894 1919 1934 sodet«-

1072 1951 1122 1991 lz’s
1143 1962 1344 2003 nusquam
1365 1951 1458 1989 est?

1128 2004 1237 2046 τῶν
1265 2004 1366 2047 τοῦ
1387 2002 1701 2058 Κρίτωνος]
1729 2016 1782 2046 ex
1805 2003 1917 2045 Cri-

1075 2062 1217 2102 tonis
1250 2062 1437 2104 servis.
1482 2061 1588 2101 Nam
1609 2060 1772 2102 nobiles
1794 2068 1835 2101 et
1855 2061 1920 2101 di-

1077 2119 1185 2158 vites
1225 2118 1510 2158 Athenienses
1552 2129 1635 2158 non
1677 2125 1835 2158 temere
1874 2117 1918 2157 in

1073 2174 1289 2227 publicum
1312 2174 1535 2227 prodibant
1556 2174 1648 2222 soli,
1679 2173 1755 2215 sed
1776 2185 1921 2215 secum

1075 2231 1288 2271 habebant
1326 2230 1417 2271 fere
1454 2230 1599 2295 plures
1638 2204 1922 2293 ’pedisequos.

1074 2287 1242 2330 Menon.
1266 2299 1309 2339 p.
1331 2286 1452 2328 82A.
1477 2278 1597 2327 αλλοέ
1617 2298 1698 2351 μοι
1719 2299 1753 2327 π
1755 2278 1923 2351 ροςκά-

1076 2344 1213 2385 λεσον
1257 2340 1352 2384 τῶν
1398 2341 1586 2384 πολλῶν
1630 2300 1921 2410 ᾅκολούθων

1074 2396 1275 2441 τουτωνὶ
1304 2397 1398 2440 τῶν
1427 2396 1604 2440 σαυτοῦ
1629 2393 1730 2463 ἕνα,
1752 2411 1922 2441 οντινα

1075 2450 1253 2511 βούλει.
1313 2454 1510 2496 Ceterum
1549 2455 1771 2496 revertitur
1810 2454 1921 2495 infra

1074 2512 1320 2566 Xanthippe
1358 2524 1443 2553 una
1479 2524 1575 2552 eum
1614 2510 1735 2563 filiis,
1773 2511 1923 2552 ultima
1963 2516 1972 2525 ·

1075 2569 1260 2610 Socratis
1299 2568 1499 2609 mandata
1534 2574 1780 2622 acceptura;
1810 2581 1851 2611 v.
1875 2580 1918 2622 p.

1077 2626 1157 2667 116
1177 2625 1242 2675 B.‚
1267 2625 1336 2667 ubi
1361 2637 1402 2668 v,
1427 2637 1526 2665 ann.

1130 2683 1176 2723 Β
1229 2673 1473 2725 ανακαθ.
1533 2673 1626 2722 ἐπὶ
1665 2672 1770 2733 τὴν
1809 2675 1918 2733 κλ.]

1075 2739 1241 2780 Dictum
1261 2737 1342 2779 hoe
1361 2751 1437 2791 per
1455 2736 1831 2800 breviloquentiam
1845 2747 1922 2790 pro

1077 2789 1156 2837 ἐπὶ
1197 2787 1284 2848 τὴν
1322 2793 1490 2860 κλίνην
1506 2786 1809 2858 κλινάμενος
1839 2787 1924 2833 καὶ

1076 2843 1227 2900 οὕτως
1256 2844 1306 2893 ἐν
1337 2842 1457 2904 αὐτῇ
1490 2841 1922 2901 ανακαθιζόμενος

1078 2907 1279 2949 Similiter
1317 2905 1538 2960 Aristoph.
1570 2906 1678 2948 Rau.
1706 2906 1801 2948 198.
1845 2897 1926 2946 ἐπὶ

1078 2957 1168 3017 τὴν
1210 2956 1374 3018 κώπην
1418 2961 1730 3013 καθίζεσθαι.
1788 2959 1919 3002 Thue.

1078 3022 1111 3063 Ι.
1128 3021 1228 3085 126,
1252 3022 1293 3063 6.
1314 3018 1601 3070 καθίζουσιν
1622 3011 1700 3060 ἐπὶ
1722 3010 1805 3058 τὸν
1835 3014 1924 3069 βω-

1079 3069 1182 3131 μόν.
1225 3075 1442 3145 Aristoph.
1480 3075 1589 3116 Nub.
1620 3075 1718 3116 254.
1748 3066 1923 3123 καθιζε

1078 3131 1242 3175 τοίνυν
1291 3126 1369 3174 ἐπὶ
1416 3124 1499 3172 τὸν
1548 3126 1679 3183 ἱερὸν
1725 3128 1922 3183 σκίμπο-

1079 3187 1157 3231 δα.
1230 3187 1373 3230 Genus
1431 3187 1633 3239 loquendi
1699 3185 1924 3226 illustravit

1078 3244 1334 3286 Matthiae
1373 3245 1412 3294 §.
1437 3246 1520 3286 578
1548 3256 1587 3287 a.
1636 3242 1802 3283 Etenim
1843 3239 1924 3280 So-

1079 3307 1212 3342 crates
1253 3301 1389 3342 adhue
1427 3301 1470 3340 iu
1519 3299 1672 3340 lectulo
1714 3298 1923 3342 noueram

1078 3369 1190 3397 nune
1230 3357 1375 3409 igitur,
1416 3356 1595 3395 vinculis
1636 3354 1815 3401 solutus,
1858 3363 1925 3390 se-

1078 3413 1215 3454 dendo
1243 3414 1286 3455 in
1317 3424 1365 3454 eo
1396 3412 1569 3465 erigitur
1590 3417 1631 3451 et
1658 3421 1807 3450 versus
1828 3418 1923 3448 eum
