<?xml version="1.0" encoding="UTF-8"?>
<!DOCTYPE html PUBLIC "-//W3C//DTD XHTML 1.0 Transitional//EN"
    "http://www.w3.org/TR/xhtml1/DTD/xhtml1-transitional.dtd">
<html xmlns="http://www.w3.org/1999/xhtml" xml:lang="en" lang="en">
 <head>
  <title>
</title>
<meta http-equiv="Content-Type" content="text/html;charset=utf-8" />
  <meta name='ocr-system' content='tesseract 3.04.00' />
  <meta name='ocr-capabilities' content='ocr_page ocr_carea ocr_par ocr_line ocrx_word'/>
</head>
<body>
  <div class='ocr_page' id='page_1' title='image "./operaomniarecens01platuoft/operaomniarecens01platuoft_0106.png"; bbox 0 0 2222 3762; ppageno 0'>
   <div class='ocr_carea' id='block_1_1' title="bbox 358 161 1591 219">
    <p class='ocr_par' dir='ltr' id='par_1_1' title="bbox 358 161 1591 219">
     <span class='ocr_line' id='line_1_1' title="bbox 358 161 1591 219; baseline 0.003 -4"><span class='ocrx_word' id='word_1_1' title='bbox 358 163 427 215; x_wconf 82' lang='grc'>28</span> <span class='ocrx_word' id='word_1_2' title='bbox 832 161 1440 218; x_wconf 86' lang='lat' dir='ltr'><strong>PROLEGOMENA</strong></span> <span class='ocrx_word' id='word_1_3' title='bbox 1479 166 1591 219; x_wconf 90' lang='lat' dir='ltr'>AD</span> 
     </span>
    </p>
   </div>
   <div class='ocr_carea' id='block_1_2' title="bbox 345 304 2057 2657">
    <p class='ocr_par' dir='ltr' id='par_1_2' title="bbox 345 304 2057 2657">
     <span class='ocr_line' id='line_1_2' title="bbox 355 304 2055 380; baseline 0.004 -22"><span class='ocrx_word' id='word_1_4' title='bbox 355 304 564 377; x_wconf 90' lang='lat' dir='ltr'>phandi</span> <span class='ocrx_word' id='word_1_5' title='bbox 602 304 783 358; x_wconf 89' lang='lat' dir='ltr'>studia</span> <span class='ocrx_word' id='word_1_6' title='bbox 819 304 1152 358; x_wconf 78' lang='lat' dir='ltr'>tetenderint</span> <span class='ocrx_word' id='word_1_7' title='bbox 1187 312 1242 357; x_wconf 90' lang='lat' dir='ltr'>et</span> <span class='ocrx_word' id='word_1_8' title='bbox 1279 325 1544 375; x_wconf 84' lang='lat' dir='ltr'>quaenam</span> <span class='ocrx_word' id='word_1_9' title='bbox 1569 308 1741 380; x_wconf 83' lang='lat' dir='ltr'>ipsius</span> <span class='ocrx_word' id='word_1_10' title='bbox 1781 308 1950 363; x_wconf 89' lang='lat' dir='ltr'>fuerit</span> <span class='ocrx_word' id='word_1_11' title='bbox 1987 309 2055 364; x_wconf 91' lang='lat' dir='ltr'>de</span> 
     </span>
     <span class='ocr_line' id='line_1_3' title="bbox 355 376 2057 450; baseline 0.004 -22"><span class='ocrx_word' id='word_1_12' title='bbox 355 377 558 448; x_wconf 89' lang='lat' dir='ltr'>pietate</span> <span class='ocrx_word' id='word_1_13' title='bbox 611 383 666 429; x_wconf 84' lang='lat' dir='ltr'>et</span> <span class='ocrx_word' id='word_1_14' title='bbox 713 376 975 447; x_wconf 83' lang='lat' dir='ltr'>religione</span> <span class='ocrx_word' id='word_1_15' title='bbox 1035 376 1335 445; x_wconf 87' lang='lat' dir='ltr'>sententia,</span> <span class='ocrx_word' id='word_1_16' title='bbox 1385 377 1644 450; x_wconf 83' lang='lat' dir='ltr'>deinceps</span> <span class='ocrx_word' id='word_1_17' title='bbox 1695 379 1859 434; x_wconf 91' lang='lat' dir='ltr'>etiam</span> <span class='ocrx_word' id='word_1_18' title='bbox 1920 381 2057 435; x_wconf 91' lang='lat' dir='ltr'>illud</span> 
     </span>
     <span class='ocr_line' id='line_1_4' title="bbox 357 446 2057 521; baseline 0.003 -20"><span class='ocrx_word' id='word_1_19' title='bbox 357 446 682 516; x_wconf 81' lang='lat' dir='ltr'>ostenditur,</span> <span class='ocrx_word' id='word_1_20' title='bbox 725 447 999 517; x_wconf 89' lang='lat' dir='ltr'>qualem</span> <span class='ocrx_word' id='word_1_21' title='bbox 1037 448 1166 500; x_wconf 92' lang='lat' dir='ltr'>ille</span> <span class='ocrx_word' id='word_1_22' title='bbox 1212 465 1283 500; x_wconf 90' lang='lat' dir='ltr'>se</span> <span class='ocrx_word' id='word_1_23' title='bbox 1334 448 1549 502; x_wconf 90' lang='lat' dir='ltr'>civem</span> <span class='ocrx_word' id='word_1_24' title='bbox 1585 452 1653 504; x_wconf 93' lang='lat' dir='ltr'>in</span> <span class='ocrx_word' id='word_1_25' title='bbox 1689 451 2057 521; x_wconf 82' lang='lat' dir='ltr'>republica</span> 
     </span>
     <span class='ocr_line' id='line_1_5' title="bbox 355 518 2056 594; baseline 0.003 -22"><span class='ocrx_word' id='word_1_26' title='bbox 355 519 696 591; x_wconf 81' lang='lat' dir='ltr'>gesserit3</span> <span class='ocrx_word' id='word_1_27' title='bbox 752 519 844 589; x_wconf 91' lang='lat' dir='ltr'>qui</span> <span class='ocrx_word' id='word_1_28' title='bbox 894 518 1046 572; x_wconf 90' lang='lat' dir='ltr'>locus</span> <span class='ocrx_word' id='word_1_29' title='bbox 1094 525 1362 571; x_wconf 90' lang='lat' dir='ltr'>tractatur</span> <span class='ocrx_word' id='word_1_30' title='bbox 1407 520 1535 574; x_wconf 91' lang='lat' dir='ltr'>inde</span> <span class='ocrx_word' id='word_1_31' title='bbox 1574 542 1606 575; x_wconf 88' lang='lat' dir='ltr'>a</span> <span class='ocrx_word' id='word_1_32' title='bbox 1640 543 1693 594; x_wconf 91' lang='lat' dir='ltr'>p.</span> <span class='ocrx_word' id='word_1_33' title='bbox 1734 524 1819 576; x_wconf 82' lang='lat'>31.</span> <span class='ocrx_word' id='word_1_34' title='bbox 1859 520 1924 577; x_wconf 86' lang='lat' dir='ltr'>C.</span> <span class='ocrx_word' id='word_1_35' title='bbox 1963 542 2056 577; x_wconf 88' lang='lat' dir='ltr'>us-</span> 
     </span>
     <span class='ocr_line' id='line_1_6' title="bbox 356 589 2055 664; baseline 0.004 -22"><span class='ocrx_word' id='word_1_36' title='bbox 356 609 462 659; x_wconf 91' lang='lat' dir='ltr'>que</span> <span class='ocrx_word' id='word_1_37' title='bbox 499 589 570 642; x_wconf 89' lang='lat' dir='ltr'>ad</span> <span class='ocrx_word' id='word_1_38' title='bbox 607 609 660 659; x_wconf 91' lang='lat' dir='ltr'>p.</span> <span class='ocrx_word' id='word_1_39' title='bbox 701 591 785 643; x_wconf 89' lang='lat'>34.</span> <span class='ocrx_word' id='word_1_40' title='bbox 825 590 891 642; x_wconf 90' lang='lat' dir='ltr'>B.</span> <span class='ocrx_word' id='word_1_41' title='bbox 965 590 1197 642; x_wconf 82' lang='lat' dir='ltr'>Fatetur</span> <span class='ocrx_word' id='word_1_42' title='bbox 1234 598 1411 644; x_wconf 88' lang='lat' dir='ltr'>autem</span> <span class='ocrx_word' id='word_1_43' title='bbox 1449 601 1633 647; x_wconf 87' lang='lat' dir='ltr'>orator</span> <span class='ocrx_word' id='word_1_44' title='bbox 1668 594 1918 664; x_wconf 88' lang='lat' dir='ltr'>primum,</span> <span class='ocrx_word' id='word_1_45' title='bbox 1960 594 2055 649; x_wconf 84' lang='lat' dir='ltr'>ab·</span> 
     </span>
     <span class='ocr_line' id='line_1_7' title="bbox 355 660 2055 737; baseline 0.002 -23"><span class='ocrx_word' id='word_1_46' title='bbox 355 661 609 714; x_wconf 89' lang='lat' dir='ltr'>stinuisse</span> <span class='ocrx_word' id='word_1_47' title='bbox 652 680 710 714; x_wconf 86' lang='lat' dir='ltr'>se</span> <span class='ocrx_word' id='word_1_48' title='bbox 748 680 804 713; x_wconf 90' lang='lat' dir='ltr'>re</span> <span class='ocrx_word' id='word_1_49' title='bbox 845 660 1025 714; x_wconf 92' lang='lat' dir='ltr'>ublica</span> <span class='ocrx_word' id='word_1_50' title='bbox 1052 660 1261 714; x_wconf 85' lang='lat' dir='ltr'>monitu</span> <span class='ocrx_word' id='word_1_51' title='bbox 1285 660 1574 732; x_wconf 85' lang='lat' dir='ltr'>daemonii,</span> <span class='ocrx_word' id='word_1_52' title='bbox 1612 663 1717 718; x_wconf 94' lang='lat' dir='ltr'>hoc</span> <span class='ocrx_word' id='word_1_53' title='bbox 1754 673 1857 732; x_wconf 87' lang='lat' dir='ltr'>est,</span> <span class='ocrx_word' id='word_1_54' title='bbox 1897 684 2055 737; x_wconf 90' lang='lat' dir='ltr'>prae-</span> 
     </span>
     <span class='ocr_line' id='line_1_8' title="bbox 355 731 2054 807; baseline 0.003 -22"><span class='ocrx_word' id='word_1_55' title='bbox 355 733 622 804; x_wconf 87' lang='lat' dir='ltr'>sagitione</span> <span class='ocrx_word' id='word_1_56' title='bbox 673 751 781 801; x_wconf 90' lang='lat' dir='ltr'>qua</span> <span class='ocrx_word' id='word_1_57' title='bbox 823 751 908 783; x_wconf 91' lang='lat' dir='ltr'>am</span> <span class='ocrx_word' id='word_1_58' title='bbox 935 731 1122 784; x_wconf 72' lang='lat' dir='ltr'>‘animi</span> <span class='ocrx_word' id='word_1_59' title='bbox 1173 731 1426 800; x_wconf 89' lang='lat' dir='ltr'>ductum,</span> <span class='ocrx_word' id='word_1_60' title='bbox 1478 753 1586 803; x_wconf 88' lang='lat' dir='ltr'>qua</span> <span class='ocrx_word' id='word_1_61' title='bbox 1641 744 1789 789; x_wconf 92' lang='lat' dir='ltr'>certo</span> <span class='ocrx_word' id='word_1_62' title='bbox 1838 737 2054 807; x_wconf 72' lang='lat' dir='ltr'>praevi-</span> 
     </span>
     <span class='ocr_line' id='line_1_9' title="bbox 355 803 2051 877; baseline 0.004 -22"><span class='ocrx_word' id='word_1_63' title='bbox 355 803 524 871; x_wconf 86' lang='lat' dir='ltr'>derit,</span> <span class='ocrx_word' id='word_1_64' title='bbox 577 822 773 873; x_wconf 84' lang='lat' dir='ltr'>operae</span> <span class='ocrx_word' id='word_1_65' title='bbox 826 821 956 856; x_wconf 89' lang='lat' dir='ltr'>suae</span> <span class='ocrx_word' id='word_1_66' title='bbox 1004 803 1214 855; x_wconf 90' lang='lat' dir='ltr'>nullum</span> <span class='ocrx_word' id='word_1_67' title='bbox 1251 806 1488 858; x_wconf 67' lang='lat' dir='ltr'>fructum</span> <span class='ocrx_word' id='word_1_68' title='bbox 1528 807 1659 859; x_wconf 85' lang='lat' dir='ltr'>fore.</span> <span class='ocrx_word' id='word_1_69' title='bbox 1735 805 1840 860; x_wconf 86' lang='lat' dir='ltr'>Cui</span> <span class='ocrx_word' id='word_1_70' title='bbox 1877 807 2051 877; x_wconf 82' lang='lat' dir='ltr'>addit,</span> 
     </span>
     <span class='ocr_line' id='line_1_10' title="bbox 353 874 2053 950; baseline 0.003 -23"><span class='ocrx_word' id='word_1_71' title='bbox 353 892 472 928; x_wconf 90' lang='lat' dir='ltr'>esse</span> <span class='ocrx_word' id='word_1_72' title='bbox 514 893 571 927; x_wconf 92' lang='lat' dir='ltr'>se</span> <span class='ocrx_word' id='word_1_73' title='bbox 610 875 799 942; x_wconf 88' lang='lat' dir='ltr'>utique</span> <span class='ocrx_word' id='word_1_74' title='bbox 838 874 894 926; x_wconf 90' lang='lat' dir='ltr'>in</span> <span class='ocrx_word' id='word_1_75' title='bbox 933 893 997 927; x_wconf 91' lang='lat' dir='ltr'>ea</span> <span class='ocrx_word' id='word_1_76' title='bbox 1034 875 1332 943; x_wconf 88' lang='lat' dir='ltr'>sententia,</span> <span class='ocrx_word' id='word_1_77' title='bbox 1384 883 1444 927; x_wconf 88' lang='lat' dir='ltr'>ut</span> <span class='ocrx_word' id='word_1_78' title='bbox 1480 884 1666 946; x_wconf 88' lang='lat' dir='ltr'>putet,</span> <span class='ocrx_word' id='word_1_79' title='bbox 1721 878 1768 931; x_wconf 88' lang='lat' dir='ltr'>si</span> <span class='ocrx_word' id='word_1_80' title='bbox 1815 880 2053 950; x_wconf 88' lang='lat' dir='ltr'>capessi—</span> 
     </span>
     <span class='ocr_line' id='line_1_11' title="bbox 351 945 2052 1016; baseline 0.006 -22"><span class='ocrx_word' id='word_1_81' title='bbox 351 945 522 999; x_wconf 86' lang='lat' dir='ltr'>visset</span> <span class='ocrx_word' id='word_1_82' title='bbox 551 945 976 1015; x_wconf 73' lang='lat' dir='ltr'>rempublicam,</span> <span class='ocrx_word' id='word_1_83' title='bbox 1015 946 1259 999; x_wconf 69' lang='lat' dir='ltr'>{uturum</span> <span class='ocrx_word' id='word_1_84' title='bbox 1299 947 1487 1016; x_wconf 74' lang='lat' dir='ltr'>fuisse,</span> <span class='ocrx_word' id='word_1_85' title='bbox 1526 955 1590 1001; x_wconf 93' lang='lat' dir='ltr'>ut</span> <span class='ocrx_word' id='word_1_86' title='bbox 1627 948 1880 1004; x_wconf 89' lang='lat' dir='ltr'>interitus</span> <span class='ocrx_word' id='word_1_87' title='bbox 1917 967 2052 1005; x_wconf 86' lang='lat' dir='ltr'>suus</span> 
     </span>
     <span class='ocr_line' id='line_1_12' title="bbox 349 1015 2053 1092; baseline 0.004 -23"><span class='ocrx_word' id='word_1_88' title='bbox 349 1017 458 1069; x_wconf 89' lang='lat' dir='ltr'>iam</span> <span class='ocrx_word' id='word_1_89' title='bbox 496 1015 703 1068; x_wconf 90' lang='lat' dir='ltr'>dudum</span> <span class='ocrx_word' id='word_1_90' title='bbox 740 1017 1164 1086; x_wconf 85' lang='lat' dir='ltr'>acceleraretur,</span> <span class='ocrx_word' id='word_1_91' title='bbox 1214 1017 1657 1087; x_wconf 88' lang='lat' dir='ltr'>quandoquidem</span> <span class='ocrx_word' id='word_1_92' title='bbox 1706 1039 1920 1092; x_wconf 84' lang='lat' dir='ltr'>semper</span> <span class='ocrx_word' id='word_1_93' title='bbox 1968 1021 2053 1075; x_wconf 88' lang='lat' dir='ltr'>in-</span> 
     </span>
     <span class='ocr_line' id='line_1_13' title="bbox 350 1087 2052 1164; baseline 0.005 -25"><span class='ocrx_word' id='word_1_94' title='bbox 350 1087 592 1141; x_wconf 90' lang='lat' dir='ltr'>iustitiae</span> <span class='ocrx_word' id='word_1_95' title='bbox 639 1095 749 1140; x_wconf 90' lang='lat' dir='ltr'>tam</span> <span class='ocrx_word' id='word_1_96' title='bbox 797 1089 854 1141; x_wconf 89' lang='lat' dir='ltr'>in</span> <span class='ocrx_word' id='word_1_97' title='bbox 893 1087 1226 1142; x_wconf 86' lang='lat' dir='ltr'>democratia</span> <span class='ocrx_word' id='word_1_98' title='bbox 1264 1109 1425 1159; x_wconf 90' lang='lat' dir='ltr'>quam</span> <span class='ocrx_word' id='word_1_99' title='bbox 1476 1091 1576 1144; x_wconf 90' lang='lat' dir='ltr'>sub</span> <span class='ocrx_word' id='word_1_100' title='bbox 1615 1091 1840 1163; x_wconf 91' lang='lat' dir='ltr'>imperio</span> <span class='ocrx_word' id='word_1_101' title='bbox 1876 1112 2052 1164; x_wconf 90' lang='lat' dir='ltr'>popu-</span> 
     </span>
     <span class='ocr_line' id='line_1_14' title="bbox 351 1159 2052 1234; baseline 0.004 -24"><span class='ocrx_word' id='word_1_102' title='bbox 351 1159 451 1211; x_wconf 90' lang='lat' dir='ltr'>lari</span> <span class='ocrx_word' id='word_1_103' title='bbox 499 1159 761 1212; x_wconf 86' lang='lat' dir='ltr'>restiterit</span> <span class='ocrx_word' id='word_1_104' title='bbox 810 1160 879 1230; x_wconf 75' lang='lat'>*).</span> <span class='ocrx_word' id='word_1_105' title='bbox 971 1159 1185 1228; x_wconf 80' lang='lat' dir='ltr'>Quibus</span> <span class='ocrx_word' id='word_1_106' title='bbox 1241 1161 1423 1215; x_wconf 91' lang='lat' dir='ltr'>verbis</span> <span class='ocrx_word' id='word_1_107' title='bbox 1485 1162 1794 1234; x_wconf 87' lang='lat' dir='ltr'>significat,</span> <span class='ocrx_word' id='word_1_108' title='bbox 1842 1172 2052 1218; x_wconf 88' lang='lat' dir='ltr'>tantam</span> 
     </span>
     <span class='ocr_line' id='line_1_15' title="bbox 350 1230 2051 1303; baseline 0.004 -21"><span class='ocrx_word' id='word_1_109' title='bbox 350 1230 622 1303; x_wconf 88' lang='lat' dir='ltr'>ingruisse</span> <span class='ocrx_word' id='word_1_110' title='bbox 671 1231 776 1284; x_wconf 91' lang='lat' dir='ltr'>sibi</span> <span class='ocrx_word' id='word_1_111' title='bbox 833 1231 1003 1284; x_wconf 90' lang='lat' dir='ltr'>visam</span> <span class='ocrx_word' id='word_1_112' title='bbox 1052 1251 1171 1285; x_wconf 89' lang='lat' dir='ltr'>esse</span> <span class='ocrx_word' id='word_1_113' title='bbox 1209 1232 1266 1285; x_wconf 91' lang='lat' dir='ltr'>in</span> <span class='ocrx_word' id='word_1_114' title='bbox 1302 1232 1642 1286; x_wconf 86' lang='lat' dir='ltr'>Athenarum</span> <span class='ocrx_word' id='word_1_115' title='bbox 1679 1235 1899 1288; x_wconf 89' lang='lat' dir='ltr'>civitate</span> <span class='ocrx_word' id='word_1_116' title='bbox 1935 1255 2051 1289; x_wconf 91' lang='lat' dir='ltr'>mo-</span> 
     </span>
     <span class='ocr_line' id='line_1_16' title="bbox 349 1300 2051 1378; baseline 0.004 -24"><span class='ocrx_word' id='word_1_117' title='bbox 349 1321 468 1355; x_wconf 90' lang='lat' dir='ltr'>rum</span> <span class='ocrx_word' id='word_1_118' title='bbox 507 1300 972 1373; x_wconf 85' lang='lat' dir='ltr'>depravationem,</span> <span class='ocrx_word' id='word_1_119' title='bbox 1011 1310 1073 1356; x_wconf 91' lang='lat' dir='ltr'>ut</span> <span class='ocrx_word' id='word_1_120' title='bbox 1109 1304 1231 1374; x_wconf 90' lang='lat' dir='ltr'>ipse</span> <span class='ocrx_word' id='word_1_121' title='bbox 1269 1303 1488 1373; x_wconf 90' lang='lat' dir='ltr'>quidem</span> <span class='ocrx_word' id='word_1_122' title='bbox 1524 1313 1718 1376; x_wconf 84' lang='lat' dir='ltr'>utpote</span> <span class='ocrx_word' id='word_1_123' title='bbox 1749 1307 2051 1378; x_wconf 88' lang='lat' dir='ltr'>sapientiae</span> 
     </span>
     <span class='ocr_line' id='line_1_17' title="bbox 351 1373 2052 1432; baseline 0.003 -5"><span class='ocrx_word' id='word_1_124' title='bbox 351 1381 406 1427; x_wconf 85' lang='lat' dir='ltr'>et</span> <span class='ocrx_word' id='word_1_125' title='bbox 451 1373 668 1427; x_wconf 89' lang='lat' dir='ltr'>virtutis</span> <span class='ocrx_word' id='word_1_126' title='bbox 716 1374 994 1428; x_wconf 85' lang='lat' dir='ltr'>studiosus</span> <span class='ocrx_word' id='word_1_127' title='bbox 1051 1373 1118 1428; x_wconf 92' lang='lat' dir='ltr'>de</span> <span class='ocrx_word' id='word_1_128' title='bbox 1166 1377 1441 1429; x_wconf 89' lang='lat' dir='ltr'>communi</span> <span class='ocrx_word' id='word_1_129' title='bbox 1497 1376 1674 1430; x_wconf 83' lang='lat' dir='ltr'>salute</span> <span class='ocrx_word' id='word_1_130' title='bbox 1724 1377 1803 1430; x_wconf 87' lang='lat' dir='ltr'>ita</span> <span class='ocrx_word' id='word_1_131' title='bbox 1839 1385 2052 1432; x_wconf 89' lang='lat' dir='ltr'>tantum</span> 
     </span>
     <span class='ocr_line' id='line_1_18' title="bbox 350 1446 2049 1521; baseline 0.003 -23"><span class='ocrx_word' id='word_1_132' title='bbox 350 1446 488 1499; x_wconf 90' lang='lat' dir='ltr'>bene</span> <span class='ocrx_word' id='word_1_133' title='bbox 527 1463 585 1498; x_wconf 91' lang='lat' dir='ltr'>se</span> <span class='ocrx_word' id='word_1_134' title='bbox 623 1446 815 1499; x_wconf 89' lang='lat' dir='ltr'>mereri</span> <span class='ocrx_word' id='word_1_135' title='bbox 853 1464 1016 1515; x_wconf 90' lang='lat' dir='ltr'>posse</span> <span class='ocrx_word' id='word_1_136' title='bbox 1057 1447 1386 1518; x_wconf 87' lang='lat' dir='ltr'>speraverit,</span> <span class='ocrx_word' id='word_1_137' title='bbox 1428 1448 1474 1501; x_wconf 90' lang='lat' dir='ltr'>si</span> <span class='ocrx_word' id='word_1_138' title='bbox 1517 1448 1784 1518; x_wconf 88' lang='lat' dir='ltr'>privatam</span> <span class='ocrx_word' id='word_1_139' title='bbox 1821 1448 2049 1521; x_wconf 87' lang='lat' dir='ltr'>degeret</span> 
     </span>
     <span class='ocr_line' id='line_1_19' title="bbox 349 1517 2050 1589; baseline 0.002 -19"><span class='ocrx_word' id='word_1_140' title='bbox 349 1517 518 1570; x_wconf 87' lang='lat' dir='ltr'>vitam</span> <span class='ocrx_word' id='word_1_141' title='bbox 576 1525 740 1586; x_wconf 86' lang='lat' dir='ltr'>atque</span> <span class='ocrx_word' id='word_1_142' title='bbox 802 1517 1038 1588; x_wconf 88' lang='lat' dir='ltr'>publicis</span> <span class='ocrx_word' id='word_1_143' title='bbox 1087 1518 1326 1589; x_wconf 89' lang='lat' dir='ltr'>negotiis</span> <span class='ocrx_word' id='word_1_144' title='bbox 1378 1519 1538 1588; x_wconf 88' lang='lat' dir='ltr'>plane</span> <span class='ocrx_word' id='word_1_145' title='bbox 1587 1520 1899 1574; x_wconf 87' lang='lat' dir='ltr'>abstineret.</span> <span class='ocrx_word' id='word_1_146' title='bbox 1983 1521 2050 1574; x_wconf 82' lang='lat' dir='ltr'>In</span> 
     </span>
     <span class='ocr_line' id='line_1_20' title="bbox 351 1588 2049 1662; baseline 0.003 -22"><span class='ocrx_word' id='word_1_147' title='bbox 351 1608 459 1658; x_wconf 93' lang='lat' dir='ltr'>quo</span> <span class='ocrx_word' id='word_1_148' title='bbox 507 1588 816 1660; x_wconf 89' lang='lat' dir='ltr'>Apologiae</span> <span class='ocrx_word' id='word_1_149' title='bbox 877 1589 1194 1660; x_wconf 84' lang='lat' dir='ltr'>scriptorem</span> <span class='ocrx_word' id='word_1_150' title='bbox 1242 1591 1506 1662; x_wconf 86' lang='lat' dir='ltr'>magistro</span> <span class='ocrx_word' id='word_1_151' title='bbox 1555 1609 1655 1644; x_wconf 92' lang='lat' dir='ltr'>suo</span> <span class='ocrx_word' id='word_1_152' title='bbox 1705 1591 1839 1645; x_wconf 87' lang='lat' dir='ltr'>nihil</span> <span class='ocrx_word' id='word_1_153' title='bbox 1890 1592 2049 1646; x_wconf 84' lang='lat' dir='ltr'>affin-</span> 
     </span>
     <span class='ocr_line' id='line_1_21' title="bbox 348 1660 2049 1730; baseline 0.003 -18"><span class='ocrx_word' id='word_1_154' title='bbox 348 1660 522 1728; x_wconf 83' lang='lat' dir='ltr'>xisse,</span> <span class='ocrx_word' id='word_1_155' title='bbox 587 1660 735 1729; x_wconf 90' lang='lat' dir='ltr'>quod</span> <span class='ocrx_word' id='word_1_156' title='bbox 786 1661 853 1714; x_wconf 91' lang='lat' dir='ltr'>ab</span> <span class='ocrx_word' id='word_1_157' title='bbox 904 1660 1019 1714; x_wconf 91' lang='lat' dir='ltr'>eius</span> <span class='ocrx_word' id='word_1_158' title='bbox 1070 1679 1305 1730; x_wconf 87' lang='lat' dir='ltr'>persona</span> <span class='ocrx_word' id='word_1_159' title='bbox 1353 1669 1447 1714; x_wconf 89' lang='lat' dir='ltr'>aut</span> <span class='ocrx_word' id='word_1_160' title='bbox 1493 1663 1764 1716; x_wconf 91' lang='lat' dir='ltr'>sententia</span> <span class='ocrx_word' id='word_1_161' title='bbox 1814 1663 2049 1717; x_wconf 90' lang='lat' dir='ltr'>alienum</span> 
     </span>
     <span class='ocr_line' id='line_1_22' title="bbox 349 1731 2050 1805; baseline 0.004 -22"><span class='ocrx_word' id='word_1_162' title='bbox 349 1731 543 1800; x_wconf 85' lang='lat' dir='ltr'>fuerit,</span> <span class='ocrx_word' id='word_1_163' title='bbox 600 1732 846 1801; x_wconf 88' lang='lat' dir='ltr'>profecto</span> <span class='ocrx_word' id='word_1_164' title='bbox 899 1751 1057 1785; x_wconf 92' lang='lat' dir='ltr'>nemo</span> <span class='ocrx_word' id='word_1_165' title='bbox 1113 1732 1401 1802; x_wconf 88' lang='lat' dir='ltr'>quisquam</span> <span class='ocrx_word' id='word_1_166' title='bbox 1450 1733 1753 1803; x_wconf 88' lang='lat' dir='ltr'>dubitabit,</span> <span class='ocrx_word' id='word_1_167' title='bbox 1811 1735 1906 1805; x_wconf 92' lang='lat' dir='ltr'>qui</span> <span class='ocrx_word' id='word_1_168' title='bbox 1953 1743 2050 1789; x_wconf 89' lang='lat' dir='ltr'>aut</span> 
     </span>
     <span class='ocr_line' id='line_1_23' title="bbox 348 1803 2050 1876; baseline 0.002 -20"><span class='ocrx_word' id='word_1_169' title='bbox 348 1803 494 1856; x_wconf 90' lang='lat' dir='ltr'>vitae</span> <span class='ocrx_word' id='word_1_170' title='bbox 534 1822 751 1856; x_wconf 87' lang='lat' dir='ltr'>cursum</span> <span class='ocrx_word' id='word_1_171' title='bbox 771 1845 786 1871; x_wconf 89' lang='lat'>,</span> <span class='ocrx_word' id='word_1_172' title='bbox 829 1822 990 1872; x_wconf 87' lang='lat' dir='ltr'>quam</span> <span class='ocrx_word' id='word_1_173' title='bbox 1028 1807 1210 1876; x_wconf 84' lang='lat' dir='ltr'>exegit</span> <span class='ocrx_word' id='word_1_174' title='bbox 1248 1803 1534 1874; x_wconf 86' lang='lat' dir='ltr'>Socrates,</span> <span class='ocrx_word' id='word_1_175' title='bbox 1576 1805 1912 1876; x_wconf 87' lang='lat' dir='ltr'>lustraverit,</span> <span class='ocrx_word' id='word_1_176' title='bbox 1953 1814 2050 1860; x_wconf 91' lang='lat' dir='ltr'>aut</span> 
     </span>
     <span class='ocr_line' id='line_1_24' title="bbox 348 1874 2050 1948; baseline 0.003 -22"><span class='ocrx_word' id='word_1_177' title='bbox 348 1874 534 1944; x_wconf 90' lang='lat' dir='ltr'>paullo</span> <span class='ocrx_word' id='word_1_178' title='bbox 565 1874 884 1946; x_wconf 86' lang='lat' dir='ltr'>diligentius</span> <span class='ocrx_word' id='word_1_179' title='bbox 910 1875 1355 1945; x_wconf 89' lang='lat' dir='ltr'>consideraverit,</span> <span class='ocrx_word' id='word_1_180' title='bbox 1383 1895 1523 1946; x_wconf 89' lang='lat' dir='ltr'>quae</span> <span class='ocrx_word' id='word_1_181' title='bbox 1547 1877 1728 1946; x_wconf 86' lang='lat' dir='ltr'>fuerit,</span> <span class='ocrx_word' id='word_1_182' title='bbox 1771 1885 2050 1948; x_wconf 88' lang='lat' dir='ltr'>postrema</span> 
     </span>
     <span class='ocr_line' id='line_1_25' title="bbox 348 1946 2043 2018; baseline 0.002 -20"><span class='ocrx_word' id='word_1_183' title='bbox 348 1946 594 2016; x_wconf 88' lang='lat' dir='ltr'>imprinis</span> <span class='ocrx_word' id='word_1_184' title='bbox 659 1947 763 1999; x_wconf 91' lang='lat' dir='ltr'>viri</span> <span class='ocrx_word' id='word_1_185' title='bbox 823 1954 1031 2015; x_wconf 88' lang='lat' dir='ltr'>aetate,</span> <span class='ocrx_word' id='word_1_186' title='bbox 1104 1947 1323 2000; x_wconf 90' lang='lat' dir='ltr'>Atticae</span> <span class='ocrx_word' id='word_1_187' title='bbox 1390 1948 1721 2018; x_wconf 90' lang='lat' dir='ltr'>reipublicae</span> <span class='ocrx_word' id='word_1_188' title='bbox 1786 1948 2043 2004; x_wconf 89' lang='lat' dir='ltr'>conditio.</span> 
     </span>
     <span class='ocr_line' id='line_1_26' title="bbox 347 2016 2046 2093; baseline 0.004 -24"><span class='ocrx_word' id='word_1_189' title='bbox 347 2016 641 2071; x_wconf 86' lang='lat' dir='ltr'>Enimvero</span> <span class='ocrx_word' id='word_1_190' title='bbox 702 2017 1118 2072; x_wconf 89' lang='lat' dir='ltr'>dominabantur</span> <span class='ocrx_word' id='word_1_191' title='bbox 1178 2037 1309 2072; x_wconf 89' lang='lat' dir='ltr'>sane</span> <span class='ocrx_word' id='word_1_192' title='bbox 1367 2019 1476 2072; x_wconf 91' lang='lat' dir='ltr'>illis</span> <span class='ocrx_word' id='word_1_193' title='bbox 1526 2020 1865 2091; x_wconf 90' lang='lat' dir='ltr'>temporibus</span> <span class='ocrx_word' id='word_1_194' title='bbox 1922 2040 2046 2093; x_wconf 89' lang='lat' dir='ltr'>par-</span> 
     </span>
     <span class='ocr_line' id='line_1_27' title="bbox 346 2088 2045 2164; baseline 0.003 -23"><span class='ocrx_word' id='word_1_195' title='bbox 346 2089 480 2142; x_wconf 91' lang='lat' dir='ltr'>tium</span> <span class='ocrx_word' id='word_1_196' title='bbox 518 2088 698 2142; x_wconf 88' lang='lat' dir='ltr'>studia</span> <span class='ocrx_word' id='word_1_197' title='bbox 734 2097 788 2142; x_wconf 91' lang='lat' dir='ltr'>et</span> <span class='ocrx_word' id='word_1_198' title='bbox 824 2090 997 2143; x_wconf 90' lang='lat' dir='ltr'>malae</span> <span class='ocrx_word' id='word_1_199' title='bbox 1018 2089 1347 2162; x_wconf 87' lang='lat' dir='ltr'>cupiditates</span> <span class='ocrx_word' id='word_1_200' title='bbox 1371 2091 1842 2161; x_wconf 90' lang='lat' dir='ltr'>intemperantius,</span> <span class='ocrx_word' id='word_1_201' title='bbox 1883 2111 2045 2164; x_wconf 89' lang='lat' dir='ltr'>quam</span> 
     </span>
     <span class='ocr_line' id='line_1_28' title="bbox 346 2160 2045 2233; baseline 0.003 -21"><span class='ocrx_word' id='word_1_202' title='bbox 346 2170 408 2213; x_wconf 89' lang='lat' dir='ltr'>ut</span> <span class='ocrx_word' id='word_1_203' title='bbox 452 2160 519 2229; x_wconf 84' lang='lat' dir='ltr'>ii,</span> <span class='ocrx_word' id='word_1_204' title='bbox 572 2161 664 2231; x_wconf 91' lang='lat' dir='ltr'>qui</span> <span class='ocrx_word' id='word_1_205' title='bbox 713 2161 1013 2233; x_wconf 86' lang='lat' dir='ltr'>sapientiae</span> <span class='ocrx_word' id='word_1_206' title='bbox 1063 2161 1258 2216; x_wconf 87' lang='lat' dir='ltr'>studiis</span> <span class='ocrx_word' id='word_1_207' title='bbox 1298 2170 1481 2215; x_wconf 86' lang='lat' dir='ltr'>essent</span> <span class='ocrx_word' id='word_1_208' title='bbox 1531 2161 1729 2231; x_wconf 86' lang='lat' dir='ltr'>dediti,</span> <span class='ocrx_word' id='word_1_209' title='bbox 1782 2181 1904 2217; x_wconf 91' lang='lat' dir='ltr'>sese</span> <span class='ocrx_word' id='word_1_210' title='bbox 1988 2182 2045 2216; x_wconf 89' lang='lat' dir='ltr'>a-</span> 
     </span>
     <span class='ocr_line' id='line_1_29' title="bbox 345 2184 2046 2305; baseline 0.003 -21"><span class='ocrx_word' id='word_1_211' title='bbox 345 2232 486 2285; x_wconf 91' lang='lat' dir='ltr'>triae</span> <span class='ocrx_word' id='word_1_212' title='bbox 510 2233 728 2303; x_wconf 92' lang='lat' dir='ltr'>publice</span> <span class='ocrx_word' id='word_1_213' title='bbox 750 2234 914 2286; x_wconf 89' lang='lat' dir='ltr'>utiles</span> <span class='ocrx_word' id='word_1_214' title='bbox 947 2234 1064 2287; x_wconf 90' lang='lat' dir='ltr'>fore</span> <span class='ocrx_word' id='word_1_215' title='bbox 1102 2252 1323 2305; x_wconf 88' lang='lat' dir='ltr'>sperare</span> <span class='ocrx_word' id='word_1_216' title='bbox 1348 2253 1510 2305; x_wconf 79' lang='lat' dir='ltr'>posse</span> <span class='ocrx_word' id='word_1_217' title='bbox 1533 2234 1861 2288; x_wconf 89' lang='lat' dir='ltr'>viderentur.</span> <span class='ocrx_word' id='word_1_218' title='bbox 1899 2184 2046 2289; x_wconf 55' lang='lat' dir='ltr'>Ngm</span> 
     </span>
     <span class='ocr_line' id='line_1_30' title="bbox 346 2302 2045 2377; baseline 0.003 -22"><span class='ocrx_word' id='word_1_219' title='bbox 346 2302 680 2358; x_wconf 86' lang='lat' dir='ltr'>democratia</span> <span class='ocrx_word' id='word_1_220' title='bbox 730 2304 952 2374; x_wconf 87' lang='lat' dir='ltr'>quidem</span> <span class='ocrx_word' id='word_1_221' title='bbox 1010 2306 1067 2358; x_wconf 91' lang='lat' dir='ltr'>in</span> <span class='ocrx_word' id='word_1_222' title='bbox 1114 2304 1524 2358; x_wconf 87' lang='lat' dir='ltr'>immoderatam</span> <span class='ocrx_word' id='word_1_223' title='bbox 1581 2306 1799 2359; x_wconf 88' lang='lat' dir='ltr'>infimae</span> <span class='ocrx_word' id='word_1_224' title='bbox 1865 2306 2045 2377; x_wconf 88' lang='lat' dir='ltr'>plebis</span> 
     </span>
     <span class='ocr_line' id='line_1_31' title="bbox 346 2374 2044 2447; baseline 0.002 -20"><span class='ocrx_word' id='word_1_225' title='bbox 346 2374 620 2428; x_wconf 89' lang='lat' dir='ltr'>licentiam</span> <span class='ocrx_word' id='word_1_226' title='bbox 670 2377 909 2445; x_wconf 87' lang='lat' dir='ltr'>abierat,</span> <span class='ocrx_word' id='word_1_227' title='bbox 960 2395 1100 2445; x_wconf 87' lang='lat' dir='ltr'>quae</span> <span class='ocrx_word' id='word_1_228' title='bbox 1147 2376 1204 2428; x_wconf 91' lang='lat' dir='ltr'>in</span> <span class='ocrx_word' id='word_1_229' title='bbox 1255 2377 1558 2447; x_wconf 89' lang='lat' dir='ltr'>petulantia</span> <span class='ocrx_word' id='word_1_230' title='bbox 1606 2377 1939 2446; x_wconf 90' lang='lat' dir='ltr'>libertatem,</span> <span class='ocrx_word' id='word_1_231' title='bbox 1987 2378 2044 2431; x_wconf 91' lang='lat' dir='ltr'>in</span> 
     </span>
     <span class='ocr_line' id='line_1_32' title="bbox 385 2447 2043 2517; baseline 0.001 -19"><span class='ocrx_word' id='word_1_232' title='bbox 385 2447 600 2500; x_wconf 88' lang='lat' dir='ltr'>rocacia</span> <span class='ocrx_word' id='word_1_233' title='bbox 636 2447 953 2500; x_wconf 72' lang='lat' dir='ltr'>felicitatem</span> <span class='ocrx_word' id='word_1_234' title='bbox 990 2449 1228 2517; x_wconf 86' lang='lat' dir='ltr'>positam</span> <span class='ocrx_word' id='word_1_235' title='bbox 1267 2467 1384 2502; x_wconf 90' lang='lat' dir='ltr'>esse</span> <span class='ocrx_word' id='word_1_236' title='bbox 1424 2448 1758 2500; x_wconf 86' lang='lat' dir='ltr'>existimaret</span> <span class='ocrx_word' id='word_1_237' title='bbox 1795 2448 1907 2517; x_wconf 78' lang='lat'>**),</span> <span class='ocrx_word' id='word_1_238' title='bbox 1961 2449 2043 2501; x_wconf 91' lang='lat' dir='ltr'>ni-</span> 
     </span>
     <span class='ocr_line' id='line_1_33' title="bbox 345 2466 2043 2588; baseline 0.002 -19"><span class='ocrx_word' id='word_1_239' title='bbox 345 2466 530 2586; x_wconf 59' lang='lat' dir='ltr'>Eilque</span> <span class='ocrx_word' id='word_1_240' title='bbox 577 2538 676 2587; x_wconf 90' lang='lat' dir='ltr'>pro</span> <span class='ocrx_word' id='word_1_241' title='bbox 714 2519 860 2571; x_wconf 90' lang='lat' dir='ltr'>bono</span> <span class='ocrx_word' id='word_1_242' title='bbox 911 2526 967 2571; x_wconf 90' lang='lat' dir='ltr'>et</span> <span class='ocrx_word' id='word_1_243' title='bbox 1016 2518 1249 2571; x_wconf 90' lang='lat' dir='ltr'>honesto</span> <span class='ocrx_word' id='word_1_244' title='bbox 1301 2518 1555 2588; x_wconf 87' lang='lat' dir='ltr'>duceret,</span> <span class='ocrx_word' id='word_1_245' title='bbox 1605 2518 1754 2588; x_wconf 88' lang='lat' dir='ltr'>quod</span> <span class='ocrx_word' id='word_1_246' title='bbox 1802 2538 1911 2572; x_wconf 89' lang='lat' dir='ltr'>non</span> <span class='ocrx_word' id='word_1_247' title='bbox 1960 2519 2043 2573; x_wconf 90' lang='lat' dir='ltr'>lu-</span> 
     </span>
     <span class='ocr_line' id='line_1_34' title="bbox 347 2587 2043 2657; baseline 0.002 -17"><span class='ocrx_word' id='word_1_248' title='bbox 347 2587 622 2642; x_wconf 89' lang='lat' dir='ltr'>bidinibus</span> <span class='ocrx_word' id='word_1_249' title='bbox 692 2590 804 2643; x_wconf 90' lang='lat' dir='ltr'>suis</span> <span class='ocrx_word' id='word_1_250' title='bbox 883 2590 1256 2657; x_wconf 84' lang='lat' dir='ltr'>satisfaceret,</span> <span class='ocrx_word' id='word_1_251' title='bbox 1331 2589 1603 2644; x_wconf 89' lang='lat' dir='ltr'>mentibus</span> <span class='ocrx_word' id='word_1_252' title='bbox 1671 2589 1832 2644; x_wconf 86' lang='lat' dir='ltr'>etiam</span> <span class='ocrx_word' id='word_1_253' title='bbox 1893 2591 2043 2645; x_wconf 88' lang='lat' dir='ltr'>inani</span> 
     </span>
    </p>
   </div>
   <div class='ocr_carea' id='block_1_3' title="bbox 348 2731 476 2738">
    <p class='ocr_par' dir='ltr' id='par_1_3' title="bbox 348 2731 476 2738">
     <span class='ocr_line' id='line_1_35' title="bbox 348 2731 476 2738; baseline 0 1024"><span class='ocrx_word' id='word_1_254' title='bbox 348 2731 476 2738; x_wconf 95' lang='lat' dir='ltr'> </span> 
     </span>
    </p>
   </div>
   <div class='ocr_carea' id='block_1_4' title="bbox 383 2813 2036 3392">
    <p class='ocr_par' dir='ltr' id='par_1_4' title="bbox 383 2813 2036 3392">
     <span class='ocr_line' id='line_1_36' title="bbox 402 2813 2036 2916; baseline 0.004 -60"><span class='ocrx_word' id='word_1_255' title='bbox 402 2813 455 2867; x_wconf 68' lang='lat'>⁸)</span> <span class='ocrx_word' id='word_1_256' title='bbox 487 2817 882 2916; x_wconf 69' lang='lat' dir='ltr'>conf.4Xenoph.</span> <span class='ocrx_word' id='word_1_257' title='bbox 915 2818 1048 2859; x_wconf 89' lang='lat' dir='ltr'>Mem.</span> <span class='ocrx_word' id='word_1_258' title='bbox 1082 2819 1120 2860; x_wconf 91' lang='grc' dir='ltr'>Ι.</span> <span class='ocrx_word' id='word_1_259' title='bbox 1159 2818 1306 2870; x_wconf 78' lang='lat'>1,18.</span> <span class='ocrx_word' id='word_1_260' title='bbox 1338 2818 1414 2859; x_wconf 92' lang='lat' dir='ltr'>IV.</span> <span class='ocrx_word' id='word_1_261' title='bbox 1439 2816 1482 2870; x_wconf 88' lang='lat'>4,</span> <span class='ocrx_word' id='word_1_262' title='bbox 1519 2819 1559 2861; x_wconf 78' lang='lat'>2.</span> <span class='ocrx_word' id='word_1_263' title='bbox 1592 2819 1825 2872; x_wconf 88' lang='lat' dir='ltr'>Diogen.</span> <span class='ocrx_word' id='word_1_264' title='bbox 1858 2820 2036 2862; x_wconf 79' lang='lat' dir='ltr'>Laert.</span> 
     </span>
     <span class='ocr_line' id='line_1_37' title="bbox 383 2932 2036 2988; baseline 0.002 -14"><span class='ocrx_word' id='word_1_265' title='bbox 383 2932 455 2986; x_wconf 73' lang='lat'>”)</span> <span class='ocrx_word' id='word_1_266' title='bbox 490 2932 595 2974; x_wconf 84' lang='lat' dir='ltr'>lude</span> <span class='ocrx_word' id='word_1_267' title='bbox 644 2933 808 2974; x_wconf 83' lang='lat' dir='ltr'>factum</span> <span class='ocrx_word' id='word_1_268' title='bbox 854 2940 942 2985; x_wconf 85' lang='lat' dir='ltr'>est,</span> <span class='ocrx_word' id='word_1_269' title='bbox 994 2940 1041 2974; x_wconf 87' lang='lat' dir='ltr'>ut</span> <span class='ocrx_word' id='word_1_270' title='bbox 1081 2933 1284 2974; x_wconf 84' lang='lat' dir='ltr'>Socrates</span> <span class='ocrx_word' id='word_1_271' title='bbox 1335 2934 1454 2986; x_wconf 86' lang='lat' dir='ltr'>leges</span> <span class='ocrx_word' id='word_1_272' title='bbox 1494 2935 1685 2975; x_wconf 88' lang='lat' dir='ltr'>Aristidi</span> <span class='ocrx_word' id='word_1_273' title='bbox 1723 2948 1861 2988; x_wconf 86' lang='lat' dir='ltr'>prope</span> <span class='ocrx_word' id='word_1_274' title='bbox 1899 2936 2036 2977; x_wconf 85' lang='lat' dir='ltr'>invito</span> 
     </span>
     <span class='ocr_line' id='line_1_38' title="bbox 489 2990 2035 3046; baseline 0.003 -16"><span class='ocrx_word' id='word_1_275' title='bbox 489 2995 710 3042; x_wconf 82' lang='lat' dir='ltr'>extortas,</span> <span class='ocrx_word' id='word_1_276' title='bbox 754 2992 808 3031; x_wconf 90' lang='lat' dir='ltr'>de</span> <span class='ocrx_word' id='word_1_277' title='bbox 849 2993 1006 3044; x_wconf 88' lang='lat' dir='ltr'>quibus</span> <span class='ocrx_word' id='word_1_278' title='bbox 1038 3005 1079 3034; x_wconf 89' lang='lat' dir='ltr'>v.</span> <span class='ocrx_word' id='word_1_279' title='bbox 1110 2991 1302 3032; x_wconf 82' lang='lat' dir='ltr'>Luzac.</span> <span class='ocrx_word' id='word_1_280' title='bbox 1366 2990 1519 3032; x_wconf 84' lang='lat' dir='ltr'>Oratio</span> <span class='ocrx_word' id='word_1_281' title='bbox 1558 2994 1612 3033; x_wconf 90' lang='lat' dir='ltr'>de</span> <span class='ocrx_word' id='word_1_282' title='bbox 1643 2991 1825 3035; x_wconf 85' lang='lat' dir='ltr'>Socrate</span> <span class='ocrx_word' id='word_1_283' title='bbox 1855 2992 1964 3034; x_wconf 85' lang='lat' dir='ltr'>Cive</span> <span class='ocrx_word' id='word_1_284' title='bbox 1992 3007 2035 3046; x_wconf 88' lang='lat' dir='ltr'>p.</span> 
     </span>
     <span class='ocr_line' id='line_1_39' title="bbox 491 3047 2035 3102; baseline 0.003 -14"><span class='ocrx_word' id='word_1_285' title='bbox 491 3047 545 3091; x_wconf 88' lang='grc'>18</span> <span class='ocrx_word' id='word_1_286' title='bbox 577 3061 675 3101; x_wconf 88' lang='lat' dir='ltr'>sqq.</span> <span class='ocrx_word' id='word_1_287' title='bbox 707 3061 804 3089; x_wconf 90' lang='lat' dir='ltr'>cum</span> <span class='ocrx_word' id='word_1_288' title='bbox 838 3051 1028 3092; x_wconf 83' lang='lat' dir='ltr'>Isocrate</span> <span class='ocrx_word' id='word_1_289' title='bbox 1059 3050 1242 3102; x_wconf 79' lang='lat' dir='ltr'>aliisque</span> <span class='ocrx_word' id='word_1_290' title='bbox 1272 3049 1441 3090; x_wconf 86' lang='lat' dir='ltr'>civibus</span> <span class='ocrx_word' id='word_1_291' title='bbox 1471 3051 1830 3102; x_wconf 84' lang='lat' dir='ltr'>prudentioribus</span> <span class='ocrx_word' id='word_1_292' title='bbox 1858 3052 2035 3092; x_wconf 82' lang='lat' dir='ltr'>insanas</span> 
     </span>
     <span class='ocr_line' id='line_1_40' title="bbox 488 3106 2035 3160; baseline 0.003 -14"><span class='ocrx_word' id='word_1_293' title='bbox 488 3112 530 3146; x_wconf 82' lang='lat' dir='ltr'>et</span> <span class='ocrx_word' id='word_1_294' title='bbox 567 3106 754 3158; x_wconf 89' lang='lat' dir='ltr'>publicis</span> <span class='ocrx_word' id='word_1_295' title='bbox 796 3108 1034 3148; x_wconf 89' lang='lat' dir='ltr'>commodis</span> <span class='ocrx_word' id='word_1_296' title='bbox 1086 3108 1295 3148; x_wconf 83' lang='lat' dir='ltr'>adversas</span> <span class='ocrx_word' id='word_1_297' title='bbox 1342 3107 1522 3148; x_wconf 87' lang='lat' dir='ltr'>diceret.</span> <span class='ocrx_word' id='word_1_298' title='bbox 1590 3107 1722 3160; x_wconf 86' lang='lat' dir='ltr'>Quis,</span> <span class='ocrx_word' id='word_1_299' title='bbox 1763 3109 1928 3159; x_wconf 84' lang='lat' dir='ltr'>aiebat,</span> <span class='ocrx_word' id='word_1_300' title='bbox 1965 3110 2035 3150; x_wconf 85' lang='lat' dir='ltr'>vel</span> 
     </span>
     <span class='ocr_line' id='line_1_41' title="bbox 488 3164 2033 3220; baseline 0.003 -17"><span class='ocrx_word' id='word_1_301' title='bbox 488 3164 642 3204; x_wconf 86' lang='lat' dir='ltr'>domus</span> <span class='ocrx_word' id='word_1_302' title='bbox 673 3177 777 3205; x_wconf 83' lang='lat' dir='ltr'>suae</span> <span class='ocrx_word' id='word_1_303' title='bbox 807 3166 979 3206; x_wconf 85' lang='lat' dir='ltr'>fabrum</span> <span class='ocrx_word' id='word_1_304' title='bbox 1009 3165 1078 3206; x_wconf 87' lang='lat' dir='ltr'>vel</span> <span class='ocrx_word' id='word_1_305' title='bbox 1114 3166 1240 3206; x_wconf 90' lang='lat' dir='ltr'>navis</span> <span class='ocrx_word' id='word_1_306' title='bbox 1270 3165 1605 3217; x_wconf 82' lang='lat' dir='ltr'>gubernatorem</span> <span class='ocrx_word' id='word_1_307' title='bbox 1640 3172 1758 3208; x_wconf 80' lang='lat' dir='ltr'>sorte</span> <span class='ocrx_word' id='word_1_308' title='bbox 1786 3167 1931 3220; x_wconf 84' lang='lat' dir='ltr'>legere</span> <span class='ocrx_word' id='word_1_309' title='bbox 1961 3180 2033 3208; x_wconf 84' lang='lat' dir='ltr'>ve·</span> 
     </span>
     <span class='ocr_line' id='line_1_42' title="bbox 486 3222 2034 3278; baseline 0.002 -17"><span class='ocrx_word' id='word_1_310' title='bbox 486 3222 559 3271; x_wconf 85' lang='lat' dir='ltr'>lit3</span> <span class='ocrx_word' id='word_1_311' title='bbox 591 3223 899 3274; x_wconf 86' lang='lat' dir='ltr'>peritissimum</span> <span class='ocrx_word' id='word_1_312' title='bbox 932 3223 1117 3276; x_wconf 88' lang='lat' dir='ltr'>quisque</span> <span class='ocrx_word' id='word_1_313' title='bbox 1157 3223 1239 3263; x_wconf 89' lang='lat' dir='ltr'>sibi</span> <span class='ocrx_word' id='word_1_314' title='bbox 1280 3226 1426 3275; x_wconf 82' lang='lat' dir='ltr'>optat,</span> <span class='ocrx_word' id='word_1_315' title='bbox 1464 3237 1554 3264; x_wconf 90' lang='lat' dir='ltr'>non</span> <span class='ocrx_word' id='word_1_316' title='bbox 1585 3237 1714 3278; x_wconf 91' lang='lat' dir='ltr'>quem</span> <span class='ocrx_word' id='word_1_317' title='bbox 1743 3224 1836 3265; x_wconf 87' lang='lat' dir='ltr'>fors</span> <span class='ocrx_word' id='word_1_318' title='bbox 1867 3224 2034 3265; x_wconf 88' lang='lat' dir='ltr'>obtule-</span> 
     </span>
     <span class='ocr_line' id='line_1_43' title="bbox 488 3279 2034 3333; baseline 0.002 -14"><span class='ocrx_word' id='word_1_319' title='bbox 488 3280 559 3319; x_wconf 87' lang='lat' dir='ltr'>rit.</span> <span class='ocrx_word' id='word_1_320' title='bbox 616 3279 676 3319; x_wconf 87' lang='lat' dir='ltr'>Et</span> <span class='ocrx_word' id='word_1_321' title='bbox 712 3285 856 3321; x_wconf 85' lang='lat' dir='ltr'>tamen</span> <span class='ocrx_word' id='word_1_322' title='bbox 895 3281 941 3322; x_wconf 90' lang='lat' dir='ltr'>in</span> <span class='ocrx_word' id='word_1_323' title='bbox 980 3282 1061 3322; x_wconf 80' lang='lat' dir='ltr'>hac</span> <span class='ocrx_word' id='word_1_324' title='bbox 1100 3288 1252 3322; x_wconf 83' lang='lat' dir='ltr'>nostra</span> <span class='ocrx_word' id='word_1_325' title='bbox 1282 3281 1458 3322; x_wconf 85' lang='lat' dir='ltr'>civitate</span> <span class='ocrx_word' id='word_1_326' title='bbox 1487 3283 1552 3323; x_wconf 86' lang='lat' dir='ltr'>ita</span> <span class='ocrx_word' id='word_1_327' title='bbox 1580 3283 1790 3333; x_wconf 85' lang='lat' dir='ltr'>vivimus,</span> <span class='ocrx_word' id='word_1_328' title='bbox 1830 3287 1878 3322; x_wconf 83' lang='lat' dir='ltr'>ut.</span> <span class='ocrx_word' id='word_1_329' title='bbox 1906 3282 2034 3323; x_wconf 82' lang='lat' dir='ltr'>fabae</span> 
     </span>
     <span class='ocr_line' id='line_1_44' title="bbox 486 3339 2030 3392; baseline 0.003 -15"><span class='ocrx_word' id='word_1_330' title='bbox 486 3339 754 3378; x_wconf 80' lang='lat' dir='ltr'>constituant</span> <span class='ocrx_word' id='word_1_331' title='bbox 796 3339 919 3390; x_wconf 83' lang='lat' dir='ltr'>illos,</span> <span class='ocrx_word' id='word_1_332' title='bbox 965 3339 1122 3392; x_wconf 89' lang='lat' dir='ltr'>quibus</span> <span class='ocrx_word' id='word_1_333' title='bbox 1164 3352 1332 3381; x_wconf 80' lang='lat' dir='ltr'>summa</span> <span class='ocrx_word' id='word_1_334' title='bbox 1366 3340 1549 3392; x_wconf 87' lang='lat' dir='ltr'>reipubl.</span> <span class='ocrx_word' id='word_1_335' title='bbox 1592 3342 1650 3381; x_wconf 84' lang='lat' dir='ltr'>sit</span> <span class='ocrx_word' id='word_1_336' title='bbox 1677 3339 2030 3391; x_wconf 79' lang='lat' dir='ltr'>committenda‚“</span> 
     </span>
    </p>
   </div>
   <div class='ocr_carea' id='block_1_5' title="bbox 487 3394 1101 3448">
    <p class='ocr_par' dir='ltr' id='par_1_5' title="bbox 487 3394 1101 3448">
     <span class='ocr_line' id='line_1_45' title="bbox 487 3394 1101 3448; baseline 0.011 -13"><span class='ocrx_word' id='word_1_337' title='bbox 487 3394 735 3448; x_wconf 84' lang='lat' dir='ltr'>Xenoph.</span> <span class='ocrx_word' id='word_1_338' title='bbox 767 3396 897 3441; x_wconf 87' lang='lat' dir='ltr'>Mem.</span> <span class='ocrx_word' id='word_1_339' title='bbox 931 3397 959 3438; x_wconf 89' lang='grc'>1.</span> <span class='ocrx_word' id='word_1_340' title='bbox 989 3396 1032 3448; x_wconf 83' lang='grc'>2,</span> <span class='ocrx_word' id='word_1_341' title='bbox 1063 3397 1101 3442; x_wconf 86' lang='grc'>9-</span> 
     </span>
    </p>
   </div>
  </div>
 </body>
</html>
