2158 3718
228 137 299 189 30
869 137 1363 181 PROLEGOMENA

230 279 630 345 quandoquidem
667 286 714 329 et
749 281 982 344 sapientis
1018 279 1224 344 perfecti
1262 281 1488 346 exemplo
1517 289 1565 332 et
1589 284 1835 332 rationum
1862 299 1888 333 e
1914 298 1999 333 na-

228 357 339 401 tura
375 352 524 401 animi
550 357 597 401 et
623 352 748 400 vitae
785 351 1028 400 humanae
1057 351 1289 414 dignitate
1314 354 1637 416 repetitarum
1662 351 1928 403 subtilitate
1954 354 2002 403 id

229 421 456 480 efficitur,
484 428 539 470 ut
563 421 684 470 fides
710 420 1085 471 immortalitatis
1112 421 1432 472 confirmetur
1459 429 1506 472 et
1530 423 1804 474 stabiliatur
1821 422 1871 490 ¹).

368 493 474 542 Hoc
511 498 671 541 autem
709 493 913 541 artificio
954 507 1066 541 cum
1101 492 1397 543 dexterrime
1436 510 1552 543 usus
1579 496 1639 542 sit
1664 494 1998 558 philosophuS‚

229 563 625 613 commodissime
673 564 819 611 etiam
867 563 931 611 ita
967 563 1126 626 potuit
1158 565 1376 613 rationes
1412 564 1589 629 dialogi
1623 566 1903 623 instituere,
1950 571 2003 614 ut

230 641 358 683 totus
385 635 446 683 sit
473 633 755 696 tragoediae
783 632 926 681 alicui
952 633 1240 686 simillimus
1281 634 1408 690 ¹Nam
1431 651 1542 684 cum
1571 634 1651 684 alii
1678 651 1874 701 quoque
1901 636 2000 684 dia-

227 703 325 767 logi
344 703 560 753 Platonis
586 703 864 752 fabularum
886 704 1267 754 dramaticarum
1287 706 1501 768 speciem
1527 704 1821 771 referant2)‚
1851 721 2001 770 quan—

230 775 495 839 doquidem
523 790 579 824 eo
607 775 804 823 nomine
832 775 1001 839 utique
1028 776 1229 838 propria
1255 774 1345 824 sibi
1371 775 1577 832 habent,
1618 793 1742 841 quae
1768 779 2002 826 Aristote-

228 844 298 894 les
311 844 348 908 3)
379 860 490 894 cum
519 844 578 893 ab
608 846 742 893 omni
770 846 887 893 artis
915 860 1080 909 opere,
1108 852 1211 895 tum
1238 846 1479 909 imprimis
1506 862 1531 895 a
1559 848 1810 910 tragoedia
1836 848 2000 909 exigit,

226 915 445 974 initium,
480 916 663 965 iustum
700 931 1046 980 progressum,
1082 916 1315 965 idoneum
1351 917 1500 966 finem
1514 915 1574 982 4),
1613 926 1715 967 tum
1751 917 2003 968 Phaedoni

226 992 424 1053 praeter
449 986 571 1036 haec
598 988 745 1035 etiam
772 1002 852 1044 ea,
888 1002 1012 1052 quae
1047 986 1107 1035 ab
1135 986 1395 1036 Aristotele
1411 985 1444 1051 5)
1482 988 1761 1050 tragoediae
1788 993 2003 1053 spectata

226 1073 321 1106 una
349 1058 467 1107 artis
494 1059 881 1107 conformatione
909 1065 962 1107 ut
987 1059 1121 1121 priva
1148 1064 1195 1107 et
1232 1057 1492 1123 peculiaria
1518 1058 1874 1116 attribuuntur,
1911 1059 2003 1107 mi-

226 1129 362 1178 rifice
389 1129 701 1185 conveniunt,
730 1130 913 1193 quippe
940 1130 1023 1193 qui
1050 1129 1412 1192 quodammodo
1440 1136 1487 1177 et
1512 1127 1796 1195 πρόλογον
1823 1135 1870 1179 et
1895 1126 2004 1179 πά-

229 1197 400 1263 ροδον
436 1199 684 1248 choricam
721 1206 769 1248 et
805 1196 1091 1248 ἐπεισόδια
1120 1206 1168 1248 et
1192 1198 1328 1264 μέλη
1357 1197 1594 1265 στάσιμα
1621 1208 1669 1250 et
1696 1197 1891 1260 ἔξοδον
1917 1200 2002 1249 ha-

226 1270 347 1320 bere
383 1270 621 1320 videatur.
675 1269 868 1319 Etenim
903 1270 1317 1333 quemadmodum
1356 1270 1536 1320 chorus
1573 1273 1788 1335 tragicus
1813 1271 1917 1320 sere
1945 1286 2002 1320 eo

226 1342 448 1404 fungitur
473 1356 706 1396 munere,
736 1347 803 1398 ut,
833 1342 874 1389 si
901 1356 994 1404 qua
1021 1341 1116 1390 fert
1142 1347 1420 1405 temporum
1449 1342 1802 1406 opportunitaS,
1831 1357 2003 1391 sensus

227 1417 274 1461 et
300 1413 619 1475 cogitationes
646 1412 794 1460 animi
821 1427 879 1460 ex
906 1426 1075 1460 rerum
1102 1417 1321 1460 actarum
1351 1411 1423 1461 vel
1449 1413 1749 1476 agendarum
1777 1413 2001 1462 conside-

226 1484 418 1532 ratione
461 1488 712 1546 susceptos
758 1488 806 1530 et
849 1481 1081 1532 collectos
1126 1484 1344 1532 oratione
1381 1482 1627 1546 dignitatis
1664 1489 1712 1532 et
1755 1485 2002 1547 gravitatis

227 1553 370 1617 plena
397 1554 461 1602 ita
488 1552 833 1618 proloquatur,
863 1559 918 1602 ut
942 1552 1162 1617 legentes
1188 1553 1262 1602 vel
1286 1553 1538 1602 audientes
1565 1569 1661 1602 non
1690 1553 1847 1603 solum
1873 1553 2002 1604 ultra

226 1626 555 1674 humanarum
591 1624 911 1689 cupiditatum
947 1630 1108 1674 motus
1145 1624 1219 1674 vel
1269 1625 1412 1673 etiam
1455 1623 1584 1674 ultra
1624 1627 1746 1674 vitae
1781 1625 2002 1674 mortalis

226 1701 411 1746 sortem
451 1701 499 1745 et
525 1695 866 1744 condicionem
894 1695 1035 1745 evehi
1059 1695 1315 1745 videantur
1331 1692 1393 1760 ⁶),
1432 1696 1496 1744 ita
1524 1697 1667 1744 etiam
1697 1696 1924 1746 Socrates
1951 1697 2002 1746 in

226 1794 343 1802 n*—

340 1836 383 1889 1)
414 1838 545 1878 Haec
568 1836 731 1885 dudum
753 1837 817 1876 ita
838 1836 1155 1889 iudicavimus,
1187 1841 1237 1877 ut
1256 1837 1555 1878 vehementer
1575 1838 1790 1878 miremur
1811 1837 1972 1878 Stein
1986 1861 2001 1867 -

224 1892 443 1935 hartum
473 1893 745 1946 Einleitung
777 1907 878 1934 zum
908 1894 1080 1934 Phaed.
1115 1908 1155 1946 p.
1178 1895 1275 1937 388.
1308 1894 1362 1934 de
1394 1898 1554 1935 nostra
1584 1895 1760 1935 ratione
1789 1895 1857 1935 ita
1889 1896 2000 1935 scri-

224 1952 432 1991 bentem:
468 1951 731 2003 „Stallbaum
759 1953 873 1990 stellt
904 1951 972 1990 die
1004 1951 1153 1991 beiden
1184 1950 1330 1991 Seiten
1362 1953 1437 1991 des
1470 1952 1723 2003 Gesprct‘elzs,
1758 1953 1841 1991 die
1861 1952 2000 1991 Dar-

223 2010 458 2061 stelluny
490 2009 581 2048 des
610 2007 937 2048 sterbenden
968 2007 1221 2047 Socrates
1259 2009 1361 2047 und
1399 2009 1481 2048 die
1512 2008 1873 2061 Beyriindnny
1902 2009 2004 2048 und

226 2065 673 2117 Rechtfertiyuny
725 2065 820 2104 der
883 2064 1364 2112 Unsterbliclzlceit,
1424 2067 1788 2105 unvermittelt
1837 2065 2000 2105 neben

225 2123 504 2172 einander,
537 2122 657 2161 weist
688 2121 792 2161 aber
823 2121 935 2160 nieht
966 2122 1087 2171 nack,
1117 2123 1196 2161 wie
1219 2122 1286 2161 die
1308 2125 1399 2161 eine
1420 2123 1463 2160 in
1486 2123 1564 2161 der
1583 2124 1749 2162 andern
1769 2121 1859 2162 ihre
1880 2122 1999 2162 nolle-

221 2179 411 2230 wendiqe
442 2178 703 2230 Eryci'nzuny
729 2179 863 2229 findet
894 2179 982 2217 und
1010 2178 1156 2217 erhebt
1191 2179 1281 2217 siclt
1310 2178 1424 2217 nieht
1452 2191 1502 2216 zu
1533 2179 1663 2218 einem
1693 2179 1865 2226 lzo'lzern,
1898 2178 2002 2218 iiber

223 2236 373 2275 beiden
420 2235 651 2275 stehenden
700 2235 788 2274 und
842 2247 918 2274 zur
967 2234 1139 2274 Einlzez't
1187 2234 1536 2286 verknz'lpfenden
1588 2234 1999 2288 Grundyedanken.“

222 2289 425 2343 Nemque
458 2291 576 2342 quod
605 2292 677 2331 vir
707 2291 870 2332 doctus
902 2291 1205 2335 desideravit,
1238 2291 1284 2330 id
1316 2303 1426 2330 sane
1460 2291 1507 2330 in
1538 2295 1718 2343 promtu
1748 2292 1849 2331 fuit.
1884 2291 1999 2331 Cen-

223 2349 396 2388 suimus
429 2349 548 2387 enim
581 2349 719 2387 etiam
751 2351 859 2399 tum,
892 2347 1011 2399 quod
1040 2360 1161 2386 nunc
1194 2360 1443 2398 censemus,
1478 2347 1870 2388 immortalitatem
1903 2349 2001 2388 ani—

223 2418 396 2445 morum
426 2407 520 2443 tum
555 2404 763 2457 exemplo
786 2403 994 2445 Socratis
1024 2407 1118 2443 tum
1152 2405 1430 2457 argumentis
1463 2418 1518 2444 ex
1548 2404 1842 2457 philosophia
1872 2417 1999 2458 repe-

222 2461 325 2501 titis
358 2460 631 2512 confirmari,
663 2465 714 2500 ut
744 2461 1106 2501 luculentissime
1128 2464 1290 2514 pateat
1322 2461 1782 2501 immortalitatis
1813 2461 1997 2501 notio-

223 2530 343 2558 nem
366 2530 645 2558 commune
669 2521 943 2569 tamquam
965 2517 1250 2557 vinculum
1275 2531 1424 2570 esse,
1450 2531 1536 2570 quo
1567 2518 1717 2558 omnia
1739 2518 1999 2558 arctissime

224 2575 564 2614 contineantur.
626 2575 755 2624 Quae
780 2574 1072 2614 Steinhartus
1104 2588 1193 2614 non
1225 2574 1468 2623 intellexit,
1504 2587 1558 2614 ea
1592 2574 1671 2614 alii
1704 2578 1827 2614 recte
1859 2575 1998 2614 inter-

255 2631 396 2671 retati
425 2635 543 2670 sunt.

222 2644 250 2683 p
337 2686 379 2738 2)
414 2686 486 2726 Cf.
516 2687 640 2730 Frid.
673 2687 914 2738 Thiersch,
947 2686 1101 2727 Ueber
1133 2688 1204 2726 (lie
1237 2686 1429 2729 dramat.
1453 2685 1595 2728 Natur
1624 2687 1704 2727 der
1740 2686 1853 2740 plat.
1887 2688 1997 2727 Dia-

224 2740 328 2796 loge
371 2740 614 2794 (Abhandl.
649 2743 690 2785 d,
733 2743 891 2795 philol.
925 2742 1083 2783 Classe
1117 2743 1156 2782 d.
1191 2743 1369 2796 konigl.
1402 2743 1674 2784 baierschen
1706 2743 1922 2786 Academ.
1956 2744 1999 2787 (1.

222 2799 509 2841 Wissensch.
542 2799 786 2849 Miinchen,
820 2798 964 2851 1837).

336 2855 380 2909 3)
411 2856 538 2896 Poet.
574 2868 643 2907 cp.
676 2855 777 2897 VII.

334 2911 383 2964 4)
412 2911 693 2952 Fabularum
725 2912 1042 2952 scaenicarum
1075 2915 1254 2965 partes,
1286 2906 1535 2966 πρότασις,
1578 2907 1815 2966 ἐπίτασις,
1853 2927 1997 2955 κατα-

224 2962 406 3023 στροφή
438 2969 579 3009 etiam
612 2981 639 3008 a
669 2969 862 3009 Platone
895 2969 1214 3021 significantur
1244 2970 1291 3009 in
1324 2969 1436 3010 Crit.
1470 2985 1510 3023 p.
1545 2971 1599 3010 45
1621 2972 1657 3010 E
1694 2974 1738 3011 et
1767 2973 1821 3010 46
1843 2971 1895 3014 A.

337 3027 379 3077 5)
410 3026 540 3066 Poet.
575 3039 643 3078 cp.
676 3025 778 3065 XII.

337 3082 380 3136 6)
412 3083 482 3123 De
527 3081 652 3122 chori
690 3094 873 3122 munere
909 3086 953 3122 et
985 3083 1136 3122 officio
1176 3096 1215 3125 v,
1258 3083 1394 3123 Arist.
1428 3085 1558 3124 Poet.
1592 3098 1629 3126 c.
1666 3084 1841 3134 XVIII,
1887 3085 1995 3125 Hor.

222 3140 273 3180 A.
307 3140 355 3181 P.
390 3141 469 3180 193
501 3152 567 3191 sq.
601 3139 886 3191 Quamquam
919 3140 965 3178 in
998 3140 1130 3180 huius
1162 3142 1229 3179 rei
1260 3140 1428 3179 iudicio
1461 3141 1619 3181 variae
1652 3142 1718 3179 rei
1749 3141 1996 3181 scaenicae

225 3199 408 3237 aetates
438 3196 555 3236 bene
587 3195 940 3249 distinguendae
974 3200 1094 3246 sunt,
1131 3210 1227 3235 cum
1261 3196 1443 3236 chorum
1477 3199 1674 3237 sciamus
1707 3197 1842 3236 alium
1878 3198 1997 3250 apud

222 3253 512 3304 Aeschylum,
547 3252 687 3292 alium
720 3252 839 3305 apud
863 3252 1149 3305 Sophoclem.
1185 3254 1322 3292 alium
1357 3253 1475 3305 apud
1498 3254 1760 3306 Euripidem
1795 3266 1895 3293 esse
1931 3255 1995 3293 iu-

225 3311 482 3350 formatum.
546 3309 728 3362 Optime
774 3308 829 3347 de
875 3309 963 3348 hac
1011 3323 1058 3348 re
1104 3310 1320 3349 disseruit
1365 3310 1637 3350 Goethius
1680 3311 1726 3349 in
1768 3311 1914 3362 Epist.
1955 3310 1996 3353 d.

222 3368 291 3408 28.
323 3366 409 3407 Iul.
452 3379 492 3406 a.
528 3367 635 3406 1803
676 3364 733 3406 ad
768 3365 997 3406 Zelterum
1031 3367 1140 3406 «lata
1182 3365 1276 3417 (ed.
1311 3367 1362 3406 1⁰.
1401 3368 1465 3408 W.
1502 3367 1693 3406 ltieuier.
1728 3380 1770 3418 p.
1803 3367 1855 3406 68
1888 3367 1996 3418 sq.).

223 3422 463 3476 Sophoclis
504 3422 757 3475 exemplum
800 3436 826 3462 a
859 3422 1050 3461 Platone
1092 3423 1308 3473 imitando
1351 3436 1614 3475 expressum
1657 3435 1759 3462 esse
1799 3436 1889 3462 non
1928 3427 1997 3464 est

222 3480 342 3533 quod
372 3479 645 3523 dubitemus,
