2158 3718
391 119 497 170 192
1022 121 1438 175 PLATole

518 260 657 341 Cap.
705 260 998 332 XXXVI.
1085 266 1202 319 Καὶ
1242 267 1423 323 ταῦτα
1461 271 1563 339 μὲν
1606 265 1673 336 δὴ
1716 270 1926 324 ταῦτα·

555 347 678 404 οἷον
721 347 776 404 δ’
827 339 900 403 αὗ
944 345 1058 403 τόδ’
1112 349 1253 422 ἔρεξε
1281 353 1373 404 καὶ
1398 355 1523 420 ἔτλη
1551 349 1818 425 καρτερὸς
1840 349 1986 425 ἀνὴρ

382 437 491 487 ἐκεῖ
557 454 693 489 ποτε
750 435 839 487 ἐπὶ
881 435 1197 504 στρατείας,
1258 429 1417 500 ἄξιον
1470 435 1726 492 ἀκοῦσαι.
1768 436 2072 505 ξυννοήσας

382 512 493 587 γὰρ
551 513 768 571 αὐτόθι
824 519 1005 572 ἕωθέν
1064 537 1118 571 τι
1161 515 1395 585 ειστήκει
1435 510 1680 587 σκοπῶν,
1746 523 1839 576 καὶ
1881 519 2066 590 ἐπειδὴ

384 599 451 656 οὐ
495 597 805 672 προύχώρει
845 597 1016 671 αὐτῷ,
1063 597 1164 656 οὐκ
1207 600 1368 669 ἀνίει,
1411 600 1554 658 ἀλλὰ
1599 603 1833 672 εἱστήκει
1876 607 2073 672 ζητῶν.

383 686 477 740 καὶ
536 681 640 751 ἤδη
687 704 770 750 ην
819 687 1159 756 μεσημβρία,
1216 689 1310 740 καὶ
1364 682 1668 760 ἄνθρωποι
1717 686 2071 766 ᾐσθάνοντο,

383 771 476 823 καὶ
521 767 917 838 θαυμαζοντες
958 765 1128 834 ἄλλος
1169 764 1321 840 ἄλλῳ
1365 774 1574 842 έλεγεν,
1631 768 1719 827 ὅτι
1755 771 2072 842 Σωκράτης

381 851 439 918 ἐξ
481 854 728 908 ἑωθινοῦ
772 855 1082 928 φροντίζων
1124 874 1180 908 τι
1222 859 1428 922 ἕστηκε.
1473 858 1824 921 τελευτῶντες
1886 859 1943 913 δέ
1982 879 2066 913 τι-

381 956 470 1001 νες
513 939 624 992 τῶν
662 934 880 1002 Ἰώνων,
921 934 1106 1006 ἐπειδὴ
1155 942 1358 1010 ἑσπέρα
1395 930 1482 1007 ἦν,
1527 938 1931 1007 δειπνήσαντες,
1974 944 2069 996 καὶ

378 1017 487 1096 γὰρ
533 1025 708 1095 θέρος
754 1020 877 1078 τότε
918 1043 977 1093 γε
1018 1013 1121 1090 ἦν,
1170 1021 1442 1096 χαμεύνια
1484 1022 1892 1096 ἐξενεγκάμενοι
1945 1021 2069 1097 ἅμα

499 1214 571 1256 C.
609 1218 792 1256 ταῦτα
821 1219 913 1270 μὲν
941 1214 1002 1269 δὴ
1041 1219 1246 1274 ταυτα]
1279 1234 1317 1260 τ.
1349 1234 1397 1273 μ.
1429 1217 1468 1261 ὃ.
1499 1216 1643 1275 ταύτῃ
1673 1218 1779 1262 Ven.
1797 1219 1845 1261 Ξ.
1877 1218 2002 1261 vind.
2021 1218 2068 1264 2.

488 1282 555 1327 αὖ
587 1285 706 1329 τόδ’
741 1287 911 1343 ἔρεξε]
944 1283 1002 1330 av'
1032 1288 1083 1330 τὸ
1120 1290 1217 1332 Vat.
1241 1288 1294 1332 A.
1325 1289 1460 1331 Coisl.
1490 1288 1591 1331 Par.
1609 1289 1760 1332 DEK.
1787 1290 1907 1332 Flor.
1919 1304 1958 1332 a
1973 1290 2015 1334 b.
2025 1304 2066 1334 c.

373 1342 484 1385 αὐτὸ
521 1344 644 1387 Bodl.
664 1303 793 1404 Aug.²
810 1359 859 1389 w,
893 1346 985 1388 Vat.
1015 1359 1056 1389 n.
1069 1361 1112 1401 p.
1128 1361 1164 1390 s.
1206 1349 1276 1403 ἕῤῥ
1279 1363 1318 1391 ε
1304 1347 1341 1388 “ε
1381 1346 2064 1391 Bod1.vat.A.Par.E.A1d.

373 1402 477 1443 Bas.
504 1403 538 1448 1.
559 1400 603 1446 2.
636 1407 730 1443 οἱον
755 1402 798 1444 δ’
831 1402 943 1444 αὐτὰ
974 1403 1016 1444 ‹5‘
1048 1404 1183 1460 ἔρεξε,
1216 1404 1334 1458 quod
1362 1405 1473 1446 bene
1503 1404 1696 1446 correxit
1725 1404 1936 1458 Stephon.

487 1486 656 1528 ἕωθέν
693 1504 747 1530 τι
785 1487 1049 1558 εἱστήκει]
1091 1490 1142 1532 V.
1182 1489 1376 1543 ἑστήκει,
1415 1489 1531 1543 quod
1574 1488 1642 1531 hic
1672 1503 1696 1531 e
1727 1489 1853 1532 Vind.
1873 1488 1916 1534 2.
1949 1489 2058 1535 Ven.

376 1545 422 1619 ἐξ.
454 1545 681 1615 IfunDK.
718 1547 759 1588 in
789 1545 972 1599 εἱστήκει
1010 1548 1286 1590 mutavimus.
1357 1547 1416 1589 Et
1455 1547 1600 1613 statim
1642 1551 1743 1602 post
1779 1547 1873 1589 libri
1912 1560 2064 1592 omnes

371 1618 567 1655 ειστηκει.

489 1673 800 1729 φροντίζων
828 1692 882 1718 τι
910 1675 1122 1731 ἕστηκε]
1151 1674 1318 1728 ἑστήκει
1348 1674 1497 1717 Ambr.
1529 1674 1626 1719 Vat.
1649 1687 1683 1717 r.
1713 1674 1832 1720 Flor.
1855 1688 1896 1721 ιι.

1321 1815 1410 1857 καὶ
1454 1815 1554 1869 ἤδη
1599 1809 1663 1869 ἤν
1715 1819 2055 1873 μεσημβρία,

375 1820 623 1873 ipsorum
683 1817 954 1861 mollitiei
1012 1815 1182 1871 pude-

1263 1874 1351 1915 καὶ
1379 1873 1676 1929 ἅνθρωποι
1713 1874 1867 1930 ᾖσθ.]
1907 1875 2063 1919 Solent

373 1882 484 1929 ret,
525 1875 783 1930 adeoque
807 1876 1061 1917 Socratis
1091 1889 1180 1929 pa-

373 1934 629 1976 tientiam
678 1939 730 1976 et
777 1931 1177 1975 fortitudinem

374 1993 618 2035 moleste
679 1991 916 2041 ferrent,
973 1993 1179 2046 quippe

372 2063 526 2103 quem
558 2049 710 2104 ipsos
737 2049 1040 2103 despicere
1064 2049 1178 2103 opi-

373 2120 434 2149 na
447 2111 660 2152 rentur.
719 2107 924 2148 Ceterum
949 2106 1177 2148 Socratem

369 2164 533 2218 algoris
575 2170 620 2206 et
651 2164 808 2207 caloris
847 2163 978 2206 fuisse
1007 2164 1177 2218 patien-

366 2223 581 2264 tissimum
641 2227 825 2264 testatur
882 2221 1016 2263 etiam
1074 2221 1174 2264 Xe-

365 2279 525 2381 ὂιοὲιιι.
566 2279 810 2323 Memorab.
839 2278 873 2320 1.
903 2277 956 2331 2,
991 2279 1028 2322 1.
1062 2284 1107 2322 et
1133 2292 1172 2324 c.

395 2369 408 2390 ‚
473 2371 484 2381 .
521 2338 576 2382 al.

423 2422 472 2464 C.
534 2416 657 2463 οἷον
691 2418 732 2461 δ’
765 2412 834 2460 αὖ
862 2419 1016 2473 τόδ’]
1060 2422 1170 2466 Ver-

367 2493 442 2523 sus
475 2479 636 2533 Odyss.
667 2478 740 2523 lv.
771 2477 874 2523 242.

423 2563 669 2617 εἱστήκει
717 2562 912 2618 ζητῶν]
971 2564 1036 2606 De
1084 2563 1167 2607 hoc

367 2636 490 2664 more
522 2622 715 2664 Socratis
755 2622 836 2664 iam
877 2622 1167 2675 Apollodorus

365 2694 401 2723 c.
434 2680 508 2723 ΙΙΙ.
550 2680 749 2721 narravit.
818 2679 1019 2720 Eundem
1063 2679 1166 2720 atti-

363 2741 520 2789 gerunt
558 2737 678 2777 multi
732 2736 968 2789 scriptores
1017 2740 1167 2788 poste-

362 2793 489 2834 rioris
523 2793 702 2839 aetatis,
745 2805 799 2833 ex
838 2791 993 2844 quibus
1026 2791 1166 2833 nomi-

363 2849 483 2890 navit
545 2850 734 2890 Astius
792 2847 1046 2892 Antonin.
1098 2847 1166 2889 Ad

363 2907 425 2949 Se
465 2907 610 2960 Ipsum
654 2905 744 2947 Vll.
786 2904 856 2949 66.
911 2905 1164 2949 Arrian.

362 2963 550 3018 Epictet.
589 2961 660 3006 24.
713 2962 940 3015 Diogen.
985 2961 1168 3005 Laert.

362 3022 415 3066 ΙΙ.
447 3019 518 3065 23.
561 3019 804 3062 Gellium
846 3018 898 3060 N.
942 3020 992 3060 A.
1032 3020 1083 3062 11.
1130 3019 1167 3062 1.

362 3079 497 3121 Plura
541 3077 704 3120 dabunt
733 3075 884 3118 Wolf.
925 3076 979 3117 ad
1011 3077 1166 3132 Orige-

363 3136 429 3178 nis
469 3135 671 3190 Philosop
675 3133 714 3176 Ιι.
752 3133 807 3175 Τ.
837 3133 869 3174 1.
905 3146 946 3185 p.
979 3133 1073 3178 966.
1120 3140 1163 3176 et

363 3194 608 3236 Meiuers
637 3191 797 3246 Script.
829 3188 1078 3245 Philosoph.
1109 3191 1162 3233 Τ.

363 3250 617 3304 111.p.43
650 3273 709 3281 -
765 3247 949 3299 ἐπειδὴ
984 3249 1044 3292 οὐ
1082 3264 1163 3305 πρ.

365 3306 535 3363 αὐτῷ,
595 3319 751 3362 quum
813 3305 862 3348 ei
916 3319 1003 3348 res
1062 3319 1164 3349 non

363 3378 638 3419 prosper-e
667 3363 911 3408 cederet.

1264 1932 1427 1974 Graeci
1476 1945 1587 1985 quae
1635 1932 1695 1973 ita
1741 1946 1790 1975 se
1830 1934 2063 1988 excipiunt,

1262 1994 1312 2031 ut
1339 1995 1482 2030 tamen
1514 1990 1721 2038 temporis
1750 1992 2062 2034 communitate

1264 2047 1486 2089 coniuncta
1515 2047 1615 2100 sint,
1646 2048 1985 2101 exprimeresic,
2015 2053 2064 2090 ut

1262 2117 1341 2159 pro
1383 2104 1591 2158 particula
1630 2106 1857 2160 temporali
1905 2105 2062 2149 nostris

1259 2162 1422 2204 usitata
1452 2163 1524 2202 καὶ
1550 2162 1618 2203 vel
1649 2176 1695 2203 τε
1723 2163 1796 2204 καὶ
1836 2168 2059 2216 usurpent.

1259 2219 1401 2261 Veluti
1433 2217 1542 2260 hunc
1572 2220 1717 2261 locum
1758 2221 1818 2262 sic
1848 2221 2061 2275 interpre-

1258 2277 1340 2318 tari
1371 2277 1495 2318 licet:
1527 2276 1630 2318 und
1668 2275 1833 2319 sehon
1865 2291 1970 2319 war
2001 2291 2060 2320 es

1255 2334 1484 2388 Mittag,
1526 2335 1608 2376 ais
1649 2333 1740 2376 die
1782 2334 1959 2385 Lente
2002 2348 2059 2377 es

1254 2404 1297 2434 m
1322 2405 1346 2434 e
1365 2403 1386 2433 r
1406 2392 1431 2433 k
1452 2396 1470 2432 t
1493 2404 1516 2432 e
1539 2404 1578 2435 n.
1649 2391 1750 2436 Quo
1799 2391 2060 2446 significatur

1255 2449 1484 2491 Socratem
1534 2448 1590 2491 ad
1638 2447 1862 2492 meridiem
1917 2462 2058 2502 usque

1252 2507 1384 2548 fixum
1443 2506 1807 2559 immutatumque
1864 2507 2055 2558 stetisse,

1251 2576 1389 2617 eoque
1420 2564 1515 2618 ipso
1547 2570 1768 2618 tempore,
1799 2576 1886 2617 quo
1917 2562 2056 2605 adhuc

1251 2621 1446 2669 steterit,
1479 2622 1532 2662 ab
1565 2620 1802 2662 hominibus
1833 2634 1931 2662 esse
1960 2620 2055 2661 ani·

1251 2678 1542 2721 madversum.
1585 2678 1745 2732 Cratyi.
1785 2689 1827 2729 p.
1858 2675 1957 2721 399.
1992 2677 2051 2718 Ct

1249 2732 1343 2786 ἅμα
1381 2733 1553 2788 ἑώρακε,
1594 2734 1665 2774 καὶ
1702 2732 1908 2787 ἀναθρεῖ.
1959 2734 2052 2776 Ειι-

1251 2789 1440 2843 thydem.
1473 2804 1514 2844 p
1532 2789 1633 2834 273.
1663 2791 1719 2832 A:
1753 2789 1874 2832 οὔπω
1901 2811 1953 2819 --
1979 2805 2055 2832 πε-

1251 2846 1563 2902 ριεληλυθότες
1593 2847 1740 2901 ἤστην,
1774 2847 1847 2888 καὶ
1875 2848 2054 2904 εὶςέρχε-

1250 2920 1338 2948 ται.
1385 2904 1607 2947 Phaedon.
1650 2919 1690 2959 Ρ.
1726 2904 1820 2950 118-
1853 2906 1914 2946 A:
1972 2905 2053 2958 ἤδη

1250 2967 1329 3002 ουν
1361 2962 1513 3014 σχεδόν
1543 2979 1588 3003 τι
1617 2960 1760 3003 αυτοῦ
1791 2957 1846 3015 ἧν
1873 2960 1927 3002 τὰ
1953 2965 2053 3017 περὶ

1250 3018 1300 3059 τὰ
1337 3034 1470 3075 ηιρον
1500 3018 1744 3074 ψυχόμενα,
1773 3020 1847 3060 καὶ
1875 3019 2052 3061 ἐκκαλυ-

1251 3074 1559 3130 ψάμενος-εἶ
1545 3092 1653 3118 tm
1690 3075 1931 3130 Xenoph.
1965 3076 2051 3130 Cy-

1247 3134 1771 3195 rop.ll.1‚10:um*.
1813 3131 1966 3187 σχεδόν
2002 3148 2048 3174 τε

1247 3191 1401 3245 ἕτοιμα
1450 3187 1525 3244 ἧν,
1569 3191 1640 3231 καὶ
1679 3196 1761 3232 τῶν
1787 3191 1968 3244 Περσῶν
2007 3191 2050 3231 οι

1249 3248 1465 3303 ὁμότιμοι
1496 3254 1707 3309 παρῆσαν.
1741 3248 1929 3292 AnabaS.
1950 3249 1982 3290 Ι.
2001 3247 2046 3299 8,

1247 3306 1299 3351 8:
1340 3306 1413 3346 καὶ
1443 3306 1522 3359 ἤδη
1552 3306 1595 3347 τ’
1631 3311 1682 3357 ἡν
1709 3313 1840 3360 μέσον
1855 3303 2046 3366 ἡμέρας,

1247 3362 1319 3405 καὶ
1364 3365 1486 3407 οὔπω
1534 3368 1797 3419 καταφανεῖς
1846 3367 1955 3415 ἦσαν
2004 3363 2050 3403 οἱ
