2158 3718
263 117 369 170 140
992 115 1316 159 PLATONIS

261 254 367 326 τὴν
405 255 671 309 ἐναντίαν
706 255 959 323 γένεσιν,
999 250 1143 306 ἀλλὰ
1188 251 1364 324 ταύτῃ
1401 253 1551 323 χωλὴ
1589 256 1744 308 ἔσται
1779 255 1815 325 ἡ
1853 259 2060 326 φύσιςς.

260 339 298 410 ἢ
336 337 553 409 ἀνάγκη
592 336 909 392 ἀποδοῦναι
945 339 1022 408 τῷ
1062 333 1453 406 ἀποθνήσκειν
1492 338 1759 392 ἐναντίαν
1795 339 1922 392 τινὰ
1957 341 2053 408 γε’-

260 438 449 490 νεσιν,
489 422 729 486 Πάντως
764 421 897 490 ὂτου,
937 422 1062 491 ἔφη.
1125 423 1265 474 Τίνα
1300 421 1541 492 ταύτην,
1589 419 1664 475 Τὸ
1703 421 2058 491 ἀναβιώσκε-

263 514 420 563 σθαι.
500 504 761 574 Οὐκοῦν,
807 498 844 574 ἦ
883 502 935 557 δ’
975 501 1064 574 ὅς,
1115 508 1272 575 εἴπερ
1319 505 1437 560 ἔστι
1471 504 1535 560 τό
1575 503 2062 577 ἀναβιώσκεσθαι,

177 609 232 652 72
264 593 328 648 ἐκ
365 596 482 646 τῶν
517 589 851 645 τεθνεώτων
888 586 960 642 ἀν
998 593 1082 659 εἴη
1118 590 1338 658 γένεσις
1362 591 1441 654 εἰς
1475 589 1609 654 τούς
1646 594 1854 662 ζῶντας
1890 589 2062 662 αὕτη,

262 675 327 732 τὸ
366 675 851 745 ἀναβιώσκεσθαι;
890 672 1061 727 Πάνυ
1097 692 1179 742 γε.
1225 671 1605 743 Ὁμολογεῖται
1643 673 1752 744 ἄρα
1787 672 1923 745 ἡμῖν
1959 676 2058 729 καὶ·

262 760 440 831 ταύτῃ
485 757 619 823 τούς
664 760 874 825 ζῶντας
921 758 985 812 ἐκ
1029 761 1145 812 τῶν
1181 757 1515 813 τεθνεώτων
1549 760 1846 828 γεγονέναι
1882 757 2059 814 οὐδὲν

260 836 432 915 ἧττον
467 843 504 914 ἢ
540 842 674 907 τοὺς
709 845 1026 907 τεθνεῶτας
1064 841 1128 897 ἐκ
1164 845 1280 896 τῶν
1316 842 1558 908 ζώντων.
1609 843 1817 897 τούτου
1855 843 1918 898 δὲ
1955 841 2056 898 ὅν-

262 948 357 993 τος
407 928 607 982 ἱκανόν
655 944 768 981 που
819 926 1006 982 ἐδόκει
1049 928 1353 997 τεκμήριον
1399 922 1572 997 εἶναι,
1622 925 1708 981 ὅτι
1746 925 2065 996 ἀναγκαῖον

262 1011 361 1077 τὰς
415 1015 531 1066 τῶν
575 1010 909 1066 τεθνεώτων
956 1009 1139 1080 ψυχὰς
1184 1007 1335 1065 εἶναι’
1376 1028 1516 1081 που,
1581 1009 1721 1065 ὅθεν
1769 1009 1838 1082 δὴ
1884 1011 2062 1066 πάλιν

262 1100 582 1166 γίγνεσθαι.
660 1101 842 1150 Δοκεῖ
873 1115 994 1166 μοι,
1034 1098 1163 1165 ἔφη,
1204 1090 1250 1150 ὦ
1288 1095 1610 1167 Σώκρατες,
1651 1096 1714 1151 ἐκ
1751 1099 1868 1149 τών
1906 1094 2062 1165 ὦμο-

264 1181 594 1252 λογημένων
631 1177 943 1250 ἀναγκαῖον
980 1177 1160 1243 οὕτως
1198 1181 1364 1248 ἔχειν.

411 1312 525 1376 Cap.
566 1311 712 1362 XVII.
782 1305 888 1360 Ἰδὲ
933 1308 1131 1359 τοίνυν
1179 1303 1388 1374 οὕτως,
1438 1308 1576 1376 ἔφη,
1626 1300 1673 1360 ὦ
1709 1309 1920 1376 Κέβης,
1970 1306 2061 1360 ὅτι

209 1384 233 1444 f
267 1389 395 1448 οὐδ’
436 1389 644 1454 ἀδίκως
691 1387 1158 1461 ὡμολογήκαμεν,
1208 1387 1284 1454 ὥς
1332 1390 1455 1460 ἐμοὶ
1493 1391 1665 1444 δοκεῖ.
1743 1391 1796 1445 εί
1836 1389 1945 1461 γὰρ
1982 1388 2059 1460 μὴ

209 1475 354 1534 Βάεὶ
400 1472 803 1544 ἀνταποδιδοίη
850 1472 918 1533 τὰ
963 1475 1126 1544 ἕτερα
1170 1483 1288 1538 τοῖς
1333 1473 1540 1545 ἑτέροις
1575 1474 1913 1546 γιγνόμενα,
1953 1472 2064 1538 ὦς-

267 1561 428 1631 περεὶ
464 1560 657 1630 κύκλῳ
693 1558 1004 1628 περιιόντα,
1044 1556 1172 1612 ἀλλ’
1212 1555 1410 1613 εὐθεῖά
1434 1580 1516 1623 τις
1543 1563 1627 1629 εἴη
1665 1558 1699 1629 ἡ
1735 1559 1955 1628 γένεσις
1994 1560 2060 1612 ἐκ

381 1748 429 1789 Ρ».
454 1749 521 1790 72.
555 1739 576 1788 ἔ
588 1739 766 1799 δόκει]
812 1745 936 1794 Quod
957 1744 1085 1799 vulgo
1109 1746 1252 1787 deerat
1273 1737 1447 1798 ἐδόκει,
1477 1746 1522 1786 id
1543 1746 1786 1786 restitutum
1808 1752 1873 1786 est
1893 1757 1916 1785 e
1936 1745 2065 1787 Bodl.

267 1805 370 1846 Vat.
393 1804 501 1844 Tub.
529 1803 636 1845 Ven.
659 1801 710 1844 Π
725 1802 856 1843 Vind.
881 1801 920 1842 Φ
942 1801 1034 1844 Par.
1057 1801 1184 1843 ACG
1202 1803 1349 1844 Ambr.
1379 1801 1492 1846 Flor.
1514 1814 1538 1842 a
1561 1802 1588 1842 d
1608 1802 1622 1841 i
1643 1814 1700 1842 m.

385 1878 527 1929 ὅθεν
558 1878 644 1939 δή]
687 1884 769 1928 δεῖ
791 1885 898 1928 Ven.
922 1884 970 1932 Ξ
992 1885 1087 1928 Par.
1113 1886 1144 1928 C
1164 1886 1276 1930 Flor.
1297 1897 1322 1926 a
1343 1886 1371 1927 d
1392 1898 1433 1926 m
1457 1891 1498 1926 et
1518 1887 1627 1930 Ven.
1651 1885 1703 1928 H
1722 1898 1775 1926 ex
1796 1897 1919 1937 corr„
1944 1885 2062 1937 quod

268 1944 515 1996 requirebat
533 1942 753 1984 Heindorf.
778 1943 855 1984 sed
874 1955 915 1986 v.
936 1954 1036 1984 ann.

383 2018 582 2080 οὕτως]
609 2028 750 2094 Vulgo
780 2027 987 2068 omissum
1017 2039 1071 2067 ex
1091 2026 1213 2069 Bodl.
1234 2028 1345 2073 Ven.
1368 2026 1420 2069 Π
1436 2027 1543 2071 Tub.
1565 2038 1765 2067 revocare
1784 2038 1870 2067 non
1892 2026 2060 2068 dubita-

267 2085 427 2126 vimus.
467 2084 656 2125 Pertinet
676 2097 824 2133 ουτως
846 2085 900 2125 ad
921 2084 1053 2124 verba
1074 2084 1310 2136 sequentia,

327 2243 360 2306 ἦ
401 2245 624 2306 ἀνάγκη
667 2245 1019 2306 ἀποδοῦναι]
1060 2252 1122 2293 Ne

270 2309 369 2376 q5uis
417 2321 514 2349 eum
535 2309 877 2374 „Hirsehigio
937 2308 1124 2361 requirat

271 2363 659 2464 ἔζῗποδουναι,
702 2365 813 2408 conf,
849 2377 950 2407 ann.
984 2365 1039 2406 ad
1077 2378 1120 2418 p.

328 2534 374 2576 P.
402 2535 469 2575 72.
523 2527 732 2576 ἴκανόν
771 2546 883 2575 που
923 2526 1122 2575 ἐδόκει

270 2583 590 2658 τεκμήριον
624 2584 797 2641 εἶναι]
822 2589 1122 2643 Imperfectum

271 2639 431 2687 ἐδόκει
453 2645 634 2685 refertur
649 2646 705 2686 ad
723 2658 784 2693 ea,
803 2658 912 2696 quae
928 2659 970 2698 p.
987 2647 1041 2686 70
1053 2645 1120 2685 CD

270 2702 324 2742 de
345 2700 425 2741 hac
447 2713 492 2740 re
514 2701 733 2754 disputata
749 2708 859 2749 sunt,
881 2701 933 2740 de
954 2712 1037 2750 qua
1058 2700 1121 2740 lo·

271 2757 430 2807 quendi
458 2756 621 2796 ratione
651 2769 692 2796 v.
724 2769 823 2797 ann
853 2757 909 2797 ad
929 2769 970 2809 p.
995 2758 1048 2797 79
1072 2755 1117 2799 C.

269 2812 433 2853 Deinde
460 2823 536 2865 pro
565 2803 689 2854 ὅθεν
710 2805 771 2866 δὴ
794 2805 942 2853 πάλιν
964 2811 1118 2865 γίγνε-

271 2867 394 2909 σθαι
450 2868 581 2931 quod
607 2869 787 2908 coniecit
846 2867 1079 2908 Heindoi
1088 2867 1118 2911 f.

269 2915 394 2966 ὅθεν
416 2921 496 2965 δεῖ
513 2916 659 2965 πάλιν
682 2923 956 2988 γίγνεσθαι,
974 2924 1019 2964 id
1041 2925 1119 2964 etsi

267 2981 312 3021 in
354 2979 515 3032 aliquot
555 2980 677 3023 codd.
712 2981 917 3033 scriptum
948 2980 1117 3033 legitm,

268 3046 409 3078 tamen
426 3035 737 3090 repudiandum
755 3049 995 3080 censemus,
1024 3037 1119 3076 Ete-

269 3093 358 3134 nim
400 3104 497 3133 eum
538 3092 665 3133 etiam
694 3091 800 3132 haec
829 3093 869 3132 in
903 3094 1121 3146 superiore

270 3149 561 3203 disputatione
581 3155 908 3191 commemorata
926 3150 1023 3199 sint,
1044 3162 1120 3189 ne-

270 3205 457 3247 cessario
481 3206 669 3247 oratione
698 3205 868 3258 obliqua
891 3207 1114 3246 enuntian-

271 3263 327 3303 da
346 3261 531 3303 suerunt.
574 3261 692 3303 Solet
718 3270 858 3303 autem
880 3261 1115 3303 infinitivus

268 3324 369 3373 post
395 3318 575 3359 relativa
602 3320 816 3373 usurpari,
846 3319 918 3359 ubi
937 3318 1049 3358 idem
1071 3331 1116 3358 re

269 3387 347 3429 per
367 3375 700 3416 demonstrativa
718 3387 920 3429 expressa
941 3375 1117 3426 requiri-

269 3440 351 3476 tur.
396 3430 518 3481 Quod
546 3432 717 3484 quidem
757 3433 801 3472 in
827 3431 941 3472 hune
977 3432 1115 3472 locum

1211 2252 1340 2293 eadit.
1382 2252 1490 2294 Nam
1518 2252 1593 2293 ubi
1618 2264 1694 2304 pro
1734 2242 1858 2293 οθεν
1889 2244 1953 2303 δή
1980 2263 2059 2304 po·

1210 2310 1346 2350 sueris
1385 2306 1468 2350 καὶ
1510 2301 1704 2355 ἐκεῖθεν
1735 2301 1815 2361 δή,
1852 2307 2060 2348 infinitivo

1211 2377 1319 2418 opus
1342 2378 1437 2406 esse
1458 2365 1636 2408 videbis.
1683 2364 1747 2407 cf.
1770 2364 1902 2417 Legg.
1926 2363 1981 2406 X.
2005 2375 2056 2417 p

1209 2421 1384 2463 889AE
1409 2427 1449 2461 et
1471 2433 1580 2473 quae
1600 2420 2060 2473 conegitDobraeus

1209 2478 1263 2518 ad
1303 2478 1434 2519 Arist.
1474 2477 1584 2521 Plut.
1628 2478 1736 2518 1112
1777 2489 1820 2530 p.
1861 2477 1944 2518 200
1992 2476 2061 2517 ed.

1213 2533 1331 2587 Lips.

1268 2635 1651 2697 Cap.XV11.6'u
1681 2635 1810 2686 οὐδ’
1839 2635 2062 2692 ἀδίκως

1208 2693 1696 2766 ωμολονήκαμΗεν]
1714 2699 1758 2742 h.
1783 2712 1819 2742 e.
1854 2708 2058 2740 nonte-

1206 2768 1366 2807 mere,
1411 2768 1508 2795 non
1539 2756 1758 2805 iniuria,
1800 2767 1897 2796 non
1943 2757 2059 2796 sine

1206 2824 1383 2855 eausa.
1444 2812 1605 2852 Eodem
1646 2812 1775 2853 modo
1817 2813 1944 2852 etiam
1987 2810 2059 2853 δι-

1205 2866 1354 2916 καίως
1377 2864 1533 2921 λέγειν
1563 2875 1628 2908 est
1654 2874 1823 2920 recte,
1848 2866 1946 2908 noi]
1979 2875 2058 2908 te-

1207 2936 1343 2964 mere
1371 2924 1549 2989 ἀίοειρ
1577 2937 1621 2978 p.
1645 2924 1773 2976 730,
1807 2935 1883 2989 pro
1907 2936 2057 2977 quop

1206 2981 1260 3022 75
1279 2981 1315 3021 Ε
1335 2980 1486 3020 dicitur
1506 2972 1682 3035 ὀρθῶς.
1723 2981 1825 3021 Mox
1847 2972 2058 3021 ἀνταπο-

1208 3035 1385 3079 δοῦναι
1404 3038 1593 3101 positum
1611 3044 1675 3078 est
1695 3036 1979 3088 intransitive,
2004 3036 2057 3077 de

1207 3106 1290 3145 quo
1331 3107 1414 3134 usu
1454 3106 1494 3136 v.
1507 3089 1703 3147 ‘Viger
1735 3106 1778 3147 p.
1811 3093 1906 3135 186.
1949 3092 2057 3133 Nam

1207 3149 1552 3191 sensushiee'st.
1573 3163 1619 3191 si
1640 3162 1724 3190 res
1746 3149 2057 3189 contrariae

1203 3207 1308 3247 sibi
1332 3218 1430 3246 non
1460 3207 1535 3247 ita
1562 3205 1975 3260 responderent,
2000 3212 2058 3244 ut

1201 3268 1384 3303 mutua
1425 3269 1568 3303 esset
1597 3274 1770 3303 earum
1799 3262 1971 3314 orig0;
2009 3260 2056 3301 si

1202 3320 1481 3373 generatio
1518 3331 1616 3359 non
1651 3318 1756 3358 nisi
1791 3325 1936 3357 recta
1967 3329 2055 3357 es-

1203 3384 1284 3416 set
1324 3383 1372 3415 et
1411 3375 1663 3429 simplex,
1706 3380 1763 3414 ut
1802 3373 1988 3413 mortis
2033 3384 2057 3412 e

1203 3432 1334 3482 vita,
1358 3432 1660 3483 moriundo,
1684 3442 1784 3471 non
1815 3435 2015 3472 contra.
