2158 3718
756 143 836 181 AD
868 142 1232 185 ‚sYMPQSIUM
1685 146 1834 184 XLIII

161 266 372 327 modum
407 268 670 339 neglexit?
706 267 894 337 Itaque
929 268 1098 326 nobis,
1114 268 1328 338 quidem
1359 270 1516 340 longe
1543 278 1623 323 est
1646 271 1832 324 verisi-

163 337 438 397 minimum
459 339 693 413 oratione
708 337 1049 408 Eryximachi
1066 338 1304 409 Hippiae
1325 339 1579 394 rationem
1597 358 1660 393 ao
1678 340 1836 395 disci-

159 408 358 478 plinam
382 409 592 479 oblique
617 409 761 478 carpi
793 419 847 468 et
869 411 1056 477 notari,
1093 410 1536 480 quemadmodum
1560 411 1716 463 etiam
1742 430 1832 463 su-

159 479 455 549 periorinus
490 479 815 536 orationibus
854 481 1018 537 simile
1053 481 1304 550 quiddam
1339 481 1455 536 fieri
1479 481 1830 535 meminimus.

230 547 483 618 Sequitur
515 549 699 607 ordine
735 551 982 622 deinceps
1018 551 1606 623 AristophanisoratiO.
1656 550 1834 619 Quem

157 619 559 691 quidem5Plato
607 639 714 674 non
758 631 818 674 ut
863 622 1170 694 disciplinae
1204 623 1423 681 alicuius
1449 631 1835 679 assectatorem

155 690 478 755 informavit,
526 691 620 745 sed
655 692 958 761 loquentem
992 693 1201 747 induxit
1234 702 1295 747 ut
1330 693 1587 750 comicum
1622 702 1836 764 poetam

157 760 390 815 facetum
446 770 498 814 et
549 763 899 834 ingeniosum.
974 762 1331 831 Quamobrem
1379 765 1536 817 etiam
1580 783 1836 835 perquam

155 839 279 902 apte
313 831 389 885 ita
425 840 507 885 est
539 833 853 899 institutum,
890 843 949 891 ut
982 835 1353 906 Aristophanis
1388 835 1555 889 oratio
1587 836 1726 888 inter
1751 854 1835 890 se-

147 908 302 1024 ptem
345 903 622 968 orationeS,
667 922 803 974 quae
849 905 904 960 in
946 901 1233 976 Symposio
1275 904 1554 970 habentur,
1603 905 1838 961 medium

176 991 332 1029 ocum
368 982 564 1039 teneat,
612 975 810 1046 quippe
843 993 977 1045 quae
1003 979 1119 1033 ¹una
1152 977 1328 1033 valeat
1363 977 1433 1030 ad
1469 976 1839 1031 exhilarandos

154 1044 433 1108 convivae,
460 1063 644 1113 “quum
689 1046 924 1115 reliquae
972 1065 1153 1104 omnes
1199 1046 1322 1102 serii
1365 1047 1668 1118 argumenti
1715 1047 1835 1100 sint.

154 1113 212 1167 Is
248 1133 372 1172 vero
398 1115 806 1185 disputationem
840 1135 908 1172 ex
928 1116 1222 1186 patentiore
1245 1117 1337 1171 illo
1360 1135 1563 1187 camp0‚
1598 1118 1656 1170 in
1679 1135 1838 1186 quem

153 1202 271 1238 eam
305 1183 696 1254 Eryximachus
740 1186 1011 1251 eduxerat,
1057 1205 1244 1241 rursus
1289 1197 1505 1241 revocat
1538 1187 1607 1240 ad
1644 1206 1838 1258 gyrum

153 1255 534 1327 angustiorem,
556 1256 980 1326 quandoquidem
1017 1256 1084 1311 de
1119 1257 1266 1313 vario
1302 1276 1496 1322 amore,
1533 1276 1640 1312 non
1673 1258 1729 1311 in
1752 1277 1836 1311 re-

153 1344 277 1384 rum¹
306 1334 510 1392 natura,
550 1327 645 1380 sed
679 1327 818 1382 inter
851 1328 1090 1386 homines
1126 1337 1383 1411 regnante
1419 1328 1666 1400 disputat.
1719 1328 1836 1384 De-

152 1397 316 1455 clarat
350 1416 477 1452 vero
510 1397 757 1468 primum,
796 1398 888 1468 qui
913 1399 1031 1464 fiat,
1069 1407 1145 1451 ut.
1164 1400 1264 1453 v1ri
1295 1398 1454 1464 viros,
1492 1400 1716 1454 feminae
1753 1400 1836 1453 fe-

153 1467 340 1531 minas,
390 1468 619 1538 denique
662 1469 764 1522 viri
799 1470 1024 1531 feminas
1060 1488 1123 1522 ac
1158 1470 1392 1528 vicissim
1427 1480 1620 1534 amen-t,
1669 1489 1838 1539 quan-

153 1537 440 1607 doquidem
486 1558 593 1594 non
634 1540 789 1594 modo
824 1540 1063 1598 homines
1100 1540 1296 1600 diversi
1335 1560 1511 1606 sexuS‚
1550 1541 1645 1596 sed
1681 1542 1839 1594 etiam

153 1608 393 1668 homines
429 1609 667 1666 eiusdem
703 1611 912 1682 generis
947 1611 1097 1668 inter·
1122 1631 1180 1666 se·
1201 1631 1378 1667 amare
1404 1612 1620 1666 soleant.
1665 1610 1838 1666 Cuius

152 1679 232 1737 rei
267 1698 499 1744 caussas,
544 1681 590 1734 si
625 1700 810 1735 verum
844 1682 1166 1752 quaerimus,
1218 1684 1389 1755 magis
1423 1683 1644 1737 ridicule
1679 1701 1839 1752 quam

152 1769 282 1807 verev
323 1751 576 1821 explicat,
628 1761 690 1804 ut
737 1752 1041 1823 disputatio,
1074 1753 1188 1806 eius
1234 1755 1303 1809 ad
1344 1773 1457 1808 rem
1511 1754 1838 1824 propositam

151 1820 520 1894 illustrandam
562 1824 945 1894 propemodum
988 1823 1118 1879 nihil
1154 1826 1451 1878 conducere
1488 1823 1841 1894 existimanda

150 1891 236 1946 sit.
273 1891 391 1945 Nisi
425 1894 578 1949 forte·
596 1894 828 1950 comicus
865 1894 1063 1949 comice
1100 1895 1376 1949 exornavit
1409 1894 1662 1966 placitum
1695 1893 1837 1947 Em-

150 1962 478 2089 pedocliS,
517 1965 608 2033 qui
645 1973 782 2018 teste
814 1965 1195 2020 Aristotele
1228 1965 1322 2019 De.
1354 1977 1588 2048 generat.
1625 1965 1835 2018 animal.

183 2073 195 2088 .
237 2035 319 2087 18.
369 2035 638 2089 statuebat
683 2055 864 2091 semen
909 2036 1213 2093 animalium
1267 2045 1479 2105 utr1que
1527 2035 1680 2090 sexui
1723 2054 1838 2089 esse

151 2122 445 2168 commune,
499 2115 559 2159 ut
602 2124 707 2160 non
745 2115 913 2160 totum
949 2107 1015 2164 ab
1052 2108 1303 2162 alterutro
1340 2107 1603 2178 proficisci
1648 2115 1837 2177 putare

151 2174 350 2239 liceret,
386 2176 614 2244 ideoque
649 2177 783 2230 illud
820 2178 1155 2248 comparabat
1191 2198 1312 2233 cum
1346 2186 1546 2232 tessera
1568 2177 1835 2246 hospitali,

151 2262 311 2313 quam
355 2254 559 2300 constat
606 2245 674 2299 ab
718 2247 1013 2317 hospitibus
1059 2249 1115 2303 in
1149 2249 1304 2304 binas
1339 2258 1519 2318 partes
1557 2248 1838 2300 dissectam

152 2315 335 2380 fuisse,
373 2324 431 2369 ut
467 2325 691 2385 uterque
728 2316 1004 2383 dimidium
1041 2319 1155 2372 eius
1180 2319 1458 2388 acciperet.
1501 2316 1837 2386 Quamquam

149 2387 294 2440 istud
340 2387 552 2455 quidem
599 2388 656 2440 in
702 2406 867 2440 unum
914 2388 1203 2458 ἀνδρόγυνον
1240 2388 1616 2460 Aristophanis
1661 2406 1836 2460 genus

150 2459 422 2521 convenit,
469 2458 526 2513 in
582 2458 786 2528 reliqua
829 2477 1026 2530 genera
1059 2478 1164 2513 non
1201 2459 1461 2523 convenit,
1505 2467 1565 2513 ut
1599 2459 1837 2528 profecto

155 2528 389 2598 suspicio
424 2529 516 2583 illa
548 2529 763 2586 minime
800 2530 869 2583 sit
902 2529 1222 2589 verisimilis.
1278 2527 1390 2583 Sed
1425 2538 1546 2584 utut
1580 2529 1680 2583 hoc
1719 2548 1836 2583 sese

150 2598 328 2664 habet,
365 2599 610 2654 nolumus
646 2600 784 2653 enim
807 2620 919 2653 rem
942 2600 1246 2664 decernere,
1285 2601 1417 2655 illud
1439 2600 1653 2669 quidem
1679 2618 1834 2669 aper-

152 2678 266 2725 tum
301 2678 400 2734 est,
438 2670 695 2728 comicum
714 2671 861 2727 :varii
885 2671 1076 2728 amoris
1100 2680 1276 2726 ortum
1298 2672 1471 2724 minus
1494 2670 1836 2740 probabiliter

148 2741 517 2806 declaravisse,
567 2750 628 2796 ut
673 2741 773 2795 hac
806 2742 862 2795 in
999 2751 1053 2797 te-
1085 2741 1470 2813 propemodum
1507 2759 1719 2794 scurrae
1754 2741 1833 2795 fe-

149 2811 384 2869 stivitate
416 2831 545 2869 usus
581 2812 842 2870 videatur.
879 2761 995 2869 gii:-
1019 2831 1147 2868 vero
1182 2831 1289 2866 non
1328 2812 1440 2867 sine
1477 2811 1717 2883 specioso
1751 2811 1833 2864 fa-

151 2882 420 2947 cetiarum
442 2883 623 2953 lepore
649 2884 922 2954 expositis,
948 2902 1189 2939 caussam
1223 2883 1416 2939 amoris
1451 2883 1507 2935 in
1543 2901 1703 2936 sensu
1737 2900 1831 2934 na-

155 2949 342 3005 tui-alis*
370 2953 696 3024 indigentiae
730 2954 904 3011 inesse
941 2953 1225 3018 contendit,
1263 2973 1368 3023 quo
1404 2954 1480 3007 ita
1513 2953 1623 3017 fiat,
1656 2961 1716 3005 ut
1751 2951 1832 3004 sui

149 3021 379 3090 quisque
425 3022 629 3077 dimidii
672 3024 932 3080 desiderio
978 3043 1147 3095 usque
1194 3023 1653 3080 vehementissime
1690 3041 1830 3077 com-

151 3100 442 3147 moveatur.
482 3091 636 3159 Quae
675 3096 930 3153 sententia
965 3095 1100 3147 infra
1133 3113 1166 3148 a
1190 3092 1411 3150 Socrate
1483 3134 1496 3148 .
1522 3095 1640 3148 205.
1666 3092 1735 3144 D.
1761 3090 1830 3143 E.

153 3163 274 3219 ideo
313 3163 666 3218 subsannatur
699 3174 752 3222 et
787 3165 1207 3235 reprehenditur,
1258 3167 1382 3236 quia
1418 3185 1449 3220 a
1470 3175 1637 3218 terum
1674 3161 1828 3215 dimi-

151 3234 316 3299 dium,
355 3235 497 3304 quod
523 3235 865 3300 desideretur,
899 3234 1055 3293 etiam
1079 3237 1203 3293 mali
1228 3237 1480 3306 quiddam
1506 3253 1621 3287 esse
1645 3232 1828 3303 possit.

152 3302 339 3376 Neque
375 3306 607 3377 profecto
643 3305 848 3373 iniuria.
904 3305 1164 3365 Nimirum
1208 3309 1363 3380 longe
1400 3305 1636 3377 profecto
1671 3322 1826 3375 prae-
