2158 3718
309 191 377 242 14
939 188 1368 246 PLATONIS‘

290 333 618 408 ἀὐτόματοι
660 336 899 409 ἀγαθοί.
970 334 1213 409 Ὅμηρος
1265 341 1368 410 μὲν
1411 335 1522 412 γὰρ
1576 336 1872 395 κινδυνεύει
1919 337 1987 396 οὐ

305 417 483 492 μόνον
525 424 889 498 διαφθεῖραι,
932 419 1078 476 ἀλλὰ
1119 424 1212 477 καὶ
1248 420 1472 497 ὑβρίσαι
1513 430 1588 489 εἰς
1629 422 1842 492 ταύτην
1882 420 1990 492 τὴν

290 508 635 580 παροιμίαν.
678 504 915 573 ποιήσας
953 501 1082 579 γὰρ
1127 502 1226 560 τὸν
1263 504 1646 580 Ἀγαμέμνονα
1690 505 1990 583 διαφερόν-

309 611 415 655 τως
458 586 695 661 ἀγαθὸν
735 587 915 662 ἄνδρα
975 585 1046 644 τὰ
1091 587 1386 662 πολεμικοί,
1439 589 1540 648 τὸν
1597 595 1653 648 δὲ
1700 594 1989 648 Μενέλεων

307 671 614 746 μαλθακὸν
658 671 959 744 αἰχμητήν,
1003 675 1219 728 θυσίαν
1261 683 1594 748 ποιουμένου
1638 680 1732 732 καὶ
1769 679 1992 732 ἑστιῶν-

307 779 401 821 τος
443 759 544 812 τοῦ
582 755 994 830 Ἀγαμέμνονος
1034 753 1278 826 ἄκλητον
1319 763 1571 827 ἐποίησεν
1597 758 1848 816 ἐλθόντα
1887 758 1990 817 τὸν

305 845 592 897 Μενέλεων
634 844 722 897 ἐπὶ
764 838 870 908 τὴν
912 845 1155 909 θοίνην,
1204 846 1364 915 χείρω
1422 839 1559 899 ὄντα
1605 846 1693 899 ἐπὶ
1735 842 1839 912 τὴν
1882 846 1987 901 τοῦ

301 925 611 996 ἀμείνονος.
700 923 877 981 Ταῦτ’
927 923 1175 991 ακούσας
1216 932 1385 983 εἰπεῖν
1428 932 1566 1004 ἔφη,
1607 925 1764 993 Ἴσως
1800 932 1990 999 μέντοι

305 1006 630 1064 κινδυνεύσω
673 1013 766 1064 καὶ
809 1006 908 1079 ἐμὲ
956 1008 1056 1081 οὐχ
1099 1008 1172 1076 ὡς
1221 1007 1287 1066 σὺ
1331 1014 1528 1081 λέγεις,
1584 1003 1624 1066 ὦ
1675 1009 1988 1084 Σώκρατες,

306 1091 452 1148 ἀλλὰ
484 1091 631 1149 καθ’
657 1091 909 1168 Ὅμηρον
942 1097 1159 1170 φαῦλος
1186 1091 1263 1150 ὢν
1292 1098 1380 1150 ἐπὶ
1405 1100 1588 1173 σοφοῦ
1615 1094 1821 1166 ἀνδρός
1846 1101 1987 1151 ἰέναι

307 1181 519 1246 θοίνην
572 1172 828 1246 ἄκλητος.
888 1170 980 1251 ἆρ’
1050 1199 1151 1236 ουν
1207 1175 1359 1250 ἄγων
1411 1185 1477 1253 μέ
1519 1202 1574 1236 τι
1614 1179 1987 1252 ἀπολογήσει,·

424 1401 476 1443 C.
534 1396 635 1451 οὔχ
664 1397 727 1448 ὥς
756 1396 812 1440 σὺ
854 1397 1101 1454 λέγεις]“
1086 1395 1111 1440 ὀ
1146 1396 1194 1440 οὗ
1231 1399 1267 1443 λ.
1276 1400 1402 1449 P.ar
1433 1399 1527 1442 DK.
1560 1401 1660 1443 vat.
1689 1415 1732 1456 p.

421 1459 475 1500 D.
531 1452 626 1511 ἄρ’·
653 1453 748 1498 οὗν
784 1455 921 1510 o'e'ywa
957 1459 1022 1511 μέ
1047 1473 1097 1498 τι
1127 1456 1224 1512 dm]
1265 1458 1507 1500 Creuzerus
1539 1458 1592 1500 ad
1623 1459 1781 1501 Plotin
1815 1472 1859 1513 p.
1886 1458 1989 1504 318.

310 1515 419 1557 coni.
450 1514 642 1569 ἆγαγων,
675 1514 751 1556 sed
786 1526 823 1555 v.
854 1527 943 1556 ann.
1010 1515 1107 1567 lpse
1145 1515 1208 1556 vir
1245 1515 1444 1569 egregius
1475 1516 1728 1558 sententiam
1763 1529 1884 1559 suam
1916 1530 1987 1560 re·-

309 1574 512 1615 tractavit
550 1573 591 1613 in
631 1572 862 1614 Annalibus
903 1572 1037 1613 Liter.
1079 1572 1423 1614 Vindobonenss.
1463 1573 1515 1615 N.
1553 1566 1621 1619 56
1664 1587 1706 1628 p.
1753 1573 1846 1619 135.
1888 1575 1986 1617 anni

309 1629 436 1673 1831.
501 1629 619 1685 ἄγων
638 1634 732 1741 pest
769 1641 911 1671 wenn
955 1629 1019 1671 du
1062 1629 1198 1671 mich
1237 1629 1565 1691 mitbringst.
1632 1630 1844 1686 Exempla
1883 1632 1985 1674 dedi

304 1687 358 1729 ad
391 1687 605 1730 Charmid.
671 1686 810 1730 .153.
845 1686 895 1727 C.
930 1687 1075 1728 Astius
1106 1688 1217 1729 coni.
1243 1682 1340 1743 A‘
1373 1691 1452 1728 οὐν
1479 1688 1596 1743 ἄγων
1623 1699 1676 1743 με
1706 1691 1749 1730 τί
1777 1688 1851 1734 ἀπ.
1891 1690 1982 1732 Sed

307 1744 467 1799 duplex
497 1701 779 1797 ἱιιῑειιο3οῐίο
807 1743 861 1784 ab
893 1742 932 1785 h.
967 1746 992 1786 l
1027 1745 1166 1786 aliena
1197 1750 1275 1786 est.
1302 1705 1427 1786 &Pro
1458 1744 1708 1815 ἀπολογήσῃ
1739 1745 1864 1789 Bodl.
1884 1747 1983 1800 vat,

303 1801 357 1842 A.
404 1802 474 1857 (ut
515 1802 691 1844 Bastius
730 1800 916 1856 notavit)
960 1803 1069 1855 Ang.
1110 1815 1164 1844 w.
1197 1803 1301 1844 Ven.
1335 1808 1366 1844 t
1390 1801 1676 1856 ἅπολογήσει,
1705 1816 1814 1858 quae
1843 1804 1984 1847 forma

304 1859 484 1902 dubium
515 1873 600 1901 non
631 1863 698 1901 est
727 1859 825 1912 quin
858 1835 1054 1900 Platonie
1060 1859 1219 1913 ubique
1246 1859 1463 1901 reddenda
1494 1862 1561 1902 sit.
1621 1864 1667 1904 In
1699 1861 1778 1903 hoc
1809 1862 1982 1915 quidem

303 1917 412 1959 libro
443 1918 584 1960 nullus
615 1921 683 1958 est
713 1917 858 1969 locus,
898 1916 939 1957 in
979 1929 1063 1969 quo
1105 1930 1188 1958 non
1219 1918 1380 1970 aliquot
1408 1917 1534 1960 codd.
1565 1919 1910 1962 terminationem
1940 1920 1983 1961 in

299 1973 340 2017 ἓῖ
371 1973 743 2026 conservaverint,
781 1986 820 2016 v.
851 1987 896 2027 p.
942 1973 1036 2017 172.
1071 1975 1120 2016 C.
1158 1974 1250 2019 175.
1278 1980 1330 2017 A.
1367 1974 1462 2019 194.
1493 1976 1547 2019 Β.
1581 1975 1681 2022 207.
1703 1977 1765 2018 Ὀ.
1796 1975 1897 2023 212.
1929 1979 1982 2020 Α.

299 2031 395 2078 218.
433 2033 482 2076 Ο.
514 2032 568 2075 Ε.
598 2030 695 2076 219.
731 2032 784 2073 Α.
815 2029 916 2077 220.
947 2031 1003 2076 Ε.
1701 2079 1703 2081 .

1186 2174 1392 2230 telligitur
1421 2187 1521 2217 non
1550 2174 1836 2219 invitatus.
1883 2175 1985 2219 Μο-

1184 2235 1246 2276 ris
1275 2238 1421 2275 autem
1453 2232 1585 2276 fuisse
1621 2237 1666 2276 et
1694 2232 1807 2287 apud
1839 2233 1990 2277 Grae-

1185 2305 1262 2333 cos
1302 2295 1346 2333 et
1383 2290 1496 2346 apud
1536 2290 1788 2343 Romanos,
1825 2295 1874 2333 ut
1909 2291 1983 2345 qui

1184 2348 1366 2403 benigne
1424 2347 1596 2393 invitati
1632 2353 1803 2400 essent,
1849 2349 1983 2392 etiam

1184 2407 1315 2458 alios,
1353 2418 1440 2448 ιιοιι
1476 2411 1682 2457 vocatos,
1726 2418 1875 2449 secum
1906 2406 1984 2448 ad·-

1185 2463 1415 2517 ducereut‚
1474 2475 1584 2516 quos
1629 2463 1833 2513 dixerunt
1878 2476 1984 2506 um-

1178 2522 1329 2573 braS,
1379 2533 1621 2575 cognoscas
1679 2533 1734 2563 ex
1788 2520 1983 2564 Horat.

358 2173 414 2217 D.
489 2166 573 2228 αρ’
620 2169 718 2216 οὖν
760 2173 899 2229 ἄγων
941 2177 1008 2230 μέ
1048 2191 1102 2218 τι.

298 2229 326 2273 α’
339 2247 369 2274 π
382 2246 405 2272 ο
416 2230 546 2287 λογ’
520 2248 542 2284 η
557 2246 609 2273 σε
620 2231 659 2287 ι]
754 2230 1103 2287 Ἀπολογεῖσθαί

299 2306 345 2330 τι
388 2292 458 2331 est
506 2289 723 2343 aliquid
769 2303 866 2345 pro
920 2304 976 2333 se
1025 2291 1101 2334 af&

298 2347 448 2390 ferre
504 2345 851 2458 depfendendi
913 2361 1097 2391 causa.

296 2403 522 2448 Phaedon.
649 2403 718 2449 69.
751 2405 813 2448 D.
855 2405 986 2447 ταῦτ’
1020 2400 1100 2447 οὖν

297 2460 375 2516 ἐγὼ
394 2485 451 2493 --
472 2460 795 2517 ἀπολογοῦμαι,
827 2461 957 2506 haec
989 2463 1004 2505 ἰ
1019 2465 1099 2518 gi-

298 2526 390 2561 tur
436 2531 534 2573 pro
574 2533 685 2562 mse
705 2519 897 2562 affero.
973 2524 1094 2590 Apo-

293 2578 383 2631 log.
411 2589 452 2630 p
477 2575 546 2619 34.
580 2576 641 2618 Β·
675 2573 702 2616 ἆ
731 2580 808 2632 μὲν
835 2576 928 2648 ἐγὼ
945 2572 1093 2634 ἔχοιμ’

291 2633 344 2672 ἂν
393 2632 597 2686 duotore.
583 2637 736 2685 σθαι,
798 2633 954 2686 σχεδόν
1002 2637 1094 2676 ἔστι

293 2693 450 2730 ταῦτα.
520 2690 670 2743 ltaque
724 2691 855 2732 verba
893 2692 936 2733 in
982 2691 1093 2733 hunc

295 2745 476 2788 modum
518 2747 769 2801 accipienda
809 2752 927 2789 sunt.
968 2759 1093 2801 'num

295 2803 468 2857 igitur
511 2815 588 2844 me
628 2803 902 2845 adducens
943 2810 1093 2858 pote-

294 2861 367 2902 ris
417 2872 510 2913 pro
557 2864 610 2901 te
655 2861 887 2914 aliquam
930 2860 1092 2903 affer-

295 2930 352 2960 re
382 2916 810 2969 defensionem&
849 2930 936 2971 quo
975 2918 1090 2960 acili-

298 2979 371 3018 cet
397 2973 566 3016 veniam
605 2974 833 3028 impetra,
873 2975 992 3028 quod
1023 2989 1092 3018 me

297 3031 510 3074 ultro‘ad
556 3033 797 3073 convivium
844 3032 1089 3076 adduxeris,

300 3090 439 3132 Secus
472 3090 627 3131 'locum
673 3089 977 3142 interpretatus
1025 3095 1093 3132 est

295 3146 654 3199 Hommelius,
683 3147 858 3188 mirifice
890 3148 1018 3190 etiam
1048 3149 1091 3189 in

299 3217 352 3246 eo
380 3216 551 3256 errans,
578 3203 696 3257 'quod
727 3218 795 3256 τι,
825 3203 1090 3248 indefinitum

297 3270 554 3314 pronomen,
584 3273 664 3316 pro
693 3260 798 3301 ἄλλο
828 3278 874 3302 τι
905 3263 1090 3316 positum

299 3318 517 3362 iudicavit.
593 3318 795 3361 Ceterum
848 3320 990 3360 καλεῖν
1043 3325 1092 3361 ut

294 3376 394 3417 Lat.
459 3388 657 3418 vocare
704 3374 782 3418 velit
842 3376 1090 3422 invitare.

295 3433 421 3477 Unde
449 3433 657 3488 ἄκλητος,
691 3434 995 3488 invocatae,
1027 3435 1090 3478 in-

1178 2579 1274 2621 Sat.
1303 2578 1358 2621 11.
1390 2579 1443 2631 8,
1472 2577 1544 2623 22.
1575 2577 1779 2631 Epist.1.
1823 2577 1875 2630 5,
1905 2577 1981 2621 28.

1177 2636 1251 2676 ubi
1285 2648 1350 2676 Ὗ.
1415 2636 1550 2688 intpp.
1610 2640 1656 2676 et
1706 2633 1982 2678 Plutarch.

1177 2692 1419 2761 Sympos.
1462 2691 1553 2732 VlI
1594 2690 1646 2743 6,
1686 2691 1757 2744 qui
1797 2692 1980 2744 quaerit,

1177 2747 1290 2789 unde
1322 2749 1365 2788 οἱ
1394 2746 1478 2789 υπὸ
1515 2751 1598 2787 τῶν
1621 2747 1876 2802 κεκλημενων
1905 2750 1982 2790 ἐπὶ

1176 2802 1227 2844 'td
1263 2804 1439 2845 δεῖπνον
1467 2801 1674 2859 ἀγόμενοι
1700 2817 1858 2848 nomeu
1875 2805 1978 2849 illud

1176 2862 1437 2915 acceperint

1234 2917 1345 2959 2151·
1392 2935 1447 2962 τε
1494 2916 1575 2960 δύ’
1591 2950 1604 2971 ,
1666 2918 1789 2975 ἔφη,
1847 2920 1981 2977 lep]

1177 2976 1338 3018 Alludit
1367 2977 1421 3019 ad
1454 2976 1580 3019 Iliad
1604 2976 1661 3019 X.
1683 2990 1723 3018 v
1742 2976 1981 3023 22422152

1176 3048 1224 3075 τε
1255 3032 1327 3075 δύ’
1359 3035 1606 3104 ἐρχομένω,
1649 3035 1723 3075 καί
1759 3050 1806 3077 τε
1835 3034 1920 3094 πρὸ
1953 3034 1978 3078 o‘

1176 3095 1259 3132 τοῦ
1298 3090 1491 3144 ἐνόησεν,
1521 3090 1697 3141 ‘0⁷1an
1735 3092 1885 3147 κέρδος
1914 3095 1978 3151 ln,

1178 3161 1264 3202 quo
1297 3161 1399 3191 usus
1430 3155 1498 3192 est
1529 3149 1665 3192 etiarn
1676 3150 1718 3190 in
1738 3138 1974 3205 Protagor-

1177 3220 1219 3261 p.
1248 3206 1346 3251 348.
1414 3207 1610 3250 Eundem
1651 3218 1826 3249 versum
1868 3208 1977 3250 reci—

1176 3269 1240 3306 tat
1269 3265 1464 3307 Cicero
1503 3265 1558 3306 ad
1589 3264 1711 3306 Divv.
1742 3265 1819 3306 lx.
1848 3264 1891 3308 7.
1919 3262 1977 3307 ad

1177 3322 1310 3365 Attio.
1343 3322 1421 3365 lx.
1453 3321 1492 3366 6.
1526 3320 1578 3364 Ὁ
1605 3320 1703 3377 πρὸ
1743 3326 1848 3363 τοῦ·
1877 3321 1903 3363 i.
1937 3335 1976 3365 e.

1176 3378 1317 3434 ἕτερος
1346 3378 1429 3436 πρὸ
1464 3381 1630 3435 ἑτέρου.
1691 3378 1801 3420 Sunt
1829 3383 1974 3421 autem

1176 3438 1307 3480 verba
1341 3437 1582 3490 Diomedis,
1613 3436 1689 3491 qui
1719 3436 1896 3480 Nestori
1927 3450 1976 3480 se
