2158 3718
362 176 771 233 APOLOGIA
810 160 1219 231 SOCRATIS.
1274 176 1335 228 P.
1376 176 1459 228 28.
1503 174 1583 229 St.
1723 173 1817 227 109

123 329 232 381 τῶν
275 328 495 381 πολλῶν
556 322 789 396 διαβολή
836 345 890 378 τε
935 329 1025 378 καὶ
1067 321 1314 397 φθόνος.
1366 318 1421 373 >ὁὶ
1470 319 1536 387 δὴ
1565 319 1822 385 ’πολλοὺς

123 415 211 465 καὶ
256 409 461 473 ἄλλους
502 413 592 463 καὶ
635 408 900 478 ἀγαθούς
943 410 1152 478 ἄνδρας
1195 403 1408 482 ᾕρηκεν,
1457 405 1608 474 οἶμαι
1648 408 1819 459 δὲκαὶ

96 493 397 565 αἱρήσειν·
446 492 610 549 οὐδὲν
652 497 708 546 δὲ
756 491 950 555 δεινόν,
998 493 1070 562 μὴ
1114 493 1330 558 ἐν“ὲμοὶ
1378 492 1494 565 στῇ.

231 575 391 642 Ἴσως
426 577 473 631 δ’
515 574 585 631 ὀὲν
621 569 721 632 οὖν
761 577 904 631 εἴποι
931 598 1026 640 τις,
1058 573 1167 629 Εἶτ’
1218 573 1318 628 οὐκ
1344 571 1602 643 αἰσχύνει,
1625 564 1664 625 ὦ
1699 571 1822 626 Σώ-

122 683 331 734 κρατες.
361 665 620 717 τοιοῦτον
647 662 976 731 ἐπιτήδευμα
1003 657 1434 726 ἐπιτηδεύσας,ὲξ
1458 650 1524 713 οὗ
1548 655 1822 711 κινδυνεύ-

123 769 200 811 εις
227 749 348 800 νυνὶ
371 745 726 810 ἀποθανεῖνς
747 743 873 812 Ἐγώ
902 749 956 799 δὲ
983 745 1162 812 τούτῳ
1183 739 1254 796 ὀὲν
1269 746 1480 796 δίκαιον
1497 742 1662 809 λόγον
1690 739 1820 796 α’ντ-

124 837 345 898 είποιμι,
392 830 480 885 ὅτι
530 829 605 886 Οὐ
632 833 810 894 καλῶς
835 836 1015 899 λὲγεις,
1054 820 1093 881 ὦ
1136 826 1424 895 ἄνθρωπε,1
1476 832 1520 880 εἰ
1563 827 1666 882 οἴει
1711 829 1824 881 δεῖν

123 918 381 970 κίνδυνον
442 913 878 984 ὑπολογίζεσθαι
942 918 1039 967 τοῦ
1083 915 1181 978 ζῆν
1228 906 1258 977 ἢ
1306 909 1584 965 τεθνάναι
1626 908 1822 982 ἄνδρα,

125 998 260 1055 ὅτου
303 1008 356 1052 τι
391 1003 481 1053 καὶ
526 997 757 1069 σμικρὸν
800 996 999 1072 ὄφελός
1043 995 1203 1057 ἐστιν,
1248 993 1358 1048 ἀλλ’
1397 994 1496 1048 οὐκ
1524 1000 1695 1049 ἐκεῖνο
1721 993 1815 1062 μό-

124 1177 160 1203 a.
193 1164 232 1203 b.
264 1164 365 1204 Vat.
398 1161 531 1203 Coisl.
564 1175 640 1203 sex
675 1162 850 1212 Vindb.‚
884 1160 997 1201 Flor.
1040 1173 1080 1203 a.
1113 1159 1154 1198 d.
1188 1157 1226 1200 h.
1257 1158 1286 1200 i.
1310 1158 1410 1198 Par.
1443 1155 1662 1198 CDEHT.
1701 1160 1821 1212 Ang.

124 1221 176 1262 al.
213 1225 402 1262 tuentur.
463 1219 551 1261 Sed
585 1215 749 1273 ἀνδρός
777 1220 816 1260 in
849 1219 963 1260 libris
993 1217 1140 1258 multis
1171 1215 1308 1256 deest.

124 1371 360 1414 pronomen
397 1360 550 1412 τοῦτο,
594 1360 709 1413 quod
748 1360 926 1402 eandem

124 1430 213 1458 rem
247 1419 328 1458 iam
363 1417 586 1471 significat.
623 1417 808 1460 Adiecta
832 1423 929 1458 sunt

123 1481 266 1516 autem
317 1476 507 1516 oratoria
556 1475 740 1527 quadam
798 1476 927 1517 uber-

124 1538 244 1582 tate,
288 1538 334 1573 ut
375 1533 422 1573 fit
480 1533 519 1573 in
570 1534 925 1587 oppositionibus.

124 1589 292 1630 Similia
323 1589 375 1630 ad
409 1588 543 1643 Gorg.
589 1605 627 1644 p.
660 1592 760 1634 521.
796 1593 843 1630 Ι).
876 1592 926 1631 Ε.

125 1653 169 1688 et
188 1646 364 1700 Protag.
400 1647 500 1691 316.
527 1647 577 1689 C.
613 1650 924 1690 annotavimus

124 1705 174 1745 In
206 1705 414 1756 proximis
444 1705 558 1758 quod
585 1705 774 1749 Cobet.
807 1707 925 1748 Varr.

125 1762 269 1803 Leett.
302 1775 344 1815 p.
372 1762 471 1806 300.
505 1763 575 1803 καὶ
596 1769 696 1806 ante
726 1759 930 1818 ἀγαθοὺς

125 1816 288 1872 ἄνδρας
317 1819 450 1862 deleri
489 1823 600 1871 vuit,
632 1823 806 1864 minime
837 1823 927 1863 viro

126 1878 257 1919 docto
325 1879 640 1920 assentiendum
713 1885 927 1934 putamus.

123 1934 231 1977 Nam
264 1933 450 1976 πολλοὺς
476 1938 542 1977 καὶ
561 1934 727 1987 amove
759 1938 927 1980 etiam

125 1994 329 2034 multos
358 1994 525 2046 alios,
558 1996 596 2036 in
628 2009 752 2038 unam
786 1996 927 2035 notio-

125 2062 220 2091 nem
254 2056 516 2104 coaretatur,
550 2060 595 2093 ut
626 2060 744 2095 recte.
775 2053 930 2094 deinde

126 2108 513 2161 subiungatur
577 2111 645 2150 καὶ
714 2106 928 2165 ἀγαθούς,

126 2164 238 2207 conf.
273 2165 536 2207 Matthiae
577 2169 656 2209 Gr.
693 2170 730 2221 ξ.
759 2168 860 2212 444.
887 2168 928 2211 4.

126 2221 218 2264 Nec
267 2235 370 2263 vero
440 2226 694 2266 assensione
755 2226 927 2279 dignum

126 2278 241 2346 quod
291 2280 567 2333 Hirscnig.
610 2282 792 2324 fidenter
834 2286 928 2324 Pia-

127 2336 217 2379 toni
259 2337 466 2378 obtrusit.
509 2337 697 2380 πολλοὺς
734 2341 802 2381 καὶ
845 2355 926 2381 κα-

127 2391 232 2435 λοιε
262 2393 344 2434 καὶ
362 2389 426 2448 oiy.
471 2409 556 2448 quo
593 2411 670 2438 cur
700 2400 822 2440 reete
854 2413 923 2440 ca-

126 2464 315 2499 reamus,
355 2458 511 2506 sponte
541 2454 804 2509 intelligitur.

170 2504 351 2550 ουδὲ-ν
403 2507 457 2550 δὲ
495 2490 706 2561 δεινόν,
755 2510 823 2567 μὴ
875 2511 930 2553 ἐν

127 2564 248 2617 ἐμοὶ
280 2566 401 2621 στῇ]
443 2567 482 2612 h.
516 2583 552 2610 e.
597 2584 771 2624 neque
805 2585 929 2612 vero

128 2623 425 2677 periculum
461 2632 568 2678 est,
612 2642 669 2670 ne
702 2643 804 2682 ego
837 2629 929 2670 sim

127 2681 377 2734 ultimus,
419 2696 568 2735 quem
605 2686 828 2727 damnet
856 2690 930 2727 in—

128 2739 282 2780 vidia
321 2746 377 2781 et
417 2742 595 2784 odium
627 2743 933 2786 multitudi-

127 2796 233 2846 nis,
277 2802 326 2838 ut
363 2805 479 2840 recte
516 2800 821 2853 interpretatur
851 2801 933 2842 Fi-

131 2853 372 2898 scheruss.
432 2855 642 2899 Nimirum
695 2859 848 2900 mansit
894 2859 934 2899 in

128 2909 404 2964 metaphora,
456 2917 654 2966 quoniam
700 2917 937 2969 praecessit

129 2968 286 3022 αἱρεῖν,
329 2968 498 3015 dicens
540 2970 595 3026 μὴ
639 2971 686 3013 ἐν
717 2973 809 3024 ἐμοὶ
842 2974 930 3026 στῇ.
948 2976 950 2978 ’

129 3026 353 3067 Sententia
391 3029 618 3071 verborum
668 3031 800 3083 igitur
831 3031 934 3072 haec

131 3088 219 3124 est:
271 3095 371 3126 non
422 3095 505 3127 est
555 3088 934 3139 metuendum,

130 3139 433 3193 perieulum
464 3157 567 3185 non
601 3152 704 3196 est,
739 3159 800 3186 ne
828 3147 933 3187 ista

131 3197 275 3238 mala
327 3201 633 3243 calumniae
697 3209 749 3244 et
799 3203 934 3244 iuvi-

133 3255 257 3297 diae
287 3266 388 3297 non
420 3260 652 3313 amplius
683 3273 936 3314 grassen-

132 3318 244 3362 tur,
287 3313 391 3355 send
429 3315 476 3357 in
519 3330 596 3358 me
636 3318 938 3371 aliquando

132 3375 359 3412 cessent
389 3380 443 3414 et
472 3376 886 3435 conquiescant
905 3389 938 3418 s.

134 3426 346 3469 desinant.
383 3429 554 3473 Eodem
583 3431 751 3475 dicendi
781 3431 940 3485 genere

1015 1358 1124 1411 Sop
1135 1356 1266 1398 hoci-
1327 1356 1442 1398 Aine.
1494 1367 1541 1394 -ν,
1600 1354 1685 1398 198
1728 1369 1820 1408 sqq.

1014 1415 1185 1485 ἐχθρῶν
1249 1408 1294 1453 δ’
1346 1410 1536 1467 ὕβριθ-
1566 1406 1819 1465 ὁρμᾶται·

1014 1473 1105 1524 ἐμοὶ
1129 1468 1164 1512 δ’
1183 1470 1286 1524 ἄχος
1318 1470 1561 1518 ἔστακεν,
1591 1472 1659 1511 ubi
1691 1472 1824 1524 liquet

1013 1531 1187 1572 ἕστακεν
1219 1535 1396 1583 propter
1419 1535 1715 1580 antegressum
1750 1525 1822 1580 ὁρ-

1011 1591 1135 1640 μᾶιαι
1167 1588 1325 1629 dictum
1365 1600 1475 1628 esse.
1501 1586 1608 1629 lbid.
1641 1599 1679 1630 v.
1707 1587 1822 1633 950.,

1013 1649 1082 1688 ubi
1125 1648 1451 1687 Tecmessa.
1498 1638 1580 1684 οὐκ
1630 1640 1683 1683 ἂν
1727 1640 1822 1685 τάδ’

1014 1706 1142 1758 ἔστη
1176 1701 1296 1755 τῇδε,
1328 1700 1384 1757 μὴ
1417 1702 1538 1743 θεῶν
1566 1701 1686 1752 μέτα,
1718 1716 1822 1743 non

1014 1764 1144 1804 haee
1205 1764 1341 1802 maia
1402 1760 1484 1801 hic
1536 1762 1824 1801 constitis-

1017 1826 1161 1869 sent,
1196 1833 1231 1862 ε.
1254 1819 1503 1867 desiissent,
1524 1818 1826 1868 cessa-vissein,

1014 1879 1123 1924 diis
1167 1890 1268 1917 uon
1300 1876 1642 1927 iuvantibus,
1687 1877 1824 1929 respi-

1013 1937 1131 1977 ciens
1159 1935 1211 1975 ad
1238 1934 1368 1976 verba
1393 1933 1523 1975 Ghoti
1548 1939 1824 1986 antegressa:

1018 1989 1100 2034 ἀλλ’
1134 1988 1330 2045 ἀπείργοι
1360 1988 1487 2032 θεός.
1519 2014 1575 2039 -,·-
1624 1992 1687 2031 De
1718 2004 1820 2031 con-

1017 2052 1253 2092 struetione
1300 2050 1515 2091 Phaedon.
1570 2061 1610 2101 p.
1658 2047 1727 2091 84.
1770 2049 1821 2089 B.

1019 2105 1149 2150 οὐδὲν
1191 2104 1346 2156 δεινόν,
1386 2104 1442 2160 μὴ
1490 2105 1700 2158 φοβηθῇ,
1751 2107 1821 2146 ubi

1017 2181 1056 2207 v.
1088 2170 1232 2206 annot.

1073 2223 1126 2263 B.
1192 2215 1313 2262 Εἶτ’
1377 2216 1479 2261 οὐκ
1539 2217 1820 2275 αἰσχύνει]

1018 2282 1080 2321 De
1112 2274 1200 2320 εἶτα
1232 2281 1271 2319 in
1308 2278 1718 2332 interrogationibus
1762 2279 1823 2320 ita

1015 2344 1250 2391 usurpato
1297 2340 1344 2375 nt
1385 2336 1544 2376 indicet
1576 2335 1823 2378 admiratio-

1014 2409 1109 2437 nem
1171 2399 1300 2446 atque
1358 2393 1717 2445 indignationem,
1782 2407 1820 2435 v.

1018 2454 1272 2494 Valcken.
1323 2451 1380 2490 ad
1429 2450 1592 2492 Phoen.
1638 2463 1677 2490 v.
1720 2450 1820 2495 549,

1018 2511 1192 2562 Viger.
1226 2523 1267 2562 p.
1294 2508 1394 2551 395.
1422 2509 1721 2552 Buttmann.
1743 2511 1820 2553 Gr.

1018 2569 1055 2622 ξ.
1094 2566 1191 2611 136.

1104 2624 1160 2665 εἰ
1218 2625 1322 2664 οἴει
1387 2621 1502 2662 δεῖν
1561 2621 1824 2664 κίνδυνον

1016 2678 1455 2735 ὑπολογίζεσθαι
1514 2680 1595 2734 -——]
1662 2681 1823 2723 Criton.

1021 2754 1057 2783 c.
1091 2741 1131 2784 8.
1165 2737 1244 2780 κᾶν
1289 2736 1574 2808 φαινώμεθα
1587 2736 1712 2780 ἄδικα
1743 2736 1821 2780 αὐ-

1022 2796 1070 2839 τὰ
1101 2796 1397 2852 ἐργαζόμενοι,
1400 2794 1494 2868 ’,μὴ
1520 2791 1574 2837 οὐ
1604 2795 1679 2849 δέῃ
1713 2792 1822 2838 ὑπο-

1022 2856 1268 2910 λογιζεσθαι
1308 2849 1410 2896 οὔτ’
1453 2869 1488 2894 ει
1500 2851 1732 2925 θνήσκειν
1763 2854 1827 2897 δεῖ

1023 2913 1345 2986 παραμένοντας
1377 2913 1452 2953 καὶ
1485 2908 1663 2966 ἡσυχίαν
1695 2927 1825 2968 αγον-

1019 2983 1094 3012 τας
1115 2969 1215 3012 οὔτε
1233 2969 1332 3012 α’λλο
1372 2967 1522 3011 ὁτιοῦν
1549 2968 1722 3023 πάσχειν
1740 2969 1825 3024 πρὸ

1021 3031 1100 3070 τοῦ
1129 3026 1300 3071 ἀδικεῖν.
1342 3029 1407 3072 Cf.
1454 3028 1558 3068 inira
1595 3043 1632 3080 p.
1667 3029 1737 3074 28.

1024 3088 1163 3129 Verba
1197 3088 1277 3128 τοῦ
1304 3087 1382 3142 ζῆν
1423 3083 1449 3140 ἢ
1479 3085 1684 3128 τεθνάναι
1714 3093 1826 3129 tam—

1020 3157 1144 3198 quam
1179 3149 1317 3187 otiosa
1350 3144 1507 3186 abiecit
1531 3142 1829 3199 Hirschig.;

1022 3215 1107 3271 quo
1137 3203 1243 3256 iure,
1276 3202 1459 3244 viderint
1491 3202 1575 3243 aiii

1082 3256 1213 3301 ὅτου
1251 3275 1295 3301 τι
1326 3260 1410 3301 καὶ
1443 3258 1678 3314 σμικρὸν
1706 3258 1827 3312 ὄφε-

1025 3314 1117 3357 λός
1146 3315 1324 3371 ἐστιν]
1359 3317 1596 3370 Euthyphr.
1630 3331 1671 3370 p.
1700 3318 1742 3361 4.
1779 3317 1828 3359 Ε.

1026 3370 1157 3415 οὐδὲν
1168 3373 1249 3430 γὰρ
1260 3391 1314 3418 αν
1322 3389 1408 3427 μου
1431 3373 1678 3428 ὅφελοςεῖη
1690 3374 1830 3444 Lqegg.

1026 3432 1099 3476 IX.
1144 3448 1184 3487 p.
1228 3432 1327 3478 856.
1374 3434 1422 3474 C.
1465 3433 1549 3473 πᾶς
1587 3430 1668 3485 γὰρ
1708 3427 1829 3483 α’νήρ,
