2158 3718
751 172 832 210 AD
873 171 1235 211 SYMPOSIUM.
1695 174 1860 213 LXXV

165 306 220 351 et
236 308 238 313 ⁴
254 295 634 379 Vulgivagam,
678 295 1105 368 Xenophonteus
1150 316 1278 351 vero
1318 296 1564 351 Socrates
1577 298 1632 368 *)
1683 317 1746 351 ea
1791 301 1858 353 de

163 387 225 421 re
240 376 245 390 ¹
261 367 484 422 dubitet.
538 366 621 419 At
666 367 808 420 enim
851 387 978 421 vero
1017 369 1062 422 si
1096 367 1179 422 vir
1214 367 1403 421 doctus
1440 366 1859 438 Xenophontem

164 457 320 492 suum
353 438 678 510 inspexisset
720 438 1050 510 diligentius,
1100 456 1221 492 eum
1269 456 1301 490 a
1336 437 1635 492 Pausaniae
1672 437 1856 492 Plato-

162 508 269 561 nici
305 508 566 562 sententia
598 527 790 578 parum
836 517 928 561 aut
961 508 1093 561 nihil
1127 508 1376 562 recedere
1423 507 1580 562 facile
1617 509 1858 562 animad-

163 578 429 632 vertisset.
459 577 576 631 -De
621 597 729 647 qua
775 598 833 632 re
870 597 1007 648 quae
1043 579 1337 650 prudenter
1374 587 1498 632 sunt
1534 598 1566 632 a
1600 578 1731 632 Boe
1748 580 1856 633 ck-

161 647 364 721 hiost)
391 648 678 718 disputata,
706 668 780 702 >ea
803 650 1044 720 poenitet
1073 650 1160 703 hic
1183 650 1399 713 referre,
1438 649 1703 718 siquidem
1729 650 1859 719 quid

159 737 346 772 verum
391 719 475 784 sit,
525 719 610 772 vel
655 719 789 777 levis
835 720 1124 788 utriusque⁴
1160 721 1264 773 loci
1303 719 1417 774 com
1459 720 1625 773 aratio
1661 739 1857 773 unum-

160 806 426 858 quemque
464 788 707 860 [docebit.
761 789 951 859 Itaque
995 789 1140 843 nulla
1184 790 1359 844 adhuc
1443 790 1858 861 eprehendimus

157 867 374 912 mutuae
417 859 653 913 invidiae
698 860 785 913 vel
821 860 1222 914 obtrectationis
1258 860 1475 924 indicia,
1532 861 1710 929 qualia
1752 860 1855 913 fin-

157 938 354 982 xerunt
390 930 483 1000 qui
518 930 657 983 inter
679 929 959 985 Platonem
995 939 1048 984 et
1070 930 1491 1001 Xenophontem
1523 931 1706 984 nescio
1727 931 1860 1001 quid

156 999 467 1054 inimicitiae
503 1000 867 1055 intercessisse
902 1001 1106 1072 opinati
1141 1011 1282 1055 sunt.
1326 999 1440 1054 Sed
1475 1001 1652 1053 attulit
1685 1013 1861 1073 nuper

158 1068 224 1124 C.
244 1069 312 1122 >F
325 1089 368 1123 r.
405 1070 607 1124 Herm
620 1090 830 1125 annus
876 1072 1095 1143 gravius
1144 1071 1223 1124 rei
1260 1080 1664 1142 argumentum,
1711 1073 1857 1141 quod

159 1159 287 1193 sane
323 1141 553 1210 aliquem
588 1142 762 1212 possit
797 1160 1146 1195 commovere.
1183 1141 1242 1194 Is
1277 1142 1418 1195 enim
1440 1141 1858 1211 Xenophontem

158 1210 430 1264 etintendit
485 1209 696 1264 Socrati
751 1211 975 1265 eandem
1036 1212 1150 1265 fere
1206 1211 1458 1265 tribuisse
1524 1211 1856 1276 sententiam,

157 1298 320 1349 qua-m
354 1282 503 1352 apud
536 1280 819 1335 Platonem
855 1290 1090 1353 exponat
1121 1281 1438 1346 Pausanias,
1486 1281 1753 1346 videlicet,
1798 1291 1859 1335 ut

148 1352 224 1420 de
261 1370 390 1405 vera
423 1352 671 1423 magistri
705 1360 879 1406 mente
918 1353 1116 1407 certius
1154 1361 1422 1406 constaret
1432 1371 1448 1416 3
1488 1353 1680 1406 sumsit
1716 1352 1858 1405 enim

156 1422 240 1475 vir
275 1422 465 1476 doctus
492 1442 614 1476 cum
641 1421 819 1477 Corn
833 1423 977 1476 ario
1012 1423 1297 1476 Platonem
1331 1422 1697 1494 Xenophonte
1723 1423 1856 1476 scri-

155 1492 332 1562 psisse
366 1494 616 1564 priorem,
665 1494 811 1563 quod
857 1493 1014 1548 nobis
1062 1492 1280 1563 quidem
1316 1494 1534 1546 minime
1569 1493 1854 1564 persuasit.

156 1563 236 1615 At
269 1581 398 1616 vero
422 1582 588 1632 quum
622 1563 934 1634 Xenophon
969 1564 1027 1616 id
1061 1565 1118 1617 in
1157 1564 1437 1618 scribendo
1474 1573 1747 1634 sequutus·
1772 1564 1857 1627 sit,

155 1642 216 1686 ut
251 1634 422 1702 qualis
461 1632 712 1688 Socrates
759 1635 829 1687 in*
863 1634 1229 1689 conviviorum
1272 1634 1541 1688 hilaritate
1575 1635 1767 1687 fuisset
1803 1644 1858 1687 et

154 1703 289 1773 quid
335 1705 402 1758 de
448 1706 642 1758 amoris
678 1714 868 1758 natura
904 1715 998 1758 aut
1044 1703 1305 1776 dignitate
1351 1723 1539 1758 revera
1585 1704 1857 1768 sensisset,

195 1775 332 1828 alam
369 1776 587 1840 faceret,
625 1776 864 1847 profecto
902 1776 951 1830 ei
987 1776 1132 1829 nullo
1167 1776 1325 1829 modo
1361 1776 1539 1846 potuit
1562 1776 1717 1828 aliam
1757 1776 1853 1827 tri-

191 1862 321 1899 uere
358 1848 688 1911 sententiam,
725 1847 830 1899 nisi
867 1864 984 1900 eam
1019 1846 1210 1916 ipsam,
1250 1865 1410 1915 quam
1447 1846 1553 1916 ipsi
1589 1845 1856 1914 placuisse

156 1925 437 1971 constaret.
502 1915 658 1984 Quae
708 1917 853 1986 quod
899 1937 966 1971 ex
1009 1925 1163 1988 parte
1209 1914 1456 1970 convenit
1491 1935 1612 1969 cum
1648 1915 1856 1968 ratione

153 1986 457 2041 Pausaniae
493 1988 639 2058 apud
673 1987 955 2042 Platonem
990 1987 1271 2058 explicata,
1316 1987 1374 2040 id
1411 1995 1550 2040 certe
1588 1986 1720 2038 nihil
1755 1986 1853 2038 ha-

155 2057 263 2122 bet,
301 2059 444 2111 unde
482 2059 549 2111 de
584 2067 771 2111 mutua
806 2059 944 2111 inter
979 2067 1268 2126 utrumque
1303 2057 1617 2127 scriptorem
1652 2056 1855 2109 invidia

155 2137 249 2182 aut
285 2128 638 2182 aemulatione
675 2129 1034 2183 coniecturam
1070 2129 1345 2181 ducamus.
1401 2127 1648 2191 Accedit,
1693 2127 1853 2196 quod,

156 2198 201 2250 si
238 2217 423 2251 verum
456 2199 778 2268 quaerimus,
814 2199 1115 2252 Pausaniae
1150 2217 1299 2251 mens
1324 2197 1654 2268 aliquantum
1689 2216 1722 2249 a
1747 2194 1850 2250 So-

155 2269 318 2322 cratis
353 2267 738 2340 Xenophontei
775 2270 1038 2323 sententia
1068 2269 1299 2331 recedit,
1340 2268 1405 2320 de
1442 2286 1548 2336 qua
1585 2275 1759 2319 tamen
1794 2286 1852 2319 rc

156 2357 262 2392 non
299 2346 380 2392 est
415 2357 510 2393 cur
532 2339 634 2392 hoc
657 2340 772 2393 loco
799 2340 1115 2410 explicatius
1140 2339 1398 2392 dicamus.
1434 2339 1684 2408 Apparet
1709 2339 1850 2389 enim

154 2410 241 2463 vel
277 2409 354 2464 sic
388 2429 456 2462 ne
491 2409 629 2463 hanc
666 2410 882 2479 quidem
917 2429 1032 2463 rem
1064 2417 1265 2462 certum
1290 2408 1659 2461 aemulationis
1696 2407 1850 2459 istius

139 2480 411 2533 indicium
449 2480 642 2534 facere.
678 2480 821 2533 Illud
855 2500 1021 2533 unum
1061 2488 1237 2533 tamen
1271 2478 1613 2532 admonuisse
1638 2497 1743 2531 non
1767 2477 1849 2530 vi-

155 2551 313 2604 detur
333 2570 806 2620 supervacaneum.
834 2550 1048 2604 Tribuit
1067 2551 1207 2604 enim
1220 2549 1394 2613 Plato,
1413 2567 1550 2619 quae
1570 2548 1715 2619 apud
1734 2547 1851 2600 Xe-

154 2640 222 2674 no
263 2622 478 2675 hontem
507 2619 746 2676 Socratis
785 2631 923 2686 sunt,
962 2620 1283 2685 Pausaniae,
1322 2621 1409 2673 vel
1444 2638 1550 2689 quo
1575 2619 1848 2673 Socratem

154 2641 409 2746 indhcere
427 2703 614 2762 posset
631 2693 936 2762 loquentem
955 2692 1158 2755 altiora,
1179 2691 1264 2746 vel
1289 2691 1448 2744 etiam
1466 2690 1609 2759 quod
1629 2709 1691 2742 ea
1709 2689 1849 2741 Pau—

156 2763 335 2815 saniae
355 2763 663 2816 viderentur
681 2783 778 2835 per
805 2783 862 2816 se
889 2762 1405 2817 convenientissima.
1442 2760 1674 2813 Tantum
1700 2760 1850 2813 abest

155 2833 316 2897 enim,
345 2843 406 2886 ut
431 2834 731 2887 Pausaniae
749 2834 1015 2888 Platonici
1042 2833 1276 2886 oratione
1299 2831 1553 2885 lubidinis
1575 2830 1850 2900 turpitudo
1875 2841 1879 2845 ·

156 2902 489 2968 defendatur,
525 2912 586 2957 ut
609 2904 826 2973 quidam
851 2905 986 2957 falso
1015 2911 1330 2966 statuerunt,
1369 2910 1429 2954 ut
1465 2920 1528 2954 ea
1552 2919 1700 2954 amor
1726 2919 1847 2970 pro-

155 2972 256 3024 bus
294 2982 347 3024 ct
381 2974 640 3026 honestus
676 2975 933 3028 adversus
970 2974 1212 3044 vulgaris
1258 2973 1453 3025 amoris
1498 2971 1847 3025 humilitatem

156 3042 471 3095 vindicetur.
512 3042 727 3114 Quippe
753 3045 913 3098 refert
941 3064 1002 3097 ea
1030 3045 1185 3097 simul
1221 3042 1516 3098 Prodiccae
1557 3039 1846 3110 sapientiae

221 3130 235 3147 ἱ

223 3272 266 3322 *)
299 3273 403 3324 Cap.
438 3279 474 3313 8.
507 3275 529 3323 ξ
563 3279 600 3313 9.

208 3342 274 3395 W)
305 3345 350 3383 P.
390 3349 436 3385 18
469 3358 527 3394 sq.
