2158 3718
411 197 515 247 134
1050 191 1471 250 PLATO‘le

410 341 616 415 ἡμέρας
660 340 861 398 θάλλει
905 362 962 395 τε
1020 344 1112 396 καὶ
1159 343 1248 419 ζῇ,
1307 341 1447 399 ὅταν
1504 342 1813 423 εὐπορήσῃ,
1870 349 1995 402 τοτὲ
2044 350 2099 404 δὲ

412 423 783 494 ἀποθνήσκει,
829 423 998 480 πάλιν
1041 428 1097 480 δὲ
1141 424 1546 496 ἀναβιώσκεται
1588 426 1680 483 διὰ
1724 427 1827 497 τὴν
1860 433 1962 486 τοῦ
1995 452 2105 486 πα-

419 507 552 583 τρὸς
592 507 779 587 φύσιν.
831 506 895 564 τὸ
943 511 1000 564 δὲ
1029 507 1396 581 ποριζόμενον
1427 509 1512 566 ἀεὶ
1536 509 1771 584 ὑπεκρεῖ,
1813 511 1946 579 ὥςτε
1977 511 2104 571 οὔτε

420 594 622 666 ἀπορεῖ
649 592 824 665 ’Έρως
864 593 1002 649 ποτὲ
1050 589 1177 649 οὔτε
1220 597 1465 651 πλουτεῖ.
1518 602 1723 671 σοφίας
1777 618 1834 653 τε
1893 589 1966 654 αὗ
2011 602 2104 655 καὶ

419 678 684 750 ἀμαθίας
743 684 803 732 ἐν
859 683 1001 748 μέσῳ
1045 681 1204 733 ἐστίν.
1262 682 1367 750 ἔχει
1410 675 1518 752 γὰρ
1562 673 1683 747 ὧδε.
1727 684 1884 737 θεῶν
1928 681 2106 749 οὐδεὶς

277 773 383 822 2⁰4
420 766 732 839 φιλοσοφεῖ,
776 759 897 816 οὐδ’
948 765 1213 832 ἐπιθυμεῖ
1251 758 1430 839 σοφὸς
1473 768 1770 833 γενέσθαι·
1818 771 1926 822 ἔστι
1968 765 2103 841 γάρ·

423 843 544 902 οὐδ’
600 846 648 901 εἰ’
690 867 773 911 τις
813 842 984 909 ἄλλος
1025 844 1230 923 σοφός,
1276 847 1342 903 οὐ
1387 850 1702 924 φιλοσοφεῖ.
1746 847 1869 905 οὐδ’
1934 845 2007 906 αὖ
2052 857 2124 931 οἱο

420 929 672 1003 ἀμαθεῖς
715 932 1144 1006 φιλοσοφοῦσιν,
1191 928 1313 987 οὐδ’
1366 935 1711 1002 ἐπιθυμοῦσι
1752 937 1919 1010 σοφοὶ
1961 943 2106 1002 γενέ-

420 1019 595 1070 σθαι·
642 1011 782 1070 αὐτὸ
828 1012 937 1087 γὰρ
981 1012 1154 1071 τοῦτό
1200 1021 1316 1070 ἐστι
1351 1012 1599 1088 χαλεπὸν
1631 1014 1880 1089 ἀμαθία,
1922 1016 1986 1075 τὸ
2030 1016 2106 1092 μὴ

420 1096 561 1156 ὄντα
599 1095 773 1154 καλὸν
816 1095 1082 1170 κάγαθὸν
1123 1102 1259 1171 μηδὲ
1304 1099 1586 1175 φρόνιμον
1629 1103 1810 1158 δοκεῖν
1837 1099 1991 1174 αὐτῷ
2036 1101 2109 1159 εἶ-

420 1205 518 1239 ναι
565 1181 780 1240 ἱκανόν.
838 1181 1046 1239 οὔκουν
1104 1187 1370 1255 ἐπιθυμεῖ
1425 1183 1454 1240 ὁ
1509 1182 1586 1255 μὴ
1633 1183 1886 1257 οἰόμενος
1926 1185 2110 1256 ἐνδεὴς

424 1264 564 1325 εἶναι
607 1258 673 1323 οὗ
717 1264 792 1323 ἂν
835 1264 908 1339 μὴ
955 1268 1138 1335 οἴηται
1182 1270 1515 1325 ἐπιδεῖσθαι.
1608 1273 1763 1335 Τίνες
1804 1291 1926 1344 ουν,
1968 1274 2109 1349 ἔφην

425 1351 557 1423 ἐγω,
599 1344 643 1407 ὦ
687 1355 939 1424 Διοτίμα,
983 1356 1034 1408 οἱ
1075 1355 1529 1428 φιλοσοφοῦντες,
1573 1360 1618 1410 εἰ
1662 1352 1799 1424 μήτε
1846 1359 1900 1410 οἱ
1941 1359 2110 1432 σοφοὶ

336 1449 377 1497 Β
428 1435 566 1510 μήτε
612 1442 666 1493 οὶ
704 1434 988 1507 ἀμαθεῖς-ς
1032 1439 1214 1504 Δῆλον
1259 1436 1344 1504 δή,
1376 1439 1511 1515 ε’φη,
1559 1435 1726 1493 τοῦτό
1764 1460 1824 1508 γε
1868 1434 1975 1508 ήδη
2017 1444 2110 1496 καὶ

421 1523 607 1586 παιδί,
650 1517 738 1576 ὅτι
783 1525 836 1576 οἱ
878 1519 1080 1592 μεταξὺ
1124 1519 1332 1577 τούτων
1376 1519 1731 1597 ἀμφοτέρων,
1781 1516 1859 1578 ὧν
1901 1545 1973 1580 av
2017 1530 2110 1582 καὶ

540 1745 594 1789 Ε.
653 1744 857 1787 θάλλει
900 1760 954 1785 τε
995 1743 1084 1784 καὶ
1125 1744 1225 1801 ζῇ]ι
1251 1759 1296 1786 τε
1335 1744 1563 1787 Bekkerus
1601 1745 1758 1788 abiecit
1801 1758 1898 1787 cum
1938 1745 2031 1788 Vat.
2056 1745 2107 1789 A.
2155 1778 2158 1786 .

425 1802 549 1845 Vind.
562 1801 603 1846 2.
621 1803 720 1845 Par.
733 1802 836 1844 DK.
860 1803 969 1856 Aug.
983 1815 1032 1844 w.
1061 1802 1160 1843 Vat.
1183 1816 1225 1856 p
1288 1802 1434 1846 Ceteri
1466 1815 1564 1844 cum
1596 1801 1724 1848 Bodl.
1755 1807 1944 1846 tuentur.
2006 1803 2111 1846 Ser-

424 1861 610 1903 vandum
641 1864 793 1903 censet
824 1860 953 1901 etiam
985 1859 1260 1919 Voegelinus.

540 1919 750 1972 σοφίας
776 1932 831 1958 τε
863 1910 959 1968 αυ]
1002 1920 1057 1957 av
1094 1930 1182 1959 om.
1208 1917 1337 1960 Bodl.
1376 1917 1472 1959 Vat.
1487 1916 1537 1958 A.
1561 1916 1684 1959 Viud.
1693 1915 1736 1960 2.
1757 1916 1857 1959 Par.
1872 1917 1974 1959 ΒΚ.
1995 1919 2106 1972 Aug.

424 1990 473 2017 w.
501 1975 599 2017 Vnt.
613 1989 655 2030 p
719 1975 991 2025 Dubitamu8‚
1023 1987 1108 2042 quo
1140 1975 1243 2017 iure.
1303 1974 1413 2018 Nam
1445 1974 1627 2016 discerni
1665 1974 1774 2016 haec
1811 1989 1837 2017 a
1875 1976 2107 2031 superiori-

424 2036 505 2076 bus
536 2037 579 2074 et
611 2045 765 2075 novum
797 2031 928 2074 ordiri
959 2032 1163 2074 orationis
1194 2033 1435 2076 membrum
1467 2033 1690 2086 sequentia
1718 2037 1912 2086 arguunt
1973 2033 2110 2076 Aliter

422 2098 568 2134 tamen
598 2090 850 2132 Hermanno
885 2089 1041 2131 visum.

540 2145 593 2190 P
625 2147 726 2192 204.
789 2147 976 2188 δοκεῖν
1013 2145 1160 2188 αὑτῶ
1198 2162 1245 2188 ει
1233 2146 1372 2219 ναι]
1418 2145 1533 2190 αὐτό
1563 2147 1690 2189 Bodl.
1726 2147 1810 2189 Vat
1843 2143 1894 2191 A.
1929 2146 2035 2189 Ven.
2058 2148 2105 2191 Ξ·

420 2206 523 2248 Par.
545 2205 649 2247 ΒΚ.
686 2207 796 2259 Ang.
817 2218 866 2276 w’.
899 2205 992 2246 Vat.
1010 2219 1049 2259 p.
1079 2204 1198 2246 Flor.
1209 2218 1248 2247 n.
1274 2203 1389 2262 αὐτῶ
1409 2204 1526 2248 Flor.
1538 2218 1575 2246 a.
1590 2205 1631 2246 b.
1645 2219 1680 2247 c.
1697 2205 1725 2246 i.
1786 2203 1935 2246 Astius
1965 2206 2107 2247 locum

420 2264 661 2317 refingebat
692 2257 920 2304 5101(ιῦτὸ
956 2260 1042 2321 γὰρ
1074 2267 1210 2303 τοῦτο
1237 2263 1427 2314 χαλεπὸν
1458 2260 1658 2316 ἀμαθία,
1690 2261 1768 2303 τὸν
1796 2259 1855 2318 μὴ
1888 2261 1996 2303 ὄντα
2030 2278 2109 2302 κα-

420 2320 498 2361 λὸν
526 2319 728 2375 καγαθὸν
756 2336 803 2374 μ.
837 2335 882 2374 φ
913 2320 1052 2363 δοκεῖν
1080 2318 1190 2362 αὐτὸ
1225 2320 1721 2363 5u11v62.H0mmelius
1747 2318 1940 2372 χαλεπὸν
1971 2320 2106 2362 elimi-

420 2379 610 2422 nandum
643 2382 804 2420 censet.

1309 2519 1420 2561 mine
1451 2520 1492 2561 iu
1522 2520 1774 2562 accusativo
1799 2520 1999 2563 absolute
2028 2533 2106 2574 po—

1309 2577 1394 2618 sito
1409 2576 1807 2630 v-Prot.p.310.E.
1833 2577 2104 2619 Lambert.

1313 2633 1803 2687 nos.E115ps.p..676
1824 2633 1892 2675 ed.
1932 2633 2103 2676 Schaes.

482 2523 627 2561 θεῶν
657 2518 836 2568 οὐδεὶς
868 2521 1002 2575 φιλ.]
1035 2521 1110 2563 Sic
1142 2519 1222 2562 eti—

423 2591 491 2620 am
522 2577 672 2631 Lysid.
700 2577 848 2632 p.218
888 2583 937 2620 A.
986 2578 1224 2620 Recentio-

424 2649 493 2677 res
513 2635 724 2676 Platonici
754 2641 1020 2689 quantopere
1043 2635 1222 2677 eandem

424 2693 678 2733 sententiam
709 2693 1040 2743 celebraverint,
1083 2693 1224 2732 discas

426 2761 478 2789 cx
512 2748 578 2799 iis,
610 2761 721 2801 quae
753 2753 1010 2789 annotarunt
1041 2748 1225 2789 Astius

424 2804 480 2847 ad
523 2803 562 2846 b.
604 2806 631 2848 Ι.
682 2805 782 2846 Cre
799 2817 943 2848 uzer.
1000 2805 1043 2845 in
1083 2804 1222 2845 Lectt.

424 2860 478 2903 ad
510 2861 668 2903 Plotin.
700 2874 741 2915 p.
770 2860 870 2906 528.
916 2867 960 2903 et
989 2861 1031 2903 in
1065 2860 1227 2902 Studiis

424 2919 497 2962 Vl.
530 2932 573 2972 p.
611 2917 706 2962 131.

481 2976 536 3018 Ρ.
567 2975 666 3021 204-
728 2974 866 3019 αὐτὸ
911 2974 1010 3031 γὰρ
1054 2975 1225 3017 τοῦτο’

424 3036 542 3077 ἐστι
569 3033 644 3089 χ.]
686 3033 811 3075 Haec
849 3046 904 3075 ne
951 3033 1017 3074 cui
1059 3033 1098 3074 in
1146 3047 1225 3087 po-

427 3096 585 3134 sterum
653 3090 918 3132 sollicitanda
986 3090 1224 3143 videantur,

427 3147 536 3189 αὐτὸ
589 3147 725 3189 τοῦτο
781 3148 977 3190 absolute
1039 3150 1222 3201 positum

429 3211 519 3257 est,
556 3210 603 3248 ut
632 3204 746 3248 idem
775 3205 831 3247 ait
861 3205 975 3259 quod
1015 3203 1074 3245 δι’
1109 3205 1220 3247 αὐτὸ

429 3269 590 3315 -ιο-ῦτο,
629 3275 740 3317 quae
778 3267 926 3305 autem
965 3268 1223 3315 sequuntur:

428 3320 477 3362 τι)
521 3320 579 3376 μὴ
626 3319 735 3362 ὄντα
765 3342 819 3350 ·-
850 3318 1021 3370 ἱκανόν,
1061 3334 1111 3362 ea
1148 3334 1226 3374 per

427 3378 758 3431 appositionem,
771 3390 897 3432 quam
910 3383 1066 3421 vocant
1080 3391 1222 3431 gramm

428 3435 586 3488 malici,
619 3435 766 3479 addita
797 3441 912 3478 sunt.
974 3434 1037 3478 De
1067 3448 1223 3489 prouo—

1311 2696 1355 2731 et
1389 2690 1573 2731 Matth.
1605 2690 1638 2742 §.
1641 2648 1770 2734 p⁴267.
1806 2691 1871 2734 14.

1372 2747 1419 2788 B.
1479 2744 1540 2786 ὃν
1589 2747 1641 2788 δὲ
1692 2746 1748 2788 οὐ
1790 2746 1982 2818 ᾠήθης
2020 2749 2103 2802 —-]

1310 2803 1434 2845 Haec
1464 2804 1613 2856 verba,
1647 2805 1848 2857 quoniam
1880 2802 1930 2846 ὃν
1959 2806 1997 2848 vi
2030 2819 2106 2847 sua

1313 2862 1542 2914 plurimum
1577 2862 1735 2915 pollet,
1784 2863 1847 2904 sic
1892 2863 2106 2917 explicare

1314 2918 1481 2960 licebit:
1515 2919 1666 2962 Quae
1686 2924 1864 2962 autem
1887 2921 1948 2962 ad
1973 2934 2106 2972 eum,

1312 2988 1462 3029 quem
1530 2977 1785 3031 opinatus
1855 2990 1912 3019 es
1981 2991 2107 3020 esse

1314 3038 1561 3075 Amorem
1593 3035 1814 3087 attinet,
1846 3034 1884 3076 11.
1905 3049 1941 3076 e.
1966 3035 2106 3088 quod

1312 3096 1490 3133 autern
1525 3092 1774 3133 Amorem
1813 3090 1954 3134 hunc
1984 3105 2107 3135 csse

1311 3147 1623 3191 credidisti.
1710 3147 1840 3192 Quod
1900 3162 2103 3201 quorsum

1309 3205 1543 3258 referatur,
1592 3205 1733 3247 verbis
1782 3207 1987 3259 proximis
2028 3207 2105 3249 de-

1310 3276 1425 3306 mum
1459 3263 1725 3314 declaratur,
1767 3263 1878 3308 conf.
1910 3263 2102 3306 Mattli.

1311 3322 1388 3365 Gr.
1421 3321 1456 3374 ᾗ.
1485 3319 1585 3366 480.
1619 3321 1659 3365 3.
2028 3357 2033 3362 ,

1368 3379 1415 3420 C.
1455 3377 1531 3418 ’τό
1567 3382 1636 3433 τῷ
1666 3374 1983 3418 ὄντι-καλὸν
2012 3376 2106 3417 καὶ

1310 3435 1448 3490 ἁβρὰ
1468 3433 1514 3489 ν]
1556 3436 1697 3480 Quum
1731 3447 1813 3477 nou
1845 3433 1898 3477 de
1930 3434 2104 3484 Amore,
