2158 3718
546 164 1063 219 SYMPOSHJM.
1099 182 1149 233 p.
1193 167 1296 217 184
1333 166 1406 218 st.
1731 174 1802 221 aa

131 315 229 379 τῆς
268 313 452 375 αἰτίας
492 313 714 382 πρῶτον
755 314 856 382 μὲν
899 309 962 366 τὸ
1009 307 1340 366 ἁλίσκεσθαι
1393 310 1534 383 ταχὺ
1578 315 1802 386 αἰσχρὸν

131 393 460 467 νενόμισται,
489 400 579 450 ἵνα
604 395 806 468 χρόνος
831 402 1125 465 ἐγγένηται,
1160 392 1221 459 ὃς
1249 392 1313 463 δὴ
1345 398 1491 451 δοκεῖ
1519 395 1587 452 τὰ
1620 398 1800 455 πολλὰ

132 484 311 544 καλῶς
358 483 704 551 βασανίζειν·
751 484 935 535 ἔπειτα
979 478 1041 536 τὸ
1087 476 1196 535 ὑπὸ
1218 479 1519 552 χρημάτων
1563 487 1654 537 καὶ
1693 481 1800 539 ὑπὸ

131 566 428 620 πολιτικῶν
471 563 755 637 δυνάμεων
808 563 1021 620 ἁλῶναι
1076 562 1329 636 αἰσχρόν,
1381 564 1481 620 ὲοὲν
1528 587 1584 621 τε
1629 571 1807 633 κακῶς

128 646 362 719 ’πάσχων
392 648 570 724 ’πτήξῃ
599 651 690 703 καὶ
722 645 797 720 μὴ
835 648 1173 724 καρτερήσῃ,
1217 644 1289 702 ἄν
1327 646 1378 702 τ’
1430 649 1807 723 εὐεργετούμε-

132 753 230 796 νος
272 738 346 796 εἰς
368 730 627 804 χρήματα
669 729 704 799 ἢ
748 739 821 797 εἰς
865 733 1179 805 διαπράξεις
1205 731 1490 797 πολιτικὰς
1525 732 1601 806 μὴ
1636 758 1807 791 κατα-

130 813 402 914 φρονήσῃ.
475 816 636 873 οὐδὲν
679 815 786 920 μὲρ
834 820 982 874 δοκεῖ
1007 815 1219 881 τούτων
1263 815 1386 873 οὔτε
1412 820 1639 888 βέβαιον
1683 817 1809 876 οὔτε

129 899 370 972 μόνιμον
427 899 608 966 εἶναι,
646 904 813 975 χωρὶς
866 904 964 956 τοῦ
1021 904 1156 973 μηδὲ
1200 907 1498 974 πεᾳυκέναι
1540 901 1645 957 ἀπ’
1709 904 1812 960 αὐ-

129 987 239 1039 τῶν
293 989 553 1055 γενναίαν
612 988 818 1061 φιλίαν.
878 989 978 1056 μία
1033 982 1100 1052 δη
1156 987 1396 1039 λείπεται
1451 989 1527 1056 τῷ
1571 985 1808 1061 ἡμετέρῳ

128 1066 282 1138 νόμῳ
326 1066 483 1137 ὁδός,
543 1076 588 1125 εὶ
627 1073 806 1140 μέλλει
845 1071 1023 1144 καλῶς
1077 1072 1403 1139 χαριεῖσθαι
1441 1074 1640 1148 ἐραστῇ
1681 1095 1811 1128 παι-

132 1149 275 1207 δικά.
319 1154 431 1206 ἔστι
472 1151 580 1224 γὰρ
623 1151 755 1222 ἡμῖν
799 1151 998 1222 νόμος,
1042 1149 1215 1223 ὥςπερ
1263 1155 1349 1207 ἐπὶ
1390 1165 1508 1218 τοῖς
1551 1161 1808 1224 ἐρασταῖς

130 1227 218 1302 ἦν.
245 1232 521 1292 δουλεύειν
565 1240 834 1292 ἐθέλοντα
865 1234 1126 1303 ἡντινοῦν
1155 1239 1407 1292 δουλείαν
1430 1242 1705 1304 παιδικοῖς
1729 1239 1805 1312 μὴ

130 1322 422 1377 κολακείαν
448 1318 602 1377 εἶναι
628 1324 764 1420 μηδὲ
795 1323 1184 1392 ἐπονείδιστον,
1233 1318 1377 1376 οὕτω
1421 1319 1487 1389 δὴ
1531 1327 1622 1378 καὶ
1664 1321 1805 1394 ἄλλη

131 1486 294 1527 Astius.
343 1486 518 1527 Bastius
549 1489 691 1526 autem
725 1489 769 1526 et
804 1486 993 1526 Orellius
1022 1484 1076 1526 ad
1108 1485 1242 1526 lsocr.
1275 1485 1371 1537 περὶ
1403 1482 1541 1527 durni.
1565 1501 1604 1540 p
1630 1487 1714 1532 328
1738 1502 1802 1560 sq.

133 1555 187 1584 ex
218 1534 343 1585 codd.
375 1542 584 1584 Vindobb.
619 1542 701 1595 legi
732 1543 931 1583 volebant
961 1541 1063 1587 τοὺς
1093 1542 1361 1595 paxu—1009
1392 1543 1451 1594 δέ,
1487 1558 1564 1597 pro
1595 1551 1686 1593 τοῖς
1713 1563 1805 1599 μιν,

132 1605 221 1646 τοῖς
255 1601 310 1642 δέ.
367 1601 423 1642 Et
445 1601 697 1641 confirmant
719 1600 1006 1642 accusativum
1038 1600 1170 1641 Coisl.
1191 1599 1287 1642 Par.
1315 1600 1413 1642 DK.
1436 1601 1529 1643 vat.
1547 1616 1587 1656 p
1617 1603 1708 1645 Nec
1740 1609 1806 1646 ta-

62 1712 66 1717 .
131 1670 228 1699 meu
259 1657 490 1711 quidquam
523 1657 790 1698 mutaverim.

247 1726 389 1769 οὕτω
426 1727 482 1781 δὴ
529 1726 633 1768 ὑπὸ
675 1725 908 1781 ταύτης]
954 1725 1004 1779 δὴ
1039 1726 1108 1767 καὶ
1137 1724 1221 1767 ὑπὸ
1255 1744 1295 1768 τ.
1326 1727 1459 1770 Coisl.
1484 1730 1630 1772 Ambr.
1656 1731 1748 1772 vat.
1772 1746 1805 1773 ι·.

132 1786 294 1838 Baiter.
326 1784 409 1828 ὖπὸ
444 1784 607 1837 ταύτης
635 1789 710 1837 τῆς
737 1785 878 1830 αἰτίας
909 1784 1062 1826 abesse
1093 1785 1293 1825 malebat.

247 1844 299 1887 B.
358 1844 419 1884 ἅν
449 1842 492 1883 τ’
526 1840 1015 1896 εὐεργετούμενος]
1048 1839 1487 1894 ἇντευεργετούμειός
1519 1843 1691 1887 Vind.2.
1712 1848 1809 1889 Par.

134 1901 187 1943 E.
210 1901 360 1963 Vatn.
396 1901 505 1943 Dein
526 1900 696 1944 Vind.2.
717 1900 880 1941 VemZ.
910 1896 937 1950 ἢ
969 1898 1038 1938 καὶ
1067 1899 1123 1958 εἰς
1153 1897 1413 1952 διαπρόξεις.

135 2029 187 2073 Δ
221 1973 347 2072 133⁹(ss
361 1971 504 2014 οὕτω
540 1971 597 2024 δὴ
633 1971 722 2011 καὶ
752 1970 880 2023 ἄλλη
912 1971 1011 2024 μία
1041 1967 1180 2023 μόνη
1213 1969 1271 2023 δ.]
1303 1970 1383 2023 ἄλη
1413 1972 1493 2025 μία
1521 1975 1611 2024 μῶν
1641 1971 1677 2014 δ.
1710 1973 1805 2018 Vaf-

138 2092 230 2131 Par.
245 2087 343 2130 EF.
366 2066 486 2142 Αηςβ
483 2101 519 2131 u.
544 2087 640 2127 Vat.
653 2100 692 2127 n
704 2100 739 2126 s.

142 2146 286 2186 Ambr.
307 2144 401 2185 Vat.
416 2158 455 2184 n.
472 2159 512 2198 p.
527 2157 558 2185 r.
572 2158 606 2184 s
637 2144 738 2186 Ven
762 2150 793 2185 t.
808 2143 925 2184 Flor.
944 2157 981 2185 a.
993 2143 1032 2182 b.
1046 2142 1118 2185 c.i.
1161 2141 1367 2183 Nimirum
1406 2142 1552 2184 videre
1584 2143 1678 2185 hinc
1708 2147 1806 2186 licet

137 2201 332 2244 haesisse
364 2201 536 2243 criticos
568 2207 610 2242 et
641 2202 804 2242 scribas
835 2201 875 2240 in
905 2199 1088 2241 formula
1125 2194 1183 2245 εἷς
1213 2198 1361 2254 μόνος.
1418 2200 1665 2242 Riickertus
1695 2202 1806 2256 μόνη

138 2273 191 2301 ex
221 2260 480 2313 glossemate
510 2265 651 2300 ortum
683 2263 843 2300 censet.

397 2032 501 2084 Ang-
520 2044 568 2071 w.
608 2029 721 2070 unde
762 2029 1091 2069 Winckelmann.
1135 2028 1298 2068 extudit
1334 2030 1412 2079 μία
1442 2027 1571 2080 νόμω.
1601 2032 1680 2081 μία
1720 2044 1805 2074 om.

770 2084 905 2141 μόιοι
935 2086 1135 2125 scribunt
1153 2085 1803 2141 Cois1.1’ar.1)1‹,FKAng.u.

143 2372 184 2414 ‹li
214 2373 414 2414 illustravi
454 2372 506 2414 ad
542 2374 726 2425 Apolog.
759 2372 930 2412 Socrat.

61 2470 62 2473 ,
142 2444 182 2475 c,
206 2430 358 2472 xX1V.
373 2431 481 2472 in.et
493 2430 544 2471 ad
561 2430 723 2473 Criton.
739 2443 776 2472 c.
792 2428 857 2470 ΙΙΙ.
877 2429 933 2472 iu.

199 2489 249 2531 C.
286 2485 437 2528 οὕτω
467 2487 522 2539 δὴ
557 2487 647 2525 καὶ
676 2487 806 2538 ἄλλη
836 2486 933 2537 μία

140 2545 211 2600 μ.]
245 2545 362 2586 Inest
393 2546 429 2585 in
462 2544 524 2586 his
556 2545 697 2585 verbis
729 2544 933 2584 anacolu-

140 2603 226 2644 thia
256 2602 479 2655 quaedam.
540 2602 716 2649 Plenius
749 2601 860 2642 enim
892 2604 936 2641 et

142 2661 356 2702 strictiore
386 2660 616 2701 verborum
646 2659 841 2699 iunctura
871 2657 937 2698 di-

142 2718 324 2759 cendum
367 2722 480 2759 erntz
525 2715 639 2757 οὑίω
682 2715 732 2767 δὴ
766 2715 835 2756 καὶ
864 2714 938 2755 ἐπὶ

143 2779 235 2821 τοῖς
266 2775 479 2822 παιδικοῖς
508 2774 638 2825 ἄλλην
668 2777 773 2826 μίαν
801 2770 937 2825 μόνην

143 2832 335 2872 δουλείαν
377 2830 457 2872 οὐκ
499 2831 782 2872 ἐπονείδιστον
813 2829 935 2870 εἶναι.

146 2888 245 2929 Hoc
272 2894 412 2936 autem
431 2891 545 2932 vult:
579 2889 747 2930 etiam
780 2900 934 2940 prae-

146 2949 233 2985 ter
261 2946 417 2995 illam,
437 2959 593 2998 quam
617 2950 777 2985 antea
797 2957 934 2984 com-

147 3003 563 3052 memoraverit,
609 3014 758 3042 unam
799 3013 931 3040 eam-

148 3071 246 3111 que
293 3059 466 3098 solam
513 3071 639 3099 esse
688 3058 934 3097 servitu-

148 3121 283 3165 tem,
325 3127 459 3167 quae
491 3113 615 3161 τοῖς
645 3113 907 3153 παιδικοῖ
889 3129 937 3160 ις

148 3174 354 3214 nullam
398 3171 602 3212 afferat
646 3166 934 3222 ignomini—

147 3242 239 3271 am.
301 3230 448 3282 ltaque
487 3241 567 3268 non
610 3232 676 3267 est
714 3226 826 3278 quod
858 3239 934 3279 pro

145 3285 250 3338 ἄλλη
279 3299 375 3327 cum
415 3283 722 3326 Schuetzio
762 3279 936 3330 τούτοις

143 3344 389 3384 scribamus.
454 3342 588 3384 Multo
630 3341 767 3382 minus
806 3340 933 3381 etiam

143 3400 361 3455 probanda
384 3404 452 3444 est
473 3399 545 3442 Ba
560 3397 650 3441 stii
673 3397 932 3451 coniectura,

1017 2370 1085 2423 qui
1111 2382 1188 2423 pro
1211 2370 1288 2422 μία
1310 2369 1532 2422 legendum
1554 2372 1718 2412 censuit
1738 2387 1809 2412 νο-

1017 2429 1143 2480 μίμη.
1174 2427 1282 2468 Nam
1302 2426 1544 2479 frequenter
1571 2424 1630 2475 εἷς
1658 2428 1808 2482 μόνος,

1019 2487 1097 2539 μία
1127 2483 1261 2537 μόνη,
1307 2483 1346 2523 ἓν
1383 2482 1519 2535 μόνον
1552 2488 1808 2528 coniunctim

1019 2544 1117 2595 poni
1159 2543 1298 2582 solere
1337 2540 1574 2583 docueruut
1614 2543 1810 2585 Tlnier-

1022 2598 1207 2639 senius
1238 2598 1422 2651 specim.
1457 2599 1560 2640 Crit.
1598 2614 1636 2653 p.
1672 2600 1728 2643 47
1744 2614 1808 2654 sq.

1022 2662 1066 2697 et
1089 2655 1221 2696 Scha
1241 2655 1430 2696 eserus
1451 2656 1666 2711 Melett.p.
1683 2658 1733 2702 19
1746 2672 1809 2711 sq.

1022 2714 1088 2755 Cf.
1118 2714 1297 2766 Apolog.
1333 2712 1456 2756 Socr.
1475 2727 1514 2767 p·
1537 2714 1606 2757 25.
1635 2715 1679 2755 B.
1714 2715 1811 2757 Cri-

990 2760 991 2776 *
1020 2776 1110 2811 ton.
1142 2769 1270 2823 p.ll7.
1303 2769 1353 2810 Β.
1390 2771 1451 2811 De
1482 2771 1592 2825 Rep.
1625 2772 1734 2813 Vlll.
1768 2786 1808 2826 p.

1020 2826 1119 2871 548.
1144 2828 1189 2868 C.
1215 2827 1268 2868 X.
1301 2840 1339 2880 p.
1365 2826 1462 2870 597.
1488 2828 1532 2868 C.
1569 2829 1716 2882 Neque
1735 2830 1812 2871 ali-

1019 2890 1086 2926 ter
1124 2885 1357 2938 scriptores
1398 2885 1550 2926 Latini.
1591 2886 1811 2928 Terent.

1022 2941 1200 2994 Adelph.
1227 2942 1272 2982 V.
1290 2940 1419 2987 3‚46:
1452 2946 1574 2984 solu
1589 2956 1628 2984 m
1660 2956 1809 2984 unum

1022 2998 1118 3039 hoc
1153 2999 1335 3039 vitium
1370 2998 1547 3040 affert
1591 3000 1808 3040 homini-

1022 3055 1131 3096 bus
1182 3056 1382 3097 Cicero
1413 3056 1455 3096 in
1489 3057 1630 3096 pison.
1664 3069 1698 3096 c.
1730 3055 1809 3097 40:

1021 3112 1173 3152 cives
1213 3113 1447 3153 Romani
1480 3138 1534 3143 ——
1564 3119 1614 3152 te
1651 3124 1807 3152 unum

1021 3170 1196 3210 solum
1246 3182 1398 3211 suum
1447 3169 1807 3221 depeculato-

1020 3239 1147 3276 rem,
1189 3233 1527 3271 vexatorem,
1582 3224 1806 3276 praedo-

1021 3296 1159 3334 nem,
1192 3282 1407 3324 hostem
1438 3281 1660 3321 venisse
1692 3294 1805 3322 seu-

1019 3344 1221 3380 serunt.
1284 3340 1484 3380 Ceterum
1522 3339 1663 3390 paullo
1705 3344 1805 3379 ante

1017 3396 1233 3441 ἐθέλοντα
1268 3407 1414 3438 rursus
1443 3394 1503 3436 ita
1533 3393 1691 3438 dictum
1722 3400 1803 3446 est,

1850 1251 1897 1300 {3
