2158 3718
821 117 1083 161 ΡΗΑΕοο
1115 132 1161 175 p.
1194 121 1291 161 108.
1338 138 1349 144 -
1827 121 1930 174 271

151 256 257 311 οὐκ
296 255 492 325 ἀγνοεῖ
523 253 591 309 τοὶ
627 256 913 327 παρόντα·ν
972 255 1005 327 ἡ
1045 257 1107 311 δὲ
1147 257 1566 327 ἐπιθυμητικῶς
1603 262 1704 312 τοῦ
1742 260 1931 329 σώμα-

150 361 244 404 τος
281 342 514 410 ἔχουσα,
564 339 702 410 ὅπερ
753 341 817 394 ἐν
864 344 941 412 τῷ
981 343 1303 411 ἔμπροσθεν
1343 338 1530 411 εἷπον,
1578 344 1707 413 περὶ
1746 343 1930 397 έκεῖνο

150 424 336 479 πολύν
380 425 589 495 χρόνον
646 424 955 494 ἐπτοημένη
1010 425 1104 478 καὶ
1158 426 1286 495 περὶ
1339 423 1439 479 τὸν
1487 424 1693 496 ὁρατὸν
1738 428 1967 502 τόπον,,

149 506 332 563 πολλοὶ
378 507 733 563 ἀντιτείνασα
779 509 875 563 καὶ
921 507 1101 563 πολλοὶ
1148 514 1442 580 παθοῦσα,
1490 512 1587 583 βίᾳ
1634 513 1726 566 καὶ
1774 514 1933 582 μόγις

149 591 262 647 ὑπὸ
298 597 402 647 τοῦ
439 594 922 664 προςτεταγμένου
961 595 1226 664 δαίμονος
1251 599 1460 664 οἴχεται
1485 592 1745 666 ἀγομένη.
1797 596 1932 667 ἄφι-

149 677 393 747 κομένην
431 677 492 731 δὲ
531 676 734 747 ὅθιπερ
774 679 837 730 αἱ
869 677 1064 747 ἄλλαι,
1103 677 1206 749 τὴν
1242 681 1347 749 μὲν
1378 677 1710 751 ’ἀκάθαρτον
1748 685 1848 735 καί
1879 703 1932 736 τι

147 771 522 831 πεποιηκυῖαν
558 766 845 831 τοιοῦτον,
885 762 921 833 ἢ
959 763 1156 833 φόνων
1194 762 1419 817 ἀδίκων
1441 762 1694 836 ἡμμένην
1729 764 1766 835 ἦ
1804 765 1930 819 ἄλλ’

148 845 284 900 ἄττα
321 851 552 900 τοιαῦτα
580 848 971 917 εἰργασμένην,
1011 846 1048 901 ἷιέ
1072 849 1290 902 τούτων
1317 847 1535 918 ἀδελφά
1554 869 1620 912 ,τε
1645 851 1739 902 καὶ
1766 847 1932 904 οέδελη

149 931 278 1000 φῶν
314 935 514 1001 ψυχῶν
551 934 686 1002 ἔργα
723 932 987 1001 τυγχάνει
1025 931 1180 1001 ὄντα,
1219 933 1430 1002 ταύτην
1467 933 1571 1003 μὲν
1609 932 1752 997 ἅπας
1789 936 1932 1004 φεύ-

146 1036 248 1084 γει,
271 1036 330 1070 τε
367 1015 900 1086 καὶ-ὐπεκτρέπεται
947 1019 1040 1070 καὶ
1078 1017 1209 1071 οὔτε
1248 1017 1595 1119 ξυνέμπορος
1631 1015 1764 1071 οὔτε
1799 1016 1932 1088 ἡγε-

262 1154 320 1203 ἕν
359 1160 430 1217 τῷ
473 1157 612 1215 ἔρμπ
625 1158 822 1215 οσθεν]
868 1161 921 1203 V
951 1152 1168 1215 πρόσθεν
1196 1161 1340 1201 invitis
1371 1160 1488 1201 libris
1523 1161 1642 1205 Bodl.
1675 1160 1929 1203 Gois1.Vat.

146 1175 653 1265 Tub.ven.‘.'=·:1·.tvind.
680 1218 765 1258 ΤΦ
784 1219 879 1257 Par.
903 1217 1106 1262 GAmbr
1131 1218 1227 1258 Zitt.
1247 1217 1363 1260 Flor.
1389 1217 1430 1258 d.

261 1274 309 1314 Β.
342 1272 439 1329 βίᾳ
479 1270 579 1315 καὶ
617 1267 804 1328 μόγις]
844 1275 895 1314 V.
920 1270 1072 1327 μόλις,
1098 1275 1210 1325 quod
1232 1280 1513 1327 aspernantur
1533 1274 1651 1314 Bodl.
1677 1275 1773 1315 Vat.
1803 1274 1929 1315 Coisl.

147 1328 1280 1377 Ven..'=·.‘HVind.TffiPa1.GAmbr.F101-.dzitt.

147 1471 190 1512 p.
212 1459 269 1499 44
288 1457 340 1500 A.
381 1457 599 1508 Superest,
621 1463 667 1497 ut
688 1458 816 1497 verbo
840 1470 996 1498 memo-

148 1523 298 1554 remus·
319 1514 602 1554 coniecturam
630 1514 880 1565 Dobraei‚
925 1516 995 1564 qui

146 1571 328 1612 Advers.
358 1571 406 1613 Τ.
439 1571 471 1613 Ι.
511 1583 554 1622 p
598 1571 678 1610 152
718 1571 914 1610 Proelum
956 1578 996 1610 et

147 1627 495 1690 olympiodorum
545 1627 790 1679 suspicatur
839 1627 994 1679 legisse

147 1681 231 1725 καὶ
252 1675 475 1736 τριόδους
503 1682 630 1750 idque
661 1683 812 1746 probat
840 1683 992 1723 collato

149 1739 278 1792 Gorg.
299 1749 345 1792 p.
371 1741 454 1780 524
475 1741 512 1778 A
534 1731 584 1780 ἔν
606 1737 663 1793 τῇ
686 1732 873 1794 τριόδῳ.
911 1739 995 1780 Sed

149 1809 233 1837 non
257 1808 280 1836 ο
317 1808 363 1836 us
388 1803 454 1836 est
473 1797 718 1837 mutatione

204 1809 434 1894 καῗουκ
463 1845 688 1921 ἀγνοεῖ]
731 1852 995 1894 Heusdius

149 1908 272 1962 Speo.
307 1909 400 1951 crit.
432 1921 474 1961 p.
506 1910 559 1949 23
588 1904 671 1948 καὶ
701 1920 789 1949 ουκ
815 1922 998 1972 αγανα-

148 1967 257 2006 *nte-*Z
273 1965 545 2005 scribendum
576 1965 754 2004 coniecit
783 1976 866 2004 non
891 1965 997 2005 satis

147 2027 382 2075 perspecta,
416 2021 584 2074 opinor,
615 2022 848 2060 sententiae
869 2022 997 2060 ratio-

149 2090 216 2124 ne,
239 2089 364 2128 quam
383 2085 496 2117 recte
515 2077 899 2130 explicuitWytte
915 2090 938 2116 n
952 2078 995 2117 b.

147 2133 214 2173 his
263 2134 426 2174 verbis:
488 2146 585 2174 non
646 2134 855 2185 ignorat
913 2146 997 2173 res

147 2196 487 2244 praesentes:
519 2201 782 2242 praesens
812 2190 998 2230 eondi-

147 2248 221 2286 tio
245 2246 292 2286 ei
315 2258 416 2286 non
439 2245 595 2297 piane
619 2257 753 2285 nova
776 2252 823 2285 et
845 2246 996 2285 inex-

149 2310 395 2355 spectata
454 2302 679 2341 accidit:
752 2302 998 2354 agnoscit

149 2371 259 2398 eam
300 2358 405 2398 sibi
444 2359 541 2396 iam
582 2365 738 2396 antea
775 2358 997 2397 medita-

147 2416 293 2455 tione
331 2414 520 2454 mortis
562 2422 611 2453 et
651 2413 996 2467 philosophia

148 2471 423 2523 cognitam.
474 2470 596 2518 Quod
624 2471 809 2510 medium
838 2478 903 2510 est
930 2470 992 2510 in-

148 2534 213 2567 ter
235 2527 518 2579 cognitionem
540 2535 578 2565 et
610 2527 903 2578 ignorantiam.
948 2529 992 2567 In

146 2583 229 2623 isto
252 2595 302 2624 τε
323 2582 412 2623 καί
430 2596 482 2622 ne
503 2585 598 2634 quis
621 2596 713 2622 cum
739 2583 992 2623 Heindor—

145 2639 220 2680 fio
242 2638 428 2690 haereat,
454 2652 491 2678 v.
514 2652 612 2682 ann.
640 2639 691 2679 ad
711 2640 835 2692 Gorg.
862 2653 903 2692 p.
912 2641 997 2681 460

145 2695 197 2743 D,
241 2697 398 2758 quibus
436 2696 569 2735 addas
609 2695 767 2738 Pliaed
813 2709 854 2749 p.
888 2697 942 2737 68
964 2697 996 2736 Β

148 2744 470 2817 ἀγανακτήσει
493 2765 550 2792 τε
572 2743 896 2817 οἷποθνήσκων
914 2750 997 2794 καὶ

149 2820 238 2848 ουκ
258 2820 461 2872 ασμενος
478 2803 599 2849 εἶσιν
617 2801 803 2849 αὐτόσε.
832 2808 996 2850 Charin.

146 2876 190 2927 p.
220 2864 299 2904 159
321 2864 353 2902 Β
389 2877 529 2905 ωκνει
560 2877 616 2904 τε
655 2861 753 2904 καὶ
783 2857 840 2905 οὗ
869 2878 998 2906 πανυ

147 2911 342 2984 ἤθελεν.
377 2919 509 2983 Soph.
534 2921 681 2959 Eieetr.
705 2921 788 2960 885
810 2914 859 2971 ἐξ
882 2914 997 2972 ἐμοῦ

148 2987 206 3016 τε
228 2987 370 3015 κουκ
394 2967 555 3015 αλλου.
589 2975 688 3016 Oed.
703 2976 790 3017 Col.
810 2979 891 3017 935
915 2976 998 3031 βίᾳ

149 3044 207 3073 τε
211 3044 377 3093 κουχ
408 3023 543 3082 ἕκων,
568 3045 590 3069 ι·
598 3032 634 3071 bi
659 3045 698 3070 v.
722 3032 994 3076 Hermann,

537 3086 556 3094 ιι

207 3099 347 3140 οπερ
389 3079 446 3127 ἐν
486 3101 557 3141 τῳ
607 3082 764 3151 ἕμπρ.
809 3068 995 3142 εἶπον]

35 3132 37 3134 ’
77 3184 81 3185 ⁷
149 3144 194 3184 P.
218 3145 270 3184 81
296 3102 382 3184 CQD.
407 3165 459 3171 —
481 3132 588 3208 πὲρὶ
612 3136 663 3183 τὸ
688 3141 819 3195 σῶμα
840 3148 997 3186 πτοεῖ-

151 3199 270 3240 σθαι
311 3199 464 3239 dicitur
499 3201 665 3238 animus
695 3212 821 3251 aegre
851 3213 875 3239 a
906 3214 994 3240 cor-

149 3267 254 3310 pore
283 3256 442 3296 disces]
434 3269 506 3296 ns
536 3257 716 3320 ideoqne
746 3258 858 3295 cina
891 3256 998 3296 illud

151 3325 252 3364 prae
293 3313 540 3376 οιιρῐᾱίιιιιι
564 3314 682 3374 qnasi
726 3313 908 3352 volitans
947 3324 998 3352 ao

150 3368 382 3420 trepidans.
424 3391 476 3398 —
518 3361 690 3419 ὁρατὸς
741 3362 884 3416 τόπος
936 3378 1000 3410 est

152 3425 323 3464 omnino
354 3424 497 3467 locus
527 3426 803 3466 terrestris
839 3433 887 3465 et
910 3425 996 3465 ad-

1084 1457 1428 1511 spectabilis;
1450 1457 1636 1497 maxime
1653 1464 1795 1496 tamen
1812 1458 1930 1510 cogi-

1080 1515 1257 1554 tandum
1287 1514 1452 1554 videtur
1489 1514 1542 1553 de
1573 1514 1837 1567 sepulcro.
1875 1514 1928 1553 cf.

1080 1584 1125 1624 p.
1147 1572 1200 1611 81
1220 1571 1265 1613 C.

1138 1641 1184 1682 Β.
1257 1635 1440 1682 πολλὰ
1527 1631 1926 1692 ἄντιτείνασα]

1082 1698 1304 1738 multum
1345 1697 1605 1744 renitens,
1648 1696 1928 1735 vehemen-

1082 1763 1162 1795 ter
1219 1765 1537 1819 repugnans.
1594 1726 1704 1792 'Nam
1764 1751 1804 1791 iu
1863 1751 1930 1792 his

1082 1805 1234 1852 πολλοὶ
1239 1811 1439 1880 positum
1463 1817 1527 1850 est
1547 1800 1655 1850 αντὶ
1676 1807 1763 1849 τοῦ
1784 1821 1930 1849 κατα-

1082 1860 1208 1908 πολυ
1231 1860 1626 1919 ἐπιρρηματικῶς.
1645 1877 1686 1907 v.
1696 1864 1929 1916 Bergler.

1085 1925 1138 1963 ad
1159 1924 1287 1962 Arist.
1313 1924 1469 1974 Equitt.
1490 1923 1588 1964 412

1139 1985 1322 2034 πολλα
1354 1988 1647 2059 παθοῦσα]
1675 1990 1808 2032 intell.
1838 1983 1927 2032 ὑπὸ

1086 2048 1181 2091 τῶν
1201 2047 1285 2090 τοῦ
1309 2041 1522 2100 σώματος
1544 2041 1834 2100 ἐπιθυμιῶν.

1143 2109 1358 2170 οθιπερ
1400 2131 1459 2158 αι
1502 2109 1691 2169 ἄλλαι]
1733 2117 1785 2156 V.
1808 2119 1863 2158 ad
1885 2130 1927 2171 p.

1142 2224 1174 2272 ἃ
1202 2223 1418 2272 τούτων
1453 2222 1700 2295 αδελφα]
1742 2230 1771 2271 i.
1803 2242 1840 2272 e.
1880 2242 1930 2270 o-

1083 2301 1214 2341 μοια,
1237 2280 1563 2339 παραπλήσια,
1588 2284 1809 2339 συγγενῆ.
1834 2285 1928 2325 Phi·

1083 2345 1164 2386 leb.
1189 2358 1228 2397 p.
1250 2346 1301 2383 21
1316 2347 1348 2382 A
1368 2342 1452 2384 τοῦ
1475 2344 1673 2407 φρονεῖν
1696 2339 1776 2382 καὶ
1799 2344 1929 2383 νοεῖν

1084 2392 1738 2466 -καὶὸσατούτωνοῖδελφοῖ,
1751 2398 1930 2440 Phaedr.

1082 2470 1123 2523 p.
1146 2459 1229 2498 276
1251 2456 1284 2495 D
1315 2448 1491 2509 ἑτέροις
1520 2468 1594 2507 τε,
1634 2465 1722 2496 οσα
1750 2448 1928 2495 τούτων

1082 2506 1289 2566 αδελφοὶ.

1140 2575 1930 2650 anasmsv'ystJunusquisque

1082 2639 1235 2705 fugit.
1271 2640 1368 2679 Eur.
1413 2638 1561 2678 Βιιειίι
1599 2639 1652 2678 70
1691 2650 1858 2690 στομα
1882 2633 1927 2678 τ’

1086 2708 1306 2750 ευφημον
1355 2709 1483 2743 απας
1531 2687 1797 2758 bazowam?
1859 2694 1930 2734 ubi

1083 2753 1397 2792 Elmsleius:
1422 2751 1758 2802 „sime-trum,
1781 2751 1928 2800 inquit,

1085 2809 1483 2875 anapaesticum
1536 2817 1698 2856 esset,
1751 2806 1930 2870 potius

1085 2864 1194 2913 πᾶς
1253 2858 1550 2906 ὁσιούσθω
1598 2863 1930 2927 s1ripsisset

1085 2931 1254 2974 poeta.
1265 2922 1292 2942 ‘⁶
1344 2920 1545 2960 Nimiium
1589 2933 1716 2967 απας
1756 2918 1929 2970 gravius

1086 2978 1239 3018 dictum
1263 2984 1326 3018 est
1344 2990 1473 3041 quam
1495 2976 1604 3024 πᾶς.
1646 2976 1708 3015 Χν
1702 2989 1753 3014 ’.ιι
1766 2975 1925 3040 Sjgmp.

1085 3035 1136 3073 ΙΙ.
1147 3035 1174 3073 4
1195 3031 1278 3075 καὶ
1299 3027 1388 3088 γὰρ
1413 3029 1501 3087 δὴ
1497 3047 1586 3083 ιιυρ
1591 3046 1625 3084 ῳ
1647 3044 1734 3084 μεν
1755 3043 1779 3070 ο
1803 3030 1929 3069 αλει-

1084 3083 1306 3156 ψάμενος
1321 3087 1402 3131 καὶ
1431 3088 1602 3149 δοῦλος
1631 3085 1713 3128 καὶ
1737 3080 1930 3127 ἐλεύθε-

1085 3159 1164 3198 ρος
1188 3140 1339 3194 εὐθὺς
1362 3160 1487 3193 απας
1505 3136 1668 3198 όμοιον
1691 3135 1799 3192 ὄζει.
1823 3143 1849 3180 Ρ
1857 3141 1927 3181 lat.

1083 3202 1263 3242 Phaedr.
1287 3216 1328 3255 p.
1347 3205 1428 3243 247
1451 3203 1494 3244 D
1531 3203 1656 3242 Arist
1680 3201 1812 3238 Ranu.
1831 3197 1927 3238 981.

1086 3258 1215 3310 Soph.
1252 3258 1730 3299 Ant.312.P1a···t‹na
1768 3255 1924 3294 flain-

1085 3315 1435 3357 dorf.c0ntu1n
1485 3314 1645 3355 Potitio
1689 3325 1730 3364 p.
1771 3311 1854 3351 259
1883 3308 1926 3348 C.

1083 3370 1257 3422 Leggst
1263 3383 1339 3422 ,p
1362 3372 1443 3410 628
1467 3371 1510 3411 B.

1143 3423 1520 3482 ξυνέμπορος]
1544 3424 1666 3467 Tim.
1689 3423 1827 3465 Gloss.
1853 3435 1924 3461 ex—
