2158 3718
612 114 731 166 AD
784 111 1291 167 CRITONEM.
1713 114 1809 165 185

115 256 507 328 perspiciatur,
568 255 753 327 fugam
798 253 1041 310 Socratis
1089 274 1157 307 ne.
1202 255 1390 306 utilem
1431 252 1650 323 quidem
1697 253 1808 306 ullo

115 326 277 381 modo
325 327 468 394 fore,
519 325 617 380 sed
668 327 852 395 potius
903 326 1122 378 noxiam
1161 333 1216 379 et
1257 325 1597 393 damnosam,
1651 344 1807 396 prae-

118 399 302 453 sertim
343 417 509 467 quum
545 397 754 469 patriae
792 416 1071 452 eversores
1104 416 1283 468 poena
1306 396 1605 449 iniustitiae
1647 396 1809 449 etiam

114 473 244 541 post
281 477 505 522 mortem
543 477 774 522 maneat.
849 469 1072 521 Etenim
1125 477 1403 540 postrema
1441 467 1574 519 haec
1612 476 1674 520 ut
1713 466 1809 519 ad-

116 540 400 608 derentur,
455 538 526 591 ad
575 539 818 594 Critonis
866 540 1192 594 sententiam
1240 540 1400 611 plane
1455 537 1811 591 refellendam

115 631 408 682 sanequam
447 630 585 680 opus
636 611 764 679 fuit,
823 612 1023 682 quippe
1066 630 1225 681 quem
1257 610 1654 664 meminerimus
1704 610 1812 662 uti-

113 683 284 736 litatis
335 682 679 753 potissimum
724 683 1028 737 rat-ionibus
1091 694 1367 753 tamquam
1421 702 1542 735 cum
1603 681 1814 734 iustitia

115 754 420 808 coniunctis
465 753 754 824 plurimum
801 755 1056 808 tribuere.
1141 754 1335 824 Itaque
1390 753 1548 806 facile
1587 760 1813 824 apparet

116 825 420 897 argumenti
471 824 926 895 descriptionem‘
959 832 1125 894 atque
1187 825 1568 879 tractationem
1618 825 1811 894 utique

116 916 235 950 esse
274 897 764 968 elegantissimam,
807 915 944 966 quae
983 896 1231 949 Platonis
1268 896 1488 967 ingenio
1527 895 1812 966 haudqua-

115 986 277 1036 quam
313 967 539 1038 indigna
576 968 663 1020 sit.

257 1039 375 1092 Iam
411 1058 540 1090 vero
578 1038 704 1090 libri
742 1046 1064 1110 argumento
1101 1039 1428 1108 perlustrato
1466 1037 1711 1106 sequitur
1751 1045 1814 1088 ut

115 1111 304 1180 paucis
344 1108 681 1178 querendum
719 1110 793 1162 sit
831 1108 897 1161 de
935 1109 1108 1180 ipsius
1154 1128 1361 1162 summo
1405 1108 1650 1162 consilio.
1724 1107 1811 1159 De

115 1200 224 1250 qua
260 1200 318 1233 re
356 1180 513 1233 nobis
552 1179 769 1249 quidem
805 1179 1023 1233 videtur
1061 1200 1170 1233 non
1208 1180 1345 1233 adeo
1383 1179 1612 1233 multum
1652 1177 1813 1231 dubi-

114 1253 220 1305 tari
255 1270 437 1323 posse.
510 1250 747 1305 Videtur
783 1252 925 1304 enim
950 1252 1166 1305 Platoni
1203 1252 1259 1304 in
1293 1271 1356 1305 eo
1395 1249 1668 1303 exarando
1706 1249 1813 1302 hoc

114 1343 281 1376 unum
327 1323 559 1375 maxime
609 1323 774 1376 fuisse
822 1324 1191 1394 propositum,
1243 1331 1304 1375 ut
1357 1323 1638 1377 Socratem
1675 1330 1813 1373 tam-

115 1414 278 1464 quam
314 1395 576 1465 optimum
612 1394 784 1447 civem
819 1413 1052 1463 eumque
1088 1394 1267 1466 legum
1293 1394 1584 1465 patriarum
1625 1393 1812 1446 obser-

114 1466 488 1520 vantissimum
509 1465 819 1518 institueret
856 1485 919 1518 ac
957 1465 1292 1519 describeret
1325 1465 1621 1535 eade-mque
1648 1483 1815 1534 opera

115 1538 333 1591 omnino
373 1536 685 1591 ostenderet
721 1555 784 1590 ac
822 1535 1072 1607 doceret,
1121 1538 1179 1590 in
1218 1537 1462 1591 colendis
1503 1536 1697 1590 officiis
1737 1537 1812 1588 ci—

115 1609 314 1662 vilibus
350 1627 459 1661 non
496 1607 552 1660 id
590 1627 708 1661 esse
747 1608 1122 1678 spectandum,
1161 1616 1222 1661 ut
1259 1617 1354 1661 aut
1378 1609 1655 1662 hominum
1695 1607 1814 1677 opi-

115 1680 370 1734 nionibus
422 1686 517 1731 aut
563 1680 903 1750 propriorum
947 1679 1370 1749 acommodorum
1408 1680 1604 1734 studiis
1642 1679 1814 1732 inser-

119 1752 326 1820 viatur,
379 1751 471 1821 qui
507 1770 624 1804 mos
662 1769 791 1804 sane
826 1751 1044 1805 labente
1081 1759 1264 1805 vetere
1314 1751 1604 1822 disciplina
1642 1751 1697 1803 in
1738 1750 1814 1803 ci-

115 1823 284 1876 vitate
322 1823 664 1875 Athenarum
701 1822 895 1874 mirum
934 1833 1196 1892 quantum
1229 1823 1562 1890 invaluerat,
1615 1820 1713 1875 sed
1749 1821 1814 1873 il-

115 1893 211 1947 lud
245 1894 430 1965 potius
472 1912 592 1946 esse
630 1894 996 1963 sequendum,
1046 1902 1109 1947 ut
1156 1895 1292 1948 rccti
1329 1894 1652 1964 honestique
1690 1912 1813 1963 per-

116 1966 298 2019 suasio
347 1971 512 2036 atque
558 1965 801 2018 iustitiae
851 1965 1113 2020 sanctitas
1152 1985 1273 2020 cum
1314 1965 1423 2018 fide
1461 1980 1515 2018 et
1550 1962 1845 2036 religione*

116 2037 409 2090 coniuncta
445 2055 542 2106 per
580 2036 761 2088 omnia
798 2036 1134 2090 observetur.
1211 2036 1336 2104 Quo
1386 2036 1547 2090 modo
1586 2035 1644 2088 id
1683 2055 1814 2089 con-

116 2115 380 2177 sequutus
416 2115 531 2174 est,
571 2115 633 2158 ut
669 2115 780 2159 tam
820 2107 1100 2161 Socratem
1139 2127 1300 2177 quam
1339 2108 1510 2178 ipsius
1549 2108 1815 2160 rationem

117 2198 181 2231 ac
217 2177 560 2247 disciplinam
597 2178 664 2231 ab
703 2197 891 2231 eorum
929 2179 1392 2232 criminationibus
1431 2177 1810 2246 vindicaverit,

118 2249 213 2319 qui
259 2249 408 2302 illum
468 2249 675 2302 civitati
723 2248 1068 2303 dictitassent
1129 2250 1372 2303 extitisse
1421 2249 1812 2315 adversarium,

118 2320 386 2390 simulque
435 2320 743 2373 exhibuerit
787 2321 919 2374 boni
980 2322 1114 2375 civis
1161 2321 1482 2392 imaginem,
1547 2322 1604 2373 in
1655 2339 1816 2389 quam

117 2393 390 2445 intuentes
443 2391 695 2460 aequales
746 2399 910 2460 atque
958 2393 1163 2463 posteri
1209 2392 1511 2465 intelligere
1567 2399 1814 2463 possent,

119 2463 315 2534 quibus
352 2463 602 2516 sensibus
643 2462 865 2515 animati
904 2482 1022 2517 esse
1062 2462 1326 2518 deberent
1363 2483 1566 2531 omnes,
1607 2464 1700 2532 qui
1738 2465 1815 2516 ci-

120 2535 266 2588 vium
313 2534 583 2588 bonorum
631 2542 794 2602 atque
833 2535 1098 2588 iustorum
1147 2535 1332 2588 officia
1382 2547 1530 2593 recte
1569 2535 1720 2592 obire
1759 2541 1815 2587 et

121 2606 342 2675 explere
379 2605 598 2658 vellent.
677 2604 1020 2676 Quamquam
1071 2605 1258 2659 eadem
1310 2611 1602 2664 occasione
1653 2607 1816 2660 etiam

119 2676 256 2729 illud
303 2675 518 2728 videtur
565 2677 743 2746 palam
791 2678 969 2731 facere
1025 2678 1296 2746 voluisse,
1360 2683 1677 2751 neutiquam
1722 2677 1814 2730 de-

119 2748 287 2801 fuisse
348 2749 465 2800 viro
527 2748 929 2818 sapientissimo
992 2749 1286 2802 amicorum
1349 2750 1813 2806 et‘2familiarium

119 2819 299 2889 ipsum
349 2838 563 2872 servare
612 2819 944 2889 cupientium
982 2819 1191 2888 studia,
1247 2820 1394 2890 quod
1430 2824 1662 2878 fortasse
1698 2823 1813 2874 fue-

120 2897 248 2942 runt
301 2890 394 2958 qui
445 2889 552 2943 illis
598 2891 893 2944 vertissent
940 2892 1263 2962 opprobrio,
1326 2911 1510 2948 verum
1569 2894 1814 2949 extitisse

122 2961 342 3030 utique,
393 2960 487 3029 qui
536 2979 656 3013 eum
703 2962 1003 3015 imminenti
1051 2963 1241 3016 mortis
1292 2966 1532 3037 periculo
1571 2973 1813 3037 ereptum

121 3032 353 3100 vellent,
402 3030 500 3084 sed
546 3031 646 3084 hos
683 3031 834 3102 ipsos
873 3033 926 3086 vi
975 3033 1220 3087 veritatis
1258 3035 1433 3091 victos
1478 3038 1814 3091 voluntatem

124 3121 278 3156 suam
326 3102 573 3174 magistri
619 3103 834 3156 saniora
883 3112 938 3157 et
989 3105 1316 3176 sapientiora
1368 3108 1646 3163 suadentis
1684 3127 1814 3162 con-

123 3173 258 3228 siliis
295 3181 605 3227 reverenter
641 3173 975 3229 submisisse.

263 3246 452 3315 Atque
494 3244 631 3298 haec
678 3244 896 3319 quidem
942 3246 1034 3300 ubi
1082 3249 1410 3304 tenuerimus
1431 3292 1446 3319 ,
1519 3257 1665 3304 certe
1713 3266 1814 3301 nec

126 3316 416 3370 obscurum
455 3316 574 3384 erit,
616 3315 886 3384 quomodo
911 3318 1071 3372 Plato
1109 3339 1324 3389 munuS,
1364 3320 1512 3390 quod
1551 3321 1655 3375 sibi
1691 3338 1812 3390 per-
