2158 3718
375 88 796 145 APOLOGIA
831 86 1230 143 SOORATIS.
1270 87 1332 139 P.
1374 88 1457 139 35.
1499 84 1581 139 St.
1736 88 1834 139 143

137 241 231 293 καὶ
275 235 526 309 ἀσεβείας
569 232 850 310 φεύγοντα
894 231 1002 288 ὑπὸ
1043 231 1310 298 Μελήτου
1359 235 1601 287 τουτουὶ.
1644 234 1837 306 σαφῶς
1907 255 1911 263 ·-

137 325 245 392 γὰρ
287 319 392 385 ἄν,
439 327 482 376 εἰ
527 323 782 390 πείθοιμι
824 316 971 388 ὑμᾶς
1016 321 1106 372 καὶ
1154 318 1228 386 τῷ
1271 320 1497 371 δεῖσθαι
1539 316 1837 387 βιαζοίμην

137 404 515 477 ὀμωμοκότας,
560 401 741 466 θεοὺς
784 399 855 456 ἂν
899 399 1210 472 διδάσκοιμι
1262 395 1338 471 μὴ
1382 399 1649 469 ἡγεῖσθαι
1693 399 1839 472 ὑμᾶς

137 490 302 552 εἶναι,
371 492 462 543 καὶ
514 486 755 558 ἀτεχνῶς
813 485 1267 555 ἀπολογούμενος
1325 489 1694 553 κατηγοροίην
1765 482 1838 538 ἂν

135 577 394 644 ἐμαυτοῦ,
437 570 511 636 ὡς
559 569 731 635 θεοὺς
775 571 839 626 οὐ
886 573 1104 640 νομίζω.
1172 566 1314 622 ἀλλὰ
1361 572 1572 624 πολλοῦ
1619 572 1698 624 δεῖ
1741 566 1837 623 οὕ-

136 679 242 722 τως
284 663 450 727 ἔχειν·
507 658 705 724 νομίζω
754 678 809 710 τε
854 653 989 725 γάρ,
1049 647 1089 708 ὦ
1136 650 1336 722 ἄνδρες
1376 651 1710 719 Ἀθηναῖοι,
1764 651 1837 716 ὡς

138 741 318 805 οὐδεὶς
365 743 472 795 τῶν
515 743 659 807 ἐμῶν
701 738 1052 809 κατηγόρων,
1107 740 1199 792 καὶ
1241 735 1372 808 ὑμῖν
1430 743 1697 810 ἐπιτρέπω
1745 741 1837 792 καὶ

138 829 213 894 τῷ
263 828 382 894 θεῷ
430 835 612 893 κρῖναι
660 828 781 897 περὶ
817 826 953 894 ἐμοῦ
1001 820 1111 898 ὅπῃ
1151 825 1328 892 μέλλει
1373 825 1495 893 ἐμοί
1537 843 1594 877 τε
1637 821 1836 894 ἄριστα

137 907 278 965 εἶναι
322 913 411 964 καὶ
454 907 603 978 ὑμῖν.

262 1077 403 1150 Cap.
448 1072 648 1130 XXV.
750 1073 825 1129 Τὸ
871 1078 972 1144 μὲν
1017 1072 1093 1145 μὴ
1135 1073 1504 1148 ἀγανακτεῖν,
1551 1070 1591 1130 ὦ
1641 1075 1838 1150 ἄνδρες

130 1158 467 1227 Ἀθηναῖοι.
520 1163 605 1213 ἐπὶ
650 1157 828 1227 τούτῳ
875 1161 950 1228 τῷ
995 1159 1272 1228 γεγονότι,
1316 1157 1400 1215 ὅτι
1444 1183 1553 1232 μου
1595 1179 1838 1240 κατεψη-

134 1327 178 1371 4.
209 1328 249 1371 6.
280 1326 400 1368 Flor.
432 1327 475 1367 b.
507 1339 543 1366 c.
577 1337 614 1365 e.
648 1330 691 1364 et
718 1337 782 1377 pr.
816 1337 854 1363 u
889 1325 1072 1376 legitur:
1105 1321 1240 1366 ἄλλως
1272 1340 1314 1366 τε
1345 1323 1516 1368 πάντως
1545 1324 1599 1382 νὴ
1633 1328 1724 1369 Διά
1742 1329 1838 1380 μέν·

138 1399 215 1426 τοι.
246 1385 371 1426 Unus
403 1385 505 1425 Par.
531 1384 586 1423 H.
620 1377 722 1422 ἀλλὰ
750 1380 925 1432 μάλιστα
957 1379 1127 1423 πάντως
1157 1381 1211 1437 νὴ
1246 1383 1338 1424 Διά
1368 1382 1512 1435 μέντοι
1538 1384 1842 1428 Cois].‹31').).ws

139 1457 182 1484 τε
212 1440 384 1483 πάντως
415 1438 443 1495 ἤ
478 1456 531 1494 νη
563 1441 655 1481 Δία
684 1439 838 1491 μέιτοι.

255 1501 441 1552 σαφῶς
474 1496 574 1553 γὰρ
605 1495 693 1546 ἄν]
728 1499 932 1539 Accessit
961 1494 1014 1538 ἂν
1044 1512 1067 1538 e
1102 1497 1202 1538 Bas.
1234 1497 1275 1540 2.
1309 1498 1438 1539 Bodl.
1459 1500 1555 1540 V.at
1578 1502 1691 1543 Ven.
1724 1517 1763 1544 a.
1796 1505 1838 1547 b.

137 1559 272 1600 Vind.
304 1559 342 1601 1.
375 1558 416 1601 2.
447 1557 490 1600 4.
522 1556 563 1600 5.
595 1557 637 1600 6.
669 1557 738 1596 Fl.
771 1569 810 1597 a.
839 1556 880 1598 b.
913 1569 955 1608 g.
986 1557 1031 1596 h.
1063 1557 1090 1596 i.
1122 1557 1236 1596 aliis.

255 1615 362 1670 Cap.
394 1616 538 1657 XXV.
576 1615 630 1655 E.

142 1732 367 1772 Meleto.
425 1729 555 1778 Quod
586 1729 627 1768 h.
662 1729 692 1768 1.
723 1728 866 1779 μέντοι
897 1726 948 1782 νὴ

141 1790 233 1829 Διά
264 1785 433 1828 πάντως
451 1787 759 1839 interpositum
777 1793 843 1828 est
861 1787 949 1827 for-

141 1848 287 1888 mulae
317 1843 455 1886 ἄλλωε·
486 1858 529 1884 τε
561 1844 643 1898 καὶ,
675 1845 789 1885 conf.
826 1846 948 1885 Ari-

143 1905 330 1958 stoph.
361 1903 477 1945 Nub.
510 1917 551 1942 v.
581 1902 695 1946 1267
731 1904 799 1943 ed.
821 1903 949 1942 Dind.

143 1958 280 2003 ἄλλως
309 1976 351 2002 τε
380 1960 524 2012 μέντοι
550 1962 694 2012 (sane)
718 1961 785 2000 καὶ
809 1961 951 2000 κακῶς

142 2018 390 2073 πεπραγότι.
435 2018 694 2069 Aeschyl.
736 2019 860 2058 Pers.
904 2033 946 2058 v.

142 2077 241 2121 659.
274 2077 499 2119 Prometh.
530 2090 570 2116 v.
590 2075 690 2118 635.
711 2077 945 2116 Eumenid.

141 2150 182 2175 v.
220 2135 305 2179 725
352 2148 417 2186 sq.
455 2134 532 2173 ubi
570 2130 706 2174 ἄλλως
737 2147 780 2173 τε
822 2131 944 2172 πάν-

143 2202 243 2232 τως
304 2192 582 2246 (omnino)
645 2192 720 2230 καί
774 2192 947 2231 dicitur.

141 2251 302 2302 Itaque
331 2250 418 2290 hoc
452 2249 552 2288 loco
585 2246 729 2297 μέντοι
765 2254 807 2288 et
842 2246 945 2287 πάν-

144 2318 227 2348 τως
256 2307 552 2348 consociatum
583 2306 769 2346 habetur
794 2307 947 2346 addito

142 2367 324 2418 insuper
364 2365 496 2405 etiam
539 2360 594 2415 νὴ
633 2364 734 2404 Δία.
808 2362 947 2411 Quam

145 2424 318 2475 copiam
364 2428 406 2462 et
448 2421 692 2461 ubertatem
737 2423 834 2473 quis
884 2426 950 2462 est

143 2482 250 2534 quin
279 2480 394 2521 ferat
422 2479 764 2519 molestissime?
798 2479 950 2519 Enim·

142 2539 249 2579 vero
289 2539 396 2592 quid
432 2537 497 2576 re'i
539 2537 620 2586 sit,
664 2537 813 2604 arguit
843 2537 949 2577 scri·

142 2601 275 2649 ptura
323 2594 487 2636 codicis
540 2593 679 2634 Coisl.
728 2591 863 2635 ἄλλως
908 2608 951 2634 τε

145 2650 317 2693 πάντως
353 2650 381 2707 ἤ
417 2648 471 2705 νὴ
500 2650 592 2691 Δία
629 2651 796 2701 μέντοι,
834 2654 950 2693 unde

143 2716 346 2764 apertum
394 2715 462 2751 est
499 2709 588 2749 iam
626 2711 731 2750 olim
770 2710 844 2751 hic
874 2723 948 2750 ex-

147 2770 315 2810 stitisse
353 2767 683 2820 διττογραφιάν,
731 2774 884 2819 postea
924 2781 950 2808 a

146 2827 305 2867 scribis
374 2828 421 2866 in
490 2837 627 2865 unum
705 2824 952 2866 conflatam.

146 2883 326 2936 Quippe
347 2885 425 2924 alii
445 2884 669 2932 legerunt:
703 2878 872 2923 ἄλλως
904 2898 955 2924 τε

147 2940 334 2992 μέντοι
376 2941 444 2981 καὶ
477 2934 596 2990 ἇσεβ.
633 2951 705 2991 φ.,·
739 2941 816 2982 alii
846 2954 953 2982 vero

148 3002 440 3069 scripserunt=
500 2993 637 3037 ἄλλως
693 3011 737 3038 τε
763 2994 956 3046 πάντως

149 3056 218 3096 καὶ
268 3051 391 3108 ἆσέβ.
435 3069 482 3107 φ.
549 3053 680 3102 Quod
725 3062 959 3110 utrumque

149 3115 326 3167 deinde,
358 3112 579 3164 adscripto
610 3113 743 3154 etiam
772 3111 829 3167 νὴ
847 3115 954 3167 Δία,

149 3173 335 3214 mixtum
354 3177 434 3213 est.
496 3168 670 3222 Quippe
698 3171 956 3212 alterutrum

151 3230 249 3271 sine
289 3231 424 3271 dubio
463 3228 646 3269 debetur
696 3229 955 3280 glossatori-

151 3287 248 3330 bus.
312 3287 382 3328 De
412 3299 500 3340 qua
538 3298 587 3325 re
630 3285 760 3327 nobis
796 3287 861 3329 ita
888 3289 953 3327 vi-

154 3344 283 3386 detur
322 3343 627 3390 iudicandum,
670 3348 718 3383 ut
759 3345 798 3385 si
839 3346 952 3396 opti-

681 1611 750 1655 Τὸ
782 1612 875 1664 μὲν
904 1610 972 1666 μὴ
1015 1608 1379 1668 ἀγανακτεῖν]
1422 1614 1495 1656 Sic
1535 1630 1632 1657 cum
1667 1618 1765 1662 Bas.
1798 1619 1840 1661 2.

1035 1723 1146 1770 mos¹
1166 1730 1303 1770 libros
1348 1731 1483 1772 duces
1515 1743 1764 1785 sequamur,
1797 1735 1840 1777 h.

1037 1801 1072 1827 e.
1114 1787 1430 1835 Bodleianum‚
1478 1790 1756 1842 Vaticanum,
1800 1799 1842 1832 et

1034 1844 1149 1885 Ven.
1190 1846 1254 1896 b.,
1295 1847 1530 1897 genuinam
1582 1849 1842 1901 scripturam

1035 1903 1147 1943 hanc
1186 1904 1324 1943 fuisse
1364 1911 1519 1956 putare
1576 1907 1836 1948 debeamus:

1035 1958 1171 2001 ἄλλως
1209 1974 1250 2000 τε
1281 1960 1475 2010 μέντοι
1517 1963 1586 2003 καὶ
1627 1959 1749 2016 ἀσ.εβ
1780 1979 1841 2016 φ,

1035 2020 1104 2058 cui
1134 2020 1313 2059 lectioni
1345 2021 1400 2059 ad
1430 2033 1527 2060 voc.
1559 2019 1742 2071 μέντοι
1771 2026 1839 2064 in-

1032 2078 1359 2127 terpretationis
1392 2079 1535 2129 gratia
1571 2081 1839 2133 adscriptum

1031 2134 1135 2176 fuit:
1178 2130 1239 2186 νὴ
1269 2133 1400 2182 Δι’,α
1441 2132 1655 2177 πάντως
1694 2139 1764 2178 vel
1814 2134 1841 2191 ἢ

1034 2187 1096 2243 νὴ
1127 2191 1258 2238 Δι’,α
1291 2189 1525 2244 πάντως,
1564 2208 1674 2246 quae
1704 2197 1840 2237 verba

1033 2250 1157 2288 uncis
1188 2249 1456 2290 seclusimus.
1514 2251 1672 2304 Itaque
1717 2254 1838 2294 fraus

1033 2307 1183 2358 utique
1233 2307 1484 2348 manifesta.
1561 2308 1691 2358 Quod
1735 2312 1839 2352 olim

1036 2377 1132 2403 cum
1162 2365 1199 2403 I.
1217 2364 1480 2406 Bekkero
1513 2367 1560 2407 in
1594 2381 1641 2407 re
1670 2369 1840 2410 incerta

1037 2422 1310 2474 scripsimus·
1344 2413 1480 2464 ἄλλως
1511 2438 1553 2464 τε
1583 2422 1757 2467 πάντως
1785 2424 1839 2480 νὴ

1036 2478 1148 2526 Δι’,α
1180 2477 1357 2529 μάλιστα
1395 2479 1538 2531 μέντοι
1570 2483 1637 2523 καὶ
1677 2479 1744 2526 do.
1776 2499 1839 2536 φ.,

1036 2537 1083 2577 id
1116 2537 1171 2576 ad
1204 2543 1308 2578 vett.
1330 2538 1453 2579 editt.
1483 2541 1700 2583 rationem
1724 2556 1839 2584 com-

1035 2600 1238 2647 paratum
1258 2602 1322 2636 est
1327 2609 1494 2650 ,neque
1513 2600 1711 2640 codicum
1733 2613 1838 2641 mss.

1035 2654 1300 2694 auctoritate
1337 2667 1603 2708 magnopere
1633 2659 1842 2699 munitur.

1093 2708 1145 2749 εἰ
1180 2710 1838 2783 πείθοιμι-βιαζοιμην]

1035 2766 1178 2809 Intell'
1212 2770 1470 2822 χαρίζεσθαί
1501 2786 1574 2822 μοι
1607 2770 1655 2813 τὰ
1688 2771 1841 2815 δι’.καια

1036 2825 1212 2866 Deinde
1238 2829 1374 2868 verba
1395 2830 1460 2868 ita
1490 2830 1746 2876 cohaerent:
1781 2831 1842 2872 δι-

1041 2880 1237 2934 δάσκοιμι
1287 2899 1342 2925 αν
1388 2882 1499 2937 ὑμᾶς
1534 2885 1590 2941 μή
1642 2884 1844 2942 ηγεῖσθαι

1039 2938 1181 2982 θεοὺς
1211 2955 1274 2982 sn
1277 2957 1334 2984 αι

1098 2998 1204 3052 Cap.
1245 2999 1383 3042 XXV.
1424 3002 1479 3042 E.
1555 3001 1624 3045 Τὸ
1654 3003 1748 3055 μὲν
1776 3002 1842 3059 μὴ

1044 3051 1374 3110 ἀγανακτεῖν
1404 3060 1487 3113 -]
1550 3061 1674 3111 Quae
1716 3063 1842 3104 Plato

1041 3113 1271 3156 Socratem
1308 3121 1439 3158 antea
1468 3119 1683 3161 dicentem
1721 3120 1841 3173 fecit,

1042 3185 1094 3212 ea
1130 3173 1296 3215 dixisse
1324 3176 1546 3227 putandus
1577 3184 1668 3230 est,
1698 3180 1841 3231 prius-

1041 3242 1172 3282 quam
1200 3231 1367 3272 iudices
1410 3233 1572 3285 primas
1604 3237 1842 3277 sententias

1040 3287 1094 3327 de
1125 3300 1176 3329 eo
1195 3289 1421 3333 tulissent·
1455 3303 1565 3343 quae
1586 3299 1842 3346 sequuntur,

1040 3357 1091 3386 ea
1128 3345 1336 3398 loquutus
1377 3353 1469 3398 est,
1515 3357 1746 3404 postquam
1792 3363 1843 3390 eo
