2158 3718
734 107 998 152 ΡΗΑΕοο
1028 123 1074 166 p.
1106 111 1174 152 80.
1747 112 1848 166 171

61 251 259 320 θνητῷ
296 248 389 301 καὶ
427 245 643 317 ἀνοήτῳ
680 247 774 299 καὶ
811 247 1102 300 πολυειδεῖ
1134 246 1227 299 καὶ
1262 248 1509 318 διαλυτῷ
1546 249 1640 301 καὶ
1677 251 1850 318 μηδέ-

62 351 202 386 ποτε
238 330 377 386 κατα
414 327 590 389 ταύτὰ
627 331 811 398 ἔχοντι
850 328 1027 400 ἑαυτῷ
1065 327 1396 398 ὁμοιότατον
1434 326 1513 385 αὖ
1550 329 1696 385 εἶναι
1733 337 1850 386 σῶ-

60 436 161 486 μα.
237 416 436 485 ἔχομέν
454 433 525 482 ’τι
562 410 714 483 παρὰ
751 418 927 467 ταῦτα
966 413 1104 467 ἄλλο
1144 414 1362 484 λέγειν,
1388 409 1434 468 οῗ
1473 418 1605 484 φίλε
1641 417 1846 487 Κέβης,
1912 444 1914 446 ·

18 507 21 509 ’
63 498 142 563 ὦς
178 498 283 568 οὐχ
319 498 499 561 οὕτως
537 499 671 566 ἔχει;
716 495 838 551 Οὐκ
877 501 1092 568 ἔχομεν.

208 587 323 650 Cap.
372 585 540 636 XXIX.
624 583 695 634 Τι’
743 575 875 643 οῧν;
936 581 1154 635 τούτων
1210 580 1390 645 οὕτως
1446 583 1695 652 ἐχόντων
1751 579 1845 655 ἆρ’

63 665 192 735 οὐχὶ
227 664 440 735 σώματι
476 666 592 734 μὲν
617 663 757 734 ταχὺ
796 666 1132 720 διαλύεσθαι
1158 666 1440 735 προςήκει,
1479 673 1632 738 ψυχῇ
1671 669 1734 723 δὲ
1772 662 1850 722 αὖ

58 747 126 804 τό
174 749 442 820 παράπαν
490 747 773 820 ἀδιαλύτῳ
824 746 969 803 εἶναι
1016 749 1051 819 ἢ
1100 750 1268 818 ἐγγύς
1313 771 1366 803 τι
1412 752 1644 813 τούτου;
1710 757 1847 816 Πῶς

11 831 14 833 ’
62 831 170 904 γὰρ
209 830 304 907 οὕς
339 831 580 896 Ἐννοεϊς
605 826 739 902 οὖν,
775 835 912 903 ἔφη,
953 832 1057 902 ὅτι,
1099 831 1330 887 ἐπειδὰν
1368 832 1630 907 ἀποθάνῃ
1670 835 1700 890 ὁ
1740 836 1844 890 ἄν-
1868 848 1902 890 G

60 923 320 987 θρωπος,
369 915 430 970 τὸ
469 916 573 986 μεν
611 915 818 986 ὁρατὸν
855 914 1061 985 αὐτοῦ,
1101 915 1164 969 τὸ
1203 921 1388 985 σῶμα,
1429 918 1522 971 καὶ
1562 920 1626 973 ἐν
1663 920 1849 991 ὁρατῷ

59 1003 344 1070 κείμενον,
385 999 417 1053 ὅ
453 999 521 1070 δὴ
560 999 766 1071 νεκρὸν
804 1004 1108 1074 αςαλοῦμεν,
1149 992 1194 1071 ᾦ
1219 1002 1482 1070 προςήκει
1509 1003 1850 1058 διαλύεσθαι

0 1073 1 1077 ¹
60 1083 157 1136 καὶ
194 1085 514 1137 διαπίπτειν
552 1086 646 1136 καὶ
685 1086 1079 1152 διαπνεϊσθαι,
1129 1082 1234 1144 οὐκ
1273 1082 1451 1146 εὐθὺς
1488 1086 1707 1140 τούτων
1745 1085 1850 1141 οὐ-

63 1169 163 1222 δὲν
209 1168 526 1236 πέπονθεν,
580 1167 707 1222 αλλ’
749 1170 1008 1230 ἐπιεικῶς
1053 1165 1268 1235 συχνὸν
1308 1168 1558 1238 ἐπιμένει
1603 1170 1843 1240 χρόνον·

65 1249 166 1307 ἐὰν
196 1250 306 1322 μέν
341 1271 423 1315 τις
460 1272 553 1305 και
590 1253 891 1322 χαριέντως
928 1254 1075 1320 ε’χων
1101 1250 1162 1304 τὸ
1190 1256 1350 1321 σῶμα
1386 1255 1712 1325 τελευτήσῃ,
1752 1257 1849 1308 καὶ

175 1406 273 1451 καὶ
297 1401 541 1473 ανοήτῳ]
564 1410 703 1451 Herm.
727 1410 835 1450 coni.
861 1405 1099 1473 αἰσθητῷ.
1142 1410 1198 1448 At
1219 1410 1453 1462 praecessit
1475 1409 1643 1466 νοητῷ.

177 1458 532 1519 ὁμοιότατον
554 1461 709 1508 εἶναι
730 1458 908 1520 ψυχή]
936 1453 1251 1505 Nominativum
1280 1473 1450 1505 tuentiu
1481 1467 1602 1507 Bodl.
1624 1469 1733 1510 Ven.
1755 1469 1851 1510 AH

61 1522 192 1564 Vind.
217 1521 256 1561 Φ
279 1523 458 1572 August.
479 1523 573 1565 Par.
598 1522 761 1563 CEGH
785 1523 931 1563 Ambi.
960 1522 1070 1564 Flor.
1092 1522 1152 1561 ab
1165 1522 1290 1565 edm
1330 1522 1460 1564 Editt.
1486 1534 1633 1564 omnes
1664 1518 1844 1578 ψυχην,

61 1579 177 1630 quod
197 1570 430 1631 posuerunt
452 1580 522 1630 qui
544 1580 660 1618 veibi
682 1576 934 1631 ξυμβαίνει
966 1586 1218 1617 structuram
1238 1579 1496 1629 ignorarent.
1518 1591 1559 1621 v.
1579 1580 1633 1619 ad
1653 1593 1697 1633 p.
1719 1582 1773 1621 67
1799 1582 1844 1622 C.

61 1636 165 1676 Tum
189 1635 310 1675 Bodl.
332 1635 439 1675 Tub.
463 1636 569 1675 Ven
595 1635 641 1675 H
661 1632 916 1675 πολυειδει
929 1630 1012 1674 καὶ
1034 1626 1221 1687 ἀνοήτῳ
1244 1634 1390 1674 ordine
1413 1647 1628 1687 perverso.

167 1683 244 1738 ὡς
266 1682 367 1745 οὐχ
397 1682 574 1739 οὕτως
606 1686 792 1756 ἔχειῆ,
797 1678 827 1743 ἦ
850 1702 925 1754 pio
948 1683 1012 1737 ὡς
1035 1690 1156 1731 Bodl.
1198 1691 1244 1728 In
1265 1691 1374 1730 Tub.
1396 1691 1492 1755 Vaqt,
1514 1690 1628 1731 Veu.
1628 1690 1694 1755 H
1714 1694 1845 1734 Vind.

63 1747 103 1788 Φ
124 1748 220 1789 Par.
243 1746 318 1787 CG
339 1748 489 1790 Ambi.
511 1748 663 1800 legitur
684 1738 714 1800 ἢ
734 1759 822 1800 ουχ
843 1737 992 1793 οὕτως
1015 1741 1125 1799 ἔχει
1150 1745 1277 1788 Coisl.
1302 1746 1426 1787 habet
1450 1736 1478 1799 ἢ
1500 1740 1563 1794 ὥς
1583 1740 1672 1801 οὐχ
1693 1741 1847 1797 οὕτως

62 1799 175 1870 ἔχει.
216 1802 426 1843 Nimirum
453 1804 660 1844 debentur
687 1803 790 1842 haee
818 1804 1128 1855 grammaticis,
1170 1803 1242 1851 qui
1271 1814 1353 1842 non
1386 1803 1595 1843 vidissent
1623 1806 1751 1844 veiba
1779 1810 1845 1853 ῶς

60 1854 149 1927 οὐχ
179 1850 329 1908 οὕτως
361 1855 457 1913 ἔχει
486 1860 692 1899 inserv'ne
721 1859 991 1912 explicationi
1023 1868 1369 1910 antegiessoium
1397 1851 1528 1911 παρὰ
1550 1858 1705 1900 ταῦτα
1727 1852 1844 1901 ἄλλο

63 1911 233 1970 λέγειν.

176 1986 278 2039 Cap.
303 1985 462 2026 XXIX.
505 1986 550 2029 C.
588 1975 697 2035 ότι,
744 1976 1010 2037 ἐπειδάν]
1053 1976 1127 2024 ὅτι
1168 1995 1252 2026 om.
1285 1984 1389 2023 Tub.
1424 1993 1463 2024 et
1493 1997 1517 2023 a
1546 1998 1611 2037 pr.
1634 1998 1690 2024 m.
1721 1986 1844 2026 Bodl.

61 2042 171 2082 Ven.
195 2042 257 2082 H.
279 2042 442 2082 Deinde
463 2035 517 2082 τό
537 2050 635 2080 ante
656 2038 790 2093 σῶμα
813 2053 835 2079 e
855 2040 977 2081 Bodl.
994 2041 1099 2082 Vat.
1130 2040 1236 2079 Tub.
1256 2039 1363 2080 Ven.
1380 2040 1430 2081 H
1448 2042 1579 2081 Vind.
1604 2042 1626 2081 1
1648 2042 1674 2080 6
1696 2042 1845 2085 Ambr.

42 2098 156 2140 Par.
178 2100 214 2137 A
237 2098 349 2141 Flor.
371 2099 398 2138 d
418 2098 673 2139 restitutum.
718 2099 762 2135 ln
783 2097 878 2135 Par.
902 2094 935 2135 G
956 2102 1054 2135 ante
1077 2093 1208 2148 σῶμα
1230 2096 1390 2146 aliquid
1413 2109 1597 2137 erasum.

174 2151 275 2195 καὶ
316 2149 734 2237 διαπνεῑσθαι]
772 2164 854 2194 om
885 2165 947 2205 pr.
970 2164 1025 2193 m.
1057 2152 1177 2191 Bodl.
1211 2160 1251 2191 et
1280 2152 1396 2192 Ven.
1417 2153 1468 2194 H
1503 2154 1710 2206 piobante
1739 2155 1847 2194 Her·

62 2223 232 2250 manno.

61 2362 139 2404 per
189 2350 447 2404 epexegesin
497 2349 739 2402 pronomini
794 2341 910 2388 τάδε

60 2407 263 2446 subiectis
287 2419 326 2448 v.
349 2407 403 2446 ad
429 2420 470 2459 p.
493 2407 547 2446 64
571 2406 615 2446 C.

120 2461 223 2527 Cap.
245 2462 404 2502 XXIX.
440 2462 484 2502 C.
517 2454 791 2508 ἐπιεικῶς
813 2471 912 2500 συ-

59 2511 202 2573 χνὸν
225 2511 374 2572 ε’πιμ.
397 2515 493 2572 χρ.]
518 2517 558 2558 h.
578 2530 617 2557 e.
639 2518 776 2557 satis
798 2517 907 2566 diu,

64 2574 315 2615 ziemlich
343 2575 498 2627 lange
528 2574 653 2615 Zeit.
676 2586 717 2614 v.
724 2573 795 2618 ad
819 2573 909 2613 Cri-

61 2639 151 2673 ton.
165 2643 213 2695 p.
235 2631 289 2672 43
310 2633 362 2671 A.

120 2680 221 2728 ε’ἀν
241 2683 341 2740 μέν
365 2699 453 2734 τις
475 2682 573 2727 καὶ
595 2678 908 2752 χαριέντως

61 2740 138 2797 -]
181 2744 353 2783 Plenius
385 2748 482 2782 ante
511 2735 598 2783 εαν
627 2737 715 2794 μέν
742 2753 814 2788 τις
846 2741 907 2781 di-

63 2800 311 2851 stinximus,
353 2800 422 2838 ubi
462 2799 504 2838 in
547 2798 661 2838 editt.
693 2798 910 2850 pleiisque

62 2863 269 2895 commate
308 2862 470 2895 tantum
498 2855 634 2894 incisa
662 2862 726 2893 est
761 2853 908 2893 oratio.

63 2910 212 2961 Neque
233 2911 342 2950 enirn
365 2912 492 2951 verba
507 2910 651 2963 priora
670 2921 766 2948 eum
790 2915 910 2949 ante-

63 2967 228 3019 gressis
257 2966 410 3006 arctius
440 2966 684 3014 cohaerent;
720 2965 803 3005 imo
835 2965 908 3005 de*

63 3022 163 3062 hine
194 3021 354 3062 orditur
384 3022 650 3074 superiorum
686 3021 910 3060 verborum

66 3078 306 3146 explicatio,
336 3083 381 3117 ut
403 3077 532 3116 scribi
553 3077 679 3116 etiam
702 3077 906 3128 potuerit.

62 3127 151 3175 ἐὰν
172 3147 258 3187 μεν
280 3126 383 3186 γάρ
406 3146 477 3180 τις
504 3129 590 3172 καὶ
617 3145 658 3185 χ.
705 3131 826 3180 Quod
847 3141 910 3172 ta-

65 3203 167 3229 men
207 3202 310 3229 eave
359 3202 413 3228 ne
444 3188 734 3241 ieponendum
764 3196 906 3240 putes,

64 3246 412 3311 quandoquidem
433 3244 668 3284 sententiae
689 3244 910 3295 explicati-

66 3314 146 3341 vae
172 3297 314 3354 αθμέν
342 3301 409 3341 vel
437 3297 526 3355 μέν
554 3312 606 3353 γε
643 3299 910 3339 exo1dientes

67 3358 317 3397 creberrime
343 3370 419 3410 per
446 3357 680 3408 asyndeton
718 3353 909 3394 infeiun-

67 3419 149 3456 tui
192 3411 324 3454 Cuius
352 3426 457 3453 usus
483 3411 679 3465 exempla
708 3410 763 3450 ad
783 3409 909 3463 Gorg.

996 2361 1037 2400 p.
1060 2347 1143 2387 464
1165 2347 1211 2389 B.
1254 2346 1401 2400 Symp.
1425 2361 1466 2401 p.
1492 2349 1572 2389 180
1593 2349 1642 2389 D.
1682 2348 1848 2390 Politic.

996 2417 1038 2456 p.
1062 2404 1143 2443 257
1165 2403 1199 2442 D
1221 2405 1496 2457 collegimus,
1528 2406 1683 2456 quibus
1712 2407 1848 2446 addas

995 2459 1211 2499 Phaedon.
1234 2473 1275 2512 p.
1296 2461 1349 2500 87
1376 2462 1425 2500 A.
1467 2461 1578 2502 Xen.
1609 2459 1763 2515 Cyrop.
1791 2463 1846 2504 II.

995 2517 1037 2564 2,
1067 2516 1135 2555 14.
1175 2516 1245 2558 III.
1275 2517 1313 2563 2,
1344 2517 1414 2557 28.
1456 2518 1527 2557 IV.
1551 2520 1591 2566 3,
1617 2518 1684 2570 18,
1708 2518 1782 2558 ubi
1804 2531 1845 2558 v.

998 2571 1302 2611 Schneider.
1335 2572 1481 2626 Symp.
1512 2575 1548 2614 I.
1575 2575 1614 2614 9.
1647 2575 1720 2615 VI.
1752 2576 1776 2614 7
1807 2581 1848 2613 et

997 2640 1105 2678 quae
1126 2628 1243 2680 larga
1272 2640 1402 2668 manu
1424 2630 1669 2682 suppeditat
1689 2630 1848 2668 Hein-

996 2683 1124 2726 dorf.
1145 2685 1199 2723 ad
1219 2684 1388 2748 Protag.
1411 2698 1452 2738 p.
1476 2684 1614 2728 338C.
1649 2687 1849 2739 Respon-

996 2740 1097 2780 dent
1117 2746 1260 2779 autem
1283 2741 1391 2781 inter
1413 2754 1460 2782 se
1482 2742 1684 2782 orationis
1706 2754 1846 2782 mem—

996 2797 1071 2836 bia
1091 2795 1217 2836 haec:
1248 2789 1334 2837 ἐαν
1345 2793 1443 2861 μέν
1463 2811 1534 2846 τις
1554 2795 1639 2839 καὶ
1660 2794 1849 2866 χαριέν-

996 2866 1148 2900 τως-
1160 2853 1417 2916 τελευτησῃ
1447 2862 1486 2893 et
1519 2849 1626 2895 ἔνιοι
1648 2849 1702 2895 δε
1723 2850 1846 2908 μέρη

997 2908 1083 2950 τοῦ
1114 2901 1350 2961 σώματος,
1381 2907 1466 2950 καὶ
1498 2924 1559 2951 αν
1587 2909 1713 2963 σαπῇ
1736 2924 1780 2951 u..
1803 2923 1843 2952 τ.

998 2965 1053 3017 λ.,
1076 2964 1119 3004 in
1136 2966 1290 3015 quibus
1308 2967 1616 3016 posterioribus
1639 2966 1846 3006 sermonis

996 3031 1115 3060 tenor
1138 3021 1284 3060 leviter
1306 3029 1368 3061 est
1398 3023 1595 3064 inflexus.
1639 3023 1713 3061 Est
1735 3021 1848 3060 enim

996 3076 1124 3116 totius
1166 3076 1246 3117 loci
1295 3079 1505 3118 sententia
1544 3078 1671 3117 haee:
1734 3089 1849 3116 nam

997 3132 1109 3172 sive
1139 3133 1256 3183 quis
1286 3134 1367 3173 vel
1396 3135 1447 3173 in
1491 3135 1609 3186 ipso
1648 3133 1847 3172 aetatis

996 3187 1133 3229 flore
1189 3197 1429 3229 mortuus
1489 3189 1671 3237 fuerit,
1744 3200 1844 3240 quo

996 3250 1236 3297 tempore
1274 3257 1468 3298 corpus
1509 3255 1727 3298 propter
1767 3253 1847 3283 te-

999 3301 1285 3340 neritatem
1354 3313 1495 3341 suam
1568 3300 1845 3354 putredini

997 3357 1218 3396 maxime
1267 3365 1346 3397 est
1393 3358 1701 3408 obnoxium,
1761 3355 1843 3394 vel

997 3411 1094 3450 hac
1123 3411 1219 3451 tali
1259 3418 1434 3452 aetate
1473 3425 1719 3466 perquam
1757 3411 1846 3450 diu
