2158 3718
340 144 442 193 208
977 141 1458 197 PLATONIS

337 310 500 345 σκειν,
548 287 621 352 εἷς
668 293 724 343 δὲ
768 292 859 343 καὶ
905 290 1186 359 κεκόμικεν
1228 291 1301 345 ἐπ’
1354 291 1495 348 αὐτὸ
1557 297 1725 350 τοῦτο
1769 296 2041 368 ἀργύριον

335 375 556 437 ἱκανόν,
615 375 869 443 Σιμμίας
921 371 952 427 ὁ
1005 376 1286 444 Θηβαῖος·
1347 383 1567 449 ἕτοιμος
1613 382 1669 433 δὲ
1727 386 1817 436 καὶ
1860 386 2042 454 Κέβης

333 464 423 514 καὶ
468 459 630 513 ἄλλοι
677 461 872 512 πολλοὶ
918 457 1087 512 πάνυ.
1123 458 1272 525 ὤςτε,
1320 459 1458 531 ὅπερ
1493 467 1642 531 Myon,
1680 466 1816 532 μήτε
1861 470 2039 522 ταῦτα

332 544 687 618 φοβούμενος
730 540 1028 618 ἀποκάμῃς
1072 543 1283 600 σαυτὸν
1345 550 1548 614 σῶσαι,
1610 547 1748 617 μήτε
1795 548 1824 605 ὃ
1869 555 2041 619 ἔλεγες

331 637 388 683 ἐν
435 631 510 698 τῷ
557 631 906 696 δικαστηρίῳ,
949 632 1191 698 ὄνςχερὲς
1247 649 1333 684 σοι
1378 635 1641 698 γενέσθω,
1690 631 1776 688 ὅτι
1821 634 1924 690 οὐκ
1965 634 2041 691 ἂν

331 718 474 784 ἔχοις
520 705 765 777 ἐξελθών
811 709 840 765 ὅ
887 733 936 764 τι
983 715 1135 782 χρῷο
1196 717 1403 784 σαυτῷ.
1461 719 1741 787 πολλαχοῦ
1785 722 1885 789 μὲν
1932 719 2038 791 γὰρ

336 801 427 851 καὶ
483 793 683 849 ἄλλοσε
742 792 874 858 ὅποι
927 793 1000 850 ἂν
1055 796 1229 875 ἀφίκῃ
1283 797 1637 866 ἀγαπήσουσί
1680 820 1764 856 σε·
1833 802 1934 857 ἐὰν
1980 808 2036 859 δὲ

332 879 506 957 ῥόύλχ,Δ
549 886 623 944 εὶς
671 882 979 934 Θετταλίαν
1026 887 1189 946 ἰέναι,
1245 887 1381 938 εἰσὶν
1436 886 1556 954 ἐμοὶ
1599 891 1705 940 ἐκεῖ
1758 886 1931 958 ξένοι,
1985 894 2044 944 οἵ

329 985 386 1022 σε
433 969 553 1036 περὶ
598 967 807 1019 πολλοῦ
857 964 1191 1032 ποιήσονται
1236 973 1326 1022 καὶ
1371 966 1693 1042 ἀσφάλειάν
1743 990 1830 1025 σοι
1873 978 2039 1044 παρέ-

328 1052 538 1118 ξονται,
583 1046 713 1113 ὧςτε
758 1070 815 1104 σε
861 1054 1069 1120 μηδένα
1115 1055 1305 1106 λυπεῖν
1364 1055 1472 1109 τῶν
1517 1074 1659 1107 κατα
1711 1056 2036 1112 Θετταλίαν.

456 1134 598 1211 Cap,
649 1131 721 1189 V.
753 1133 871 1189 Ἐτι
919 1139 989 1199 δέ,
1036 1126 1178 1189 ‹1⁷14-
1124 1136 1458 1207 Σωκρατεςς
1506 1136 1635 1193 οὐδὲ
1681 1140 1900 1195 δίκαιόν
1944 1165 2039 1211 μοι

439 1303 490 1343 Β.
522 1298 607 1343 εἷς
639 1300 694 1341 δὲ
727 1303 812 1342 καὶ
846 1299 1054 1355 uendit]
1088 1305 1137 1343 Ιιι
1172 1301 1232 1343 his
1266 1305 1340 1343 καί
1366 1316 1451 1344 om.
1474 1304 1587 1344 Ven.
1621 1304 1661 1343 b.
1697 1303 1818 1346 vind.
1853 1306 1891 1348 1.
1924 1306 1966 1348 3.
1995 1306 2037 1349 4.

328 1363 368 1406 6.
398 1362 439 1405 7.
475 1362 587 1403 Flor.
621 1373 660 1400 a.
695 1373 732 1400 c.
767 1374 808 1413 g.
843 1359 880 1402 h.
908 1361 1041 1402 Hnet.
1080 1363 1179 1402 Par.
1206 1361 1256 1401 D.
1319 1360 1406 1402 Sed
1439 1366 1613 1402 tuentur
1642 1361 1745 1402 iilud
1772 1361 1899 1406 Bodi.
1923 1364 2037 1404 Tnb.

327 1421 395 1462 aiii
434 1420 660 1472 meliores3
705 1417 836 1471 idque
877 1419 1120 1460 verissime·
1155 1417 1303 1460 habet
1343 1419 1453 1460 enirn
1499 1419 1583 1460 vim
1626 1419 1836 1472 augendi,
1878 1427 1929 1462 ut.
1963 1423 2038 1462 sit-

325 1478 481 1575 {lde}
501 1551 544 1576 τι
575 1534 744 1588 χρῷο]
785 1532 857 1574 Sic
891 1533 1233 1580 Bod1.ven‚b
1275 1535 1429 1586 aliique
1470 1533 1638 1586 plurimi
1680 1547 1759 1587 pro
1793 1536 1904 1590 vulg.
1936 1538 2038 1592 χρῷ,

443 1595 548 1648 Cap.
577 1593 622 1636 V.
648 1592 699 1634 C.
734 1591 968 1632 τοιαῦτα
1000 1592 1282 1647 σπεύδεις]
1317 1591 1475 1633 Iniuria
1508 1589 1714 1643 Stepiian.
1735 1605 1828 1634 cum
1859 1608 1912 1636 ex
1937 1598 2039 1637 V.en

329 1652 378 1696 Ξ.
416 1651 604 1694 correxit
636 1647 850 1698 σπεύδειν,
883 1663 1020 1703 neque
1053 1653 1162 1694 enim
1194 1653 1298 1695 haec
1334 1664 1358 1691 e
1397 1649 1693 1703 superioribus
1724 1651 1935 1704 pendent,
1964 1653 2040 1695 sed

327 1797 395 1838 cio
435 1794 745 1849 praesentiam3
789 1791 951 1834 ἐνθάδε
995 1799 1137 1835 autem

327 1854 573 1895 indicateos
587 1852 763 1892 Athenis
779 1852 956 1894 versari.
977 1852 1047 1894 De
1059 1851 1138 1894 hoc

325 1925 406 1954 usn
429 1911 696 1960 pronominis
717 1901 850 1950 οὗτος
871 1924 908 1950 v.
939 1911 1022 1951 Ma
1036 1916 1052 1951 t
1068 1915 1084 1951 t
1099 1909 1136 1952 h.

325 1971 360 2023 ᾗ.
391 1970 489 2013 471.
540 1974 584 2010 et
621 1969 690 2021 qui
729 1970 946 2021 ingentem
988 1981 1136 2010 exem-

325 2030 495 2083 plorum
514 2027 598 2067 vim
620 2027 842 2078 congessit
865 2025 966 2067 Sci.
983 2039 1008 2067 a
1023 2040 1046 2068 e
1062 2025 1135 2066 fe.-

325 2100 418 2128 rns
453 2086 619 2127 Melett.
656 2085 778 2127 Critt.
822 2097 862 2136 p.
894 2084 948 2128 77
981 2098 1044 2137 sq.
1079 2107 1137 2114 -—-

325 2145 430 2187 Sim
452 2144 582 2185 mias
624 2148 666 2184 et
707 2142 898 2191 Cebes,
940 2141 1137 2183 Thebani

324 2210 368 2244 et
413 2200 637 2243 Socrati
694 2198 1046 2249 familiarissimi,
1094 2201 1134 2240 in

322 2260 559 2301 Phaedone
608 2271 705 2299 cum
743 2271 815 2299 .eo
863 2257 1136 2310 disputantes

324 2318 664 2360 introducuntur.
706 2316 771 2357 De
790 2317 839 2356 iis
863 2329 1138 2369 paucaquae-

325 2377 422 2418 dam
469 2377 509 2417 in
553 2387 701 2416 eorum
750 2374 845 2414 vitis
900 2374 1138 2415 memoriae

325 2433 512 2488 prodidit
546 2432 731 2473 Laert.
763 2431 825 2475 ΙΙ.
859 2432 946 2475 124
967 2438 1008 2472 et
1037 2431 1134 2475 125.

325 2498 368 2534 et
402 2491 604 2532 Suidas
636 2490 674 2530 in
708 2489 744 2530 Ιι.
778 2502 817 2532 ν,
861 2489 1025 2530 Mentio
1058 2502 1132 2530 eo-

326 2562 416 2590 rum
452 2549 579 2590 etiam
625 2547 806 2587 iniicitur
842 2546 1060 2588 Phaedon.
1093 2559 1135 2599 p.

325 2607 394 2651 59.
415 2606 465 2649 G.
500 2612 543 2646 et
560 2605 745 2658 Epistol.
785 2604 995 2646 Platonic.
1016 2604 1135 2644 ΧΙΙΙ.

324 2666 520 2716 Uterque
553 2663 752 2703 nonnulla
783 2661 1009 2713 scripsisse
1037 2674 1136 2715 per-

323 2723 515 2763 hibetur:
544 2719 622 2762 sed
657 2731 768 2772 quae
793 2717 920 2759 hodie
942 2719 1025 2759 sub
1051 2719 1134 2759 Ce-

322 2780 437 2820 betis
478 2777 652 2819 nomine
697 2775 999 2817 circumfertur
1038 2775 1135 2817 Ta-

322 2839 474 2887 bula,
529 2834 698 2876 videtnr
735 2833 803 2873 iiia
842 2834 1058 2876 immerito
1099 2835 1137 2875 ei

322 2895 462 2936 tribui.
523 2892 595 2934 De
627 2905 665 2932 v.
701 2887 815 2931 πάνυ
840 2896 940 2944 post
973 2892 1136 2934 πολλοῦ

323 2953 537 2994 conuento
576 2964 616 2993 v.
650 2948 705 2990 ad
744 2947 922 2992 Phaedr.
963 2949 1134 3004 p..256

323 3011 374 3054 E.
409 3009 582 3052 Menex.
618 3021 657 3078 p.
690 3005 788 3050 235.
826 3010 873 3047 Α.

379 3065 510 3122 μήτε
539 3090 592 3096 --
625 3061 942 3119 αποκάμῃς]
1006 3064 1044 3106 Ιι.
1095 3079 1131 3108 e.

323 3127 434 3167 noii
474 3125 520 3166 in
572 3126 753 3165 sainte
807 3128 896 3163 tua
942 3135 1134 3164 curan·

324 3183 385 3224 da
415 3186 655 3238 propter
681 3181 943 3223 obiectas
980 3180 1132 3222 diffi-

323 3242 573 3283 cultates
622 3239 850 3282 animum
899 3237 1134 3307 despon-

326 3299 472 3342 dere.
503 3299 678 3339 Etenim
714 3297 834 3338 Crito
869 3309 971 3349 prae
1003 3297 1134 3338 nimio

324 3369 474 3400 amore
511 3361 554 3398 et
596 3358 757 3410 pietate
807 3365 909 3406 erga
950 3355 1131 3396 amicum

324 3427 546 3465 summae,
586 3426 669 3467 qua
709 3413 780 3454 ille
817 3417 993 3454 ornatus
1025 3418 1133 3462 erat,

1231 1794 1404 1835 virtutis
1435 1794 1662 1834 immemor
1694 1792 1920 1838 Socratem
1955 1811 2038 1849 pu-

1232 1856 1294 1892 tat
1335 1858 1378 1893 et
1420 1853 1558 1905 ipsum
1607 1852 1737 1892 satuti
1785 1866 1890 1895 suae
1935 1856 2040 1908 fuga

1231 1912 1457 1952 consulere
1515 1909 1722 1952 voiuisse.
1793 1912 1883 1953 Pro
1933 1910 2040 1966 ὅπερ

1229 1966 1357 2021 λέγω,
1406 1967 1461 2007 id
1504 1964 1649 2019 quod
1695 1966 1843 2019 dixi,
1895 1970 2041 2012 iniuria

1230 2026 1268 2066 H
1286 2024 1504 2077 irsrhig.
1539 2023 1593 2065 de
1623 2036 1703 2064 sno
1728 2026 1916 2069 obtrusit
1939 2029 2040 2071 Pia-

1228 2084 1317 2124 toni
1353 2079 1492 2135 ὥςπερ
1524 2080 1647 2135 λέγω.

1287 2138 1311 2181 ὃ
1352 2142 1536 2194 ἔλεγες
1583 2137 1642 2179 ἐν
1687 2142 1754 2196 τῷ
1785 2140 1907 2197 δικ,]
1928 2143 2039 2189 Vid.

1226 2201 1412 2253 Apolog.
1438 2213 1477 2252 p.
1490 2198 1560 2241 37.
1583 2197 1634 2237 C.
1650 2197 1708 2242 D.
1728 2213 1823 2253 cap
1843 2201 2038 2243 XXVII.

1284 2254 1311 2298 ὅ
1337 2272 1380 2298 τι
1403 2257 1563 2312 χρῷο
1579 2258 1791 2312 σαυτῷ]
1822 2259 1915 2301 Nos
1936 2259 2040 2301 dici·

1225 2328 1339 2356 mus:
1381 2329 1484 2356 was
1521 2313 1586 2354 du
1620 2314 1713 2356 mit
1745 2316 1829 2357 dir
1860 2317 2041 2359 ansan-

1223 2387 1329 2425 gen
1352 2375 1612 2414 solltest.
1644 2370 1716 2413 Sic
1736 2372 1870 2427 Gorg.
1887 2389 1927 2429 p.
1941 2374 2039 2420 486,

1226 2433 1276 2471 Α.
1297 2431 1498 2484 Sy.mpos
1524 2443 1564 2482 p.
1594 2430 1692 2474 216.
1723 2432 1771 2472 C.
1795 2408 2039 2487 Xrenopii.

1225 2490 1357 2528 Anab.
1394 2489 1465 2529 ΙΙΙ.
1496 2487 1536 2538 1,
1568 2486 1638 2529 41
1675 2487 1868 2529 Contulit
1909 2503 2038 2543 prae-

1223 2550 1341 2586 terea
1379 2545 1925 2589 lacobsiusLucian.
1966 2548 2039 2588 Bis

1223 2606 1425 2643 Accusat.
1457 2603 1541 2646 27·
1575 2598 1601 2640 ὅ
1634 2617 1668 2642 τι
1699 2600 1907 2656 χρήσαιτο
1938 2604 2038 2647 ἑαυ·

1223 2661 1280 2700 τῶ
1325 2656 1408 2700 οὐκ
1459 2657 1597 2702 εἰδώς.
1658 2659 1867 2716 Necyom.
1908 2664 1947 2713 ξ.
1987 2663 2038 2707 32

1224 2732 1305 2757 ουκ
1343 2715 1470 2759 εἰδώς
1509 2714 1534 2758 ὅ
1568 2731 1604 2757 τι
1643 2721 1879 2788 χρησαίμην
1909 2719 2039 2772 ἐμαυ-

1223 2776 1292 2816 τῶ.
1327 2775 1584 2819 Harmonid.
1622 2776 1675 2816 in.
1703 2773 1824 2818 ὅπως
1846 2792 1919 2828 μοι
1938 2793 2036 2833 χρη

1223 2833 1348 2874 στέον
1367 2831 1567 2888 κάμαυτῷ
1585 2835 1654 2874 καὶ
1675 2836 1724 2886 τῇ
1743 2835 1874 2888 τέχνῃ.
1906 2837 2037 2879 Adde

1222 2892 1476 2934 Aesciiin.
1537 2891 1633 2934 adv.
1669 2893 1953 2962 Ctesiphont.
1992 2908 2033 2947 p.

1221 2951 1277 2995 76
1321 2950 1389 2992 ed.
1435 2950 1605 2991 Bremi.
1655 2946 1833 3004 ἅπορων
1865 2947 1910 2992 δ’
1941 2949 1967 2992 ὅ
1999 2967 2036 2992 ιι

1221 3005 1425 3062 χρήσαιτο
1480 3004 1597 3061 αὐτῷ
1645 3033 1696 3039 ——
1747 3011 1845 3059 μιαν
1888 3008 2035 3053 ἐλπίδα

1221 3065 1375 3120 λοιπὴι
1407 3064 1581 3107 κατεῖδε,

1278 3126 1363 3166 καὶ
1403 3123 1604 3166 ἄλλοσε
1649 3121 1778 3164 ὅποι
1818 3122 1881 3165 ἂν
1917 3121 2032 3177 α’φί-

1222 3184 1310 3236 κῃ]
1373 3183 1656 3225 Scribendum
1708 3187 1801 3223 erat
1847 3179 2030 3236 ἀλλαχοῦ

1220 3254 1243 3281 e
1275 3243 1438 3295 vulgari
1469 3241 1647 3281 ratione.
1706 3239 1794 3280 Sed
1827 3242 2029 3293 quoniam

1220 3301 1416 3351 sequitur
1452 3296 1568 3346 ὅποι,
1602 3309 1679 3350 per
1708 3299 2030 3350 attractionem,

1220 3370 1346 3409 quam
1368 3361 1577 3399 vocarunt
1597 3354 1865 3397 recentiores
1886 3369 2031 3410 gram-

1220 3415 1387 3466 matici,
1428 3411 1578 3455 ἄλλοσε
1616 3412 1777 3455 dictum
1819 3419 1899 3457 est.
1963 3415 2027 3455 De
