2158 3718
235 132 346 186 264
970 131 1293 176 PLATONIS

239 264 471 342 ὑπεξῄει
518 270 590 326 ἂν
635 269 671 341 ἡ
718 270 856 340 χιών
902 263 1048 324 οὖσα
1095 273 1206 333 σῶς
1251 271 1345 324 καὶ
1392 270 1651 340 ἄτηκτοςς
1703 270 1772 326 οὐ
1807 271 1915 343 γὰρ
1952 272 2032 328 ἂν

241 356 497 411 ἀπῶλετό
542 375 634 425 γε,
684 355 809 409 οὐδ’
852 347 928 408 αὖ
975 352 1337 423 ὑπομένουσα
1387 354 1599 419 ἐδέξατ’
1640 354 1711 410 ἄν
1747 377 1851 427 την
1885 363 2025 426 θερ-
2150 375 2156 425 ς

238 442 466 512 μότητα.
538 440 766 509 Ἀληθῆ,
807 442 934 509 ἔφη,
975 439 1169 507 λέγεις.
1239 435 1334 502 Ὡς
1370 438 1425 492 δ’
1466 439 1668 508 αὕτως,
1707 437 1879 511 οἶμαι,
1918 461 2034 494 καν

242 528 292 580 εἰ
326 524 389 579 τὸ
428 524 686 588 ἄφυκτον
725 522 1058 593 ἀνώλεθρον
1094 516 1186 593 ἧν,
1226 520 1393 577 ὁπότε
1433 526 1524 578 ἐπὶ
1561 523 1623 578 τὸ
1651 530 1785 596 πῦρ
1806 525 2031 596 ψυχρόν
2156 560 2158 590 j

239 631 292 664 τι
333 611 510 677 ἐπίοι,
561 606 759 662 οὔποτ’
783 607 871 661 ἂν
918 605 1302 676 ἀπεσβέννυτο
1349 606 1479 662 οὐδ’
1518 607 1844 678 ἀπώλλυτο,
1884 607 2026 663 ἀλλά

241 687 360 749 σῶν
399 694 470 748 ἂν
509 691 764 746 ἀπελθὸν
803 690 992 764 ᾤχετο.
1042 690 1298 761 Ἀνάγκη,
1339 694 1464 761 ἔφη.
1520 690 1751 748 Οὐκοῦν
1777 695 1870 748 καὶ
1897 688 2034 763 ὦδε,

243 782 370 849 ἔφη,
411 778 628 847 ἀνάγκη
667 778 798 847 περὶ
833 781 936 830 τοῦ
977 775 1268 831 ἀθανάτου
1308 778 1512 842 εἰπεῖν;
1555 781 1606 831 εί
1638 780 1743 849 μὲν
1779 778 1842 833 τὸ
1883 778 2031 833 ἀθά-

241 861 416 917 νατον
464 863 559 916 καὶ
605 861 943 933 ἀνι-ὄλεθρόν
983 862 1166 931 ἐστιν,
1207 859 1491 915 ἀδύνατον
1528 867 1707 934 ψυχῇ,
1732 853 1884 917 ὅταν
1919 863 2073 918 &oi-1

240 968 409 1011 νατος
455 947 545 1002 ἐπ’
586 944 765 1016 αὐτὴν
803 951 889 1017 ἴῃ,
938 944 1322 1000 ἀπόλλυσθαι·
1373 946 1628 1000 θάνατον
1673 947 1778 1018 μὲν
1813 946 1923 1018 γάρ
1961 945 2030 1018 δὴ

243 1033 308 1086 ἐκ
345 1034 460 1085 τῶν
508 1029 1045 1102 προειρημένωνού
1094 1023 1470 1095 δέξεται“ούδ’
1511 1034 1665 1085 ἔσται
1701 1038 2034 1101 τεθνηκυῖα,

243 1115 427 1186 ὥςπερ
478 1114 546 1169 τά
591 1118 720 1185 τρία
768 1116 874 1169 οὐκ
914 1118 1099 1185 ἔσται,
1141 1119 1382 1186 ἔφαμεν,
1423 1113 1648 1185 ἄρτιον,
1689 1115 1828 1170 οὐδέ
1859 1114 1918 1185 γ’
1958 1108 2036 1169 αὖ

241 1200 305 1255 τὸ
344 1199 637 1271 περιττόν,
678 1199 814 1254 οὐδὲ
853 1199 922 1269 δὴ
961 1199 1024 1253 τὸ
1064 1204 1181 1270 πῦρ
1219 1199 1470 1269 ψυχρόν,
1511 1197 1650 1254 οὐδέ
1680 1221 1745 1268 γε
1782 1199 1814 1270 ἡ
1857 1201 1920 1254 ἐν
1958 1203 2038 1272 τςό-

242 1286 382 1355 πυρὶ
431 1284 729 1355 θερμότης.
808 1282 950 1337 ἀλλὰ
996 1287 1054 1338 τί
1096 1285 1332 1353 κωλύει,
1383 1288 1521 1354 φαίη
1561 1283 1633 1337 ἄν
1679 1305 1788 1353 τις,
1839 1283 2036 1354 ἄρτιον

243 1370 348 1439 μὲν
385 1367 447 1422 τὸ
486 1366 751 1437 περιττὸν
788 1366 861 1438 μὴ
899 1371 1198 1437 γίγνεσθαι
1238 1368 1495 1431 ἐπιόντος
1531 1372 1635 1421 τοῦ
1672 1366 1889 1437 ἀρτίου,
1929 1366 2037 1432 ὤς-

244 1471 351 1520 περ
392 1451 764 1523 ὡμολόγηται,
805 1443 1162 1523 ἀπολομένου
1189 1453 1251 1507 δὲ
1290 1451 1468 1506 αὐτοῦ
1507 1450 1630 1506 ἀντ’
1671 1453 1894 1506 ἐκείνου
1932 1451 2040 1523 ἄρ-

246 1630 481 1694 ἅθερμον,
505 1640 618 1692 quod
640 1646 781 1679 tamen
802 1639 918 1679 Plato
942 1647 1116 1693 propter
1140 1639 1421 1693 oppositionis
1451 1639 1659 1679 rationem
1686 1639 1923 1693 procudere
1951 1651 2036 1680 non

245 1696 468 1739 dubitavit.
512 1696 671 1736 Videas
702 1696 830 1749 igitur
860 1695 957 1735 hine
987 1708 1156 1748 quoque
1185 1697 1446 1736 arbitrariam
1478 1708 1608 1749 saepe
1638 1708 1731 1735 esse
1754 1707 1898 1736 eorum
1920 1696 2041 1736 criti-—

246 1765 393 1794 corum
429 1754 661 1804 rationem,
707 1753 862 1804 quibus
899 1752 1122 1792 Bodleiani
1164 1752 1257 1793 libri
1299 1753 1563 1804 allorumque
1604 1752 1806 1792 similium
1846 1752 2039 1793 recensio

244 1809 436 1851 debetur.
697 1811 701 1814 ”

322 1881 327 1884 ’
351 1873 408 1919 ‘52
423 1893 445 1927 ς
467 1871 518 1920 δ’
541 1869 751 1932 αὕτως]
776 1879 895 1919 Bodl.
913 1880 1023 1920 Ven.
1047 1878 1147 1925 ΞΠ
1168 1872 1406 1931 ὦςαύτως,
1429 1879 1543 1930 quod
1564 1879 1765 1919 miramur
1787 1891 1811 1918 a
1831 1879 1973 1921 Turio.
1998 1887 2045 1918 et.

246 1935 387 1976 Herm.
410 1936 453 1975 in
477 1935 674 1988 vulgatae
696 1935 887 1976 lectionis
910 1935 1049 1977 locum
1073 1936 1289 1975 invectum
1313 1948 1421 1978 esse.

360 1998 584 2060 ψυχρόν
606 2020 659 2046 τι
683 1999 860 2074 ἐπίοι]
874 2006 971 2048 Vat.
984 1998 1139 2060 ἐποίη,
1164 2006 1276 2047 unde
1298 2018 1393 2046 cum
1414 2005 1606 2046 Bekkero
1630 2004 1876 2045 effinximus
1894 1997 2041 2057 ἐπίοι,

248 2073 343 2102 eum
369 2063 462 2102 libri
486 2063 615 2102 ceteri
637 2073 786 2103 omnes
810 2054 944 2115 ἐπῄει
966 2062 1165 2104 habeant.

310 2146 406 2186 Β.
440 2138 575 2188 οὐδὲ
607 2139 677 2199 δὴ
710 2139 770 2187 τὸ
800 2144 909 2198 πῦρ
938 2143 1013 2200 ψ.]
1039 2140 1092 2187 τό
1115 2159 1196 2189 om
1223 2146 1343 2187 Bodl
1366 2146 1475 2188 Ven.
1498 2145 1673 2187 HTub.
1695 2146 1822 2186 vind.
1850 2145 1951 2187 'Pet
1970 2158 2039 2199 pr

245 2204 355 2246 Ven.
378 2218 418 2250 Η
385 2201 539 2243 '’‘Zitt.
581 2203 744 2242 Vereor
765 2210 811 2241 ut
831 2210 960 2244 recte.

362 2265 470 2314 ἀπο
484 2269 751 2327 λομὲνου]
791 2273 931 2326 Vulgo
961 2265 1310 2325 ἀπολλυμένου.
1354 2271 1439 2312 Sed
1459 2278 1572 2312 recte
1593 2227 1895 2327 ἀπολομένου
1917 2271 2044 2314 ΒοᾱΙ.

246 2328 564 2427 ἕεὲὲῗῖἱνὶῃᾶ.
582 2329 623 2370 Τ
641 2336 681 2368 et
702 2341 765 2382 pr.
789 2328 965 2372 Ven.H
981 2329 1090 2371 Flor.
1109 2342 1132 2368 a
1151 2342 1172 2368 e
1193 2342 1247 2377 m,
1281 2335 1323 2369 ut
1354 2329 1616 2383 scripserunt
1639 2330 1763 2369 etiam
1786 2329 2045 2369 Turicenses

251 2551 295 2595 εἰ
333 2547 397 2607 μὴ
441 2549 660 2607 πράττοι,
701 2546 792 2595 οὐκ
843 2548 1100 2596 ἐλυσιτέλει

250 2610 352 2662 ζῆν.
375 2611 429 2650 ef.
454 2610 706 2650 Matthiae
729 2609 797 2650 Gr.
821 2611 860 2660 §-
885 2611 980 2652 524.
1003 2613 1029 2651 3
1061 2617 1101 2650 et

249 2667 484 2706 Elmslei.
508 2667 561 2706 ad
580 2667 680 2709 Eur.
692 2666 805 2706 Med.
817 2667 941 2708 1185.
963 2667 1098 2706 Etiam

246 2723 292 2761 in
334 2722 540 2775 proximis
576 2735 653 2775 pro
690 2722 804 2774 vulg.
841 2715 980 2775 ἐπῄει
1017 2734 1096 2762 non

250 2778 542 2818 dubitavimus
565 2791 658 2817 eum
683 2778 920 2818 Bekkero
944 2779 1101 2830 optati-

251 2846 350 2874 vum
388 2826 515 2875 ἐπίοι
555 2846 774 2887 reponere.
819 2831 1098 2886 Cogitandum

249 2902 350 2931 vero
374 2890 427 2929 de
449 2902 495 2929 re
517 2890 747 2931 identidem
770 2891 965 2942 repetita.

307 2960 417 2988 παν
453 2940 599 2988 εἰτὸ
636 2938 924 3000 αψυκτον]
948 2946 1096 2998 Wyt-

249 3002 387 3045 tenb.
414 3003 525 3044 coni.
545 2994 751 3057 αψυχον,
778 3015 861 3054 quo
884 3014 967 3042 non
990 3014 1098 3056 opus

251 3066 331 3125 est,
354 3072 450 3099 eum
467 3058 585 3100 Plato
604 3059 658 3100 ad
674 3071 975 3112 praegressum
996 3059 1100 3099 iliud

252 3108 458 3170 ἄτηκτον
475 3115 687 3170 respiciat.

309 3167 633 3226 ἔφαμεν]
671 3172 716 3212 in
750 3171 990 3225 parenthesi
1022 3183 1098 3225 pro

252 3243 315 3277 ως
339 3223 540 3297 ἔφαμεν.

310 3297 491 3326 αυτου
544 3277 665 3326 ἀντ’
717 3277 950 3326 ἐκείνου
1002 3276 1099 3336 ἄρ-

253 3354 379 3383 τιον
384 3340 475 3406 ny]
514 3341 750 3392 Utrumque
786 3353 1020 3407 pronomen
1058 3348 1098 3380 et

253 3390 406 3439 αὐτοῦ
436 3406 477 3438 et
505 3391 692 3439 ἐκείνου
719 3398 775 3439 ad
802 3392 854 3438 τὸ
876 3390 1098 3450 περιττόν

251 3454 520 3496 resciendum
563 3462 626 3495 est
664 3454 746 3496 hoe
779 3466 931 3495 sensu.
983 3466 1094 3493 cum

1187 2559 1354 2594 autem
1394 2547 1446 2595 τὸ
1484 2547 1707 2618 περιττόν
1742 2554 2041 2604 interierit,

1189 2611 1300 2650 eius
1332 2610 1446 2650 loco
1476 2603 1527 2650 τὸ
1559 2623 1726 2663 αρτιον
1762 2610 1921 2650 oriri?
1951 2610 2038 2649 Eo-

1187 2667 1282 2706 dem
1305 2667 1432 2718 modo
1495 2667 1583 2706 ,60
1605 2666 1637 2705 D
1660 2674 1699 2705 et
1720 2677 1761 2718 p.
1790 2666 1866 2705 111
1893 2666 1923 2705 Β
1952 2659 2045 2712 τὰς

1189 2713 1300 2762 ὃὲ”
1265 2734 1389 2772 ωρας
1412 2724 1578 2784 αυτοῖς
1599 2720 1768 2773 κρᾶσιν
1791 2716 1922 2786 ἔχειν
1940 2734 2041 2763 τοι·

1189 2771 1362 2837 αὐτην,
1411 2790 1527 2825 ωςτε
1579 2770 1794 2825 ἐκείνους
1834 2770 2040 2826 ἀνόσους

1190 2828 1371 2886 εἶναι,ι
1358 2834 1426 2874 ubi
1446 2826 1592 2875 αυτοί
1603 2842 1644 2874 et
1660 2826 1837 2875 ἐκεῖνοι
1855 2834 1908 2874 ad
1925 2834 2038 2874 idem

1188 2890 1428 2930 subiectum
1451 2890 1626 2930 referas.
1669 2890 1904 2957 Euthphr.
1929 2903 1971 2944 p.
1985 2891 2043 2930 14-

1186 2946 1221 2986 D
1262 2941 1417 2987 αἰτεῖν
1458 2959 1507 2988 τε
1549 2939 1646 3011 φῂς
1689 2959 1866 2995 αυτους
1909 2939 2044 2998 (τοὺς

1186 2998 1356 3052 θεούς)
1368 2999 1450 3043 καὶ
1471 2997 1665 3044 διδόναι
1682 2996 1907 3051 ἐκείνοις·
1895 3033 1908 3054 ,
1924 3002 2036 3045 Xen.

1189 3059 1284 3125 C3r
1310 3060 1381 3101 IV.
1404 3061 1446 3110 2,
1472 3061 1523 3099 12
1554 3053 1760 3107 τέλοςδ’
1783 3053 1916 3101 εἶπεν
1965 3071 2038 3100 οτι

1186 3108 1442 3184 ἡγήσοιντο
1473 3108 1639 3164 αυτοῖς
1669 3111 1718 3157 οῖ
1744 3114 1891 3167 πεζοί,
1938 3114 2036 3156 κεί-

1186 3185 1301 3220 νους
1323 3167 1376 3213 δε
1408 3167 1616 3214 ἕπεσθαι
1639 3165 1728 3214 σὺν
1748 3174 1849 3220 τοῖς
1872 3169 2043 3219 ἵπποις

1187 3221 1446 3270 ἐκέλευσεν.
1490 3229 1594 3294 ibid.
1626 3228 1697 3268 IV.
1729 3230 1770 3292 5,
1801 3229 1857 3268 20
1890 3222 2038 3280 ἡνίκα

1219 3279 1405 3349 ‘milon
1442 3277 1623 3326 αὐτοῦ
1659 3277 1773 3332 τοὺς
1802 3277 2042 3325 ἐκείνου

1185 3334 1392 3395 ἐχθροὺς
1430 3333 1767 3382 ἀπολλύουσιν.
1799 3352 1839 3378 ν.
1872 3339 2037 3379 Hein-

1185 3398 1316 3441 dorf.
1345 3397 1399 3438 ad
1426 3409 1469 3451 p.
1496 3398 1574 3437 111
1598 3396 1630 3436 Β
1657 3404 1698 3435 et
1718 3395 2038 3438 Schneider.

1183 3454 1237 3494 ad
1260 3453 1412 3507 Cyrop.
1434 3453 1487 3494 V.
1510 3455 1550 3504 2,
1580 3453 1649 3494 28.
