2158 3718
352 142 453 193 246
963 139 1433 196 PLATONIS

349 307 506 356 μενοι
550 289 660 343 τῶν
703 286 904 357 νόμων,
951 290 1042 340 καὶ
1087 286 1408 358 βεβαιώσεις
1453 296 1570 350 τοῖς
1614 289 1901 352 δικασταῖς
1945 287 2046 355 τὴν
2093 277 2098 282 ⁴

266 372 312 427 C
353 370 539 437 δόξαν,
583 367 715 434 ὥςτε
762 367 945 428 doxain
1006 370 1202 442 ὀρθῶς
1243 369 1347 439 τὴν
1393 374 1547 438 δίκην
1593 372 1843 427 δικάσαι·
1901 371 2047 437 ὄςτις

350 452 457 527 γὰρ
502 452 687 524 νόμων
732 452 1080 530 διαφθορεύς
1127 461 1256 519 ἐστι,
1299 453 1519 529 σφόδρα
1566 476 1674 510 που
1719 456 1920 522 δόξειεν
1972 455 2045 511 ἂν

353 544 486 593 νέων
543 560 600 607 γε
656 543 747 595 καὶ
802 537 1066 604 ἀνοήτων
1119 537 1444 610 ἀνθρώπων
1489 540 1843 614 διαφθορεὺς
1889 538 2046 595 εἶναι.

352 620 590 694 πότερον
651 616 751 678 οὖν
809 623 988 695 φεύξει
1034 620 1133 686 τοὶς
1176 645 1232 678 τε
1278 623 1687 695 εὐνομουμένας
1731 623 1915 688 πόλεις
1956 628 2049 679 καὶ

354 710 463 761 τῶν
507 705 730 776 ἀνδρῶν
772 705 902 771 τούς
946 707 1395 778 κοσμ.ιωτάτους;
1442 711 1533 763 καὶ
1578 711 1746 765 τοῦτο
1791 712 2050 764 ποιοῦντι

352 783 467 862 ἆρα
511 789 670 856 ἄξιόν
714 811 803 847 σοι
851 795 948 859 ζῆν
991 795 1173 862 ἔσται,
1232 789 1266 859 ἢ
1311 792 1631 858 πλησιάσας
1688 792 1914 857 τούτοις
1956 796 2046 848 καὶ

352 874 806 947 ἀναισχυντήσας
849 875 1343 946 ὃιαλεγόμενος-
1372 880 1526 940 τίνας
1568 875 1784 944 λόγους,
1827 868 1866 930 ὦ
1916 875 2050 931 Σώ-

353 981 582 1032 κρατες,·
628 957 661 1027 ἢ
709 957 906 1030 οὕςπερ
951 959 1179 1024 ἐνθάδε,
1227 958 1298 1024 ὠς
1342 958 1370 1027 ἡ
1416 958 1587 1030 ἀρετὴ
1627 964 1717 1015 καὶ
1761 958 1796 1026 ἡ
1843 963 2052 1016 δικαιοε

355 1042 492 1112 σύνη
537 1048 792 1101 πλείστου
836 1043 991 1113 ἄξιον
1039 1055 1156 1109 τοῖς
1198 1044 1531 1117 ἀνθρώποις
1590 1048 1681 1100 καὶ
1725 1044 1796 1100 τὰ
1841 1043 2051 1116 νόμιμα

471 1236 520 1278 Ο.
579 1234 749 1282 ἄξιόν-
779 1252 866 1279 σοι
909 1239 998 1290 ζῆν
1041 1241 1245 1293 lavam]
1292 1241 1366 1281 Sic
1395 1237 1521 1280 Bodl.
1560 1237 1662 1281 Ven.
1704 1237 1742 1279 b.
1775 1236 1890 1277 Tub.
1922 1237 2050 1280 Vind.

358 1295 397 1338 7.
441 1293 555 1336 Flor.
600 1294 636 1335 h.
680 1295 812 1339 Hnet.
856 1297 957 1337 Par.
1001 1297 1094 1341 DS.
1135 1312 1212 1351 pro
1255 1300 1367 1351 vulg.
1409 1297 1497 1334 ἔστι
1529 1310 1599 1335 σοι
1631 1293 1722 1343 ζῶν.
1779 1294 1830 1335 In
1861 1296 1956 1336 aliis
1986 1301 2053 1337 est

356 1367 423 1392 σοι
452 1351 528 1404 ζῆν
557 1352 688 1402 ἐστιν,
719 1354 834 1404 qnod
867 1361 1083 1408 receptam
1119 1356 1346 1396 lectionem
1381 1354 1619 1395 confirmat.

472 1411 626 1454 τίνας
661 1409 884 1466 λόγους]
921 1413 1018 1454 Hoc
1053 1413 1261 1466 debemus
1296 1413 1401 1454 Ven-
1434 1412 1472 1450 i).
1505 1410 1639 1451 Hnet.
1672 1409 1770 1450 Par.
1791 1409 1884 1452 DS.
1915 1409 2052 1464 Vuigo

354 1468 584 1521 iegebatur
612 1466 750 1512 τινάς.

472 1525 718 1577 ἄσχημον
754 1524 814 1564 ἂν
846 1529 1178 1583 φανεῖσθαι]
1211 1525 1264 1575 ὃν
1293 1525 1484 1568 additum
1520 1538 1543 1566 e
1578 1525 1681 1569 Vat.
1712 1523 1884 1566 Veni),
1920 1522 2052 1568 Huet.

360 1584 461 1624 Par.
496 1584 586 1625 DS·
626 1583 755 1627 Vin‘l.
788 1586 827 1628 1.
860 1586 900 1628 6.
936 1586 976 1629 7.
1009 1586 1127 1629 Flor.
1163 1586 1204 1626 d.
1239 1584 1276 1627 h.

474 1641 526 1682 D.
584 1639 793 1682 τούτων
825 1647 922 1684 τῶν
954 1641 1150 1698 τόπων]
1183 1643 1256 1684 Sic
1287 1641 1414 1684 Bod!.
1446 1640 1547 1680 Vnt.
1583 1638 1686 1680 Ven.
1719 1638 1759 1678 1).
1790 1637 1902 1681 Tub.
1934 1637 2048 1681 Flor.

362 1788 457 1832 aut,
504 1782 873 1825 confirmabis
918 1783 1060 1824 alios
1111 1785 1164 1825 in

362 1855 423 1883 ea
455 1841 744 1895 opinione,
775 1846 830 1881 ut
860 1846 1056 1894 putent
1087 1854 1165 1883 re-

362 1903 447 1940 cte
489 1898 551 1940 de
589 1904 643 1939 te
677 1898 985 1940 iudicatum
1020 1911 1166 1949 esse3

361 1958 483 2010 quasi
510 1956 668 1998 dictum
701 1962 821 1997 esset
859 1955 962 2004 ὥςτε
1003 1955 1168 2004 αὐτοὺς

362 2017 498 2055 δοκεῖν
528 2030 563 2054 κ.
595 2030 632 2054 τ.
667 2014 702 2055 λ.
767 2013 1064 2056 Posteriorem
1097 2027 1166 2055 ra-

362 2073 522 2113 tionem
568 2084 733 2114 mecum
787 2072 1034 2125 praeferent
1097 2072 1167 2124 qui

363 2131 635 2172 meminerint
689 2142 855 2180 eorum,
907 2144 1020 2182 quae
1074 2143 1167 2182 cap.

362 2188 435 2232 ΠΙ.
475 2188 533 2228 in.
581 2187 845 2240 legebantur.
907 2187 1166 2240 Euthydem.

361 2261 403 2300 p.
435 2245 535 2289 305.
571 2246 622 2288 D.
663 2244 735 2284 ἐὰν
773 2243 962 2293 τούτους
999 2247 1057 2292 εἰς
1089 2243 1168 2285 δό-

363 2306 436 2349 ξαν
483 2301 808 2355 καταστήσωσι,
860 2302 1044 2357 μηδενὸς
1094 2303 1165 2342 δο-

361 2367 444 2403 κεῖν
473 2360 619 2407 afflone
649 2359 774 2404 εἶναι.

422 2447 472 2489 Ο.
538 2445 620 2486 καὶ
658 2451 756 2487 τῶν
799 2446 1007 2499 ἀνδρῶν
1043 2443 1171 2492 τοὺς

365 2501 822 2560 κοσμιωτάτους]
865 2503 1063 2558 Κόσμιοι
1106 2503 1170 2544 di

366 2567 521 2605 cuntur
565 2561 652 2615 qui
692 2566 921 2603 servant
970 2559 1049 2600 τὸν
1096 2558 1170 2600 κό-

366 2635 498 2673 σμον,
538 2618 577 2660 h.
616 2632 653 2662 e.
694 2620 932 2672 interprete
970 2616 1169 2666 Fisch„

368 2678 456 2730 qui
495 2677 684 2724 vitam,
724 2688 930 2723 mores,
981 2675 1169 2716 studia

369 2734 686 2788 diligenter
773 2733 1026 2786 dirigunt
1119 2738 1171 2773 et

369 2798 699 2844 componunt
743 2791 810 2832 ad
843 2793 1014 2844 iegnm
1050 2790 1170 2831 nor-

371 2861 522 2905 mam3
574 2849 846 2900 modesti,
910 2849 1085 2902 probi.
1134 2861 1172 2889 v.

373 2908 631 2950 Perizon.
686 2907 738 2949 ad
798 2908 959 2949 Aelian.
1009 2906 1064 2948 V.
1115 2905 1172 2948 H.

431 3051 523 3092 καὶ
564 3066 734 3092 ’ΖΟῙΙΤΟ
776 3066 1036 3093 ποιουνῖι
1068 3045 1173 3103 ἄρα

371 3109 462 3165 αἲξ]
496 3109 715 3152 Phaedon.
748 3124 787 3163 p.
814 3108 883 3153 65.
920 3112 968 3150 Α.
1001 3107 1070 3149 καὶ
1100 3108 1173 3150 δο-

373 3172 437 3209 κεῖ
464 3183 546 3226 γε
542 3181 630 3208 που
668 3173 759 3216 τοῖς
789 3169 964 3213 πολλοῖς
997 3164 1170 3236 ἀνθρώ

372 3240 482 3275 ποις,
513 3230 542 3281 ᾧ
577 3226 706 3280 μηδὲν
738 3224 813 3278 ἡδὺ
845 3221 1171 3274 τῶντοιούτων,

373 3282 451 3325 οὐκ
482 3283 599 3330 ἄξιον
627 3298 662 3323 ει
652 3283 737 3323 'mu
776 3282 873 3337 ζῆν,
913 3282 983 3323 ubi
1024 3295 1064 3324 v.
1097 3295 1172 3323 nn-

375 3346 462 3383 not.
508 3341 612 3382 Mox
645 3355 739 3383 rum
773 3341 939 3383 Iacob
955 3353 1035 3382 sio
1069 3339 1173 3380 scri-

375 3400 557 3451 psimus:
579 3399 651 3439 καὶ
670 3397 1016 3452 ἅναισχυνιιίσεις
1033 3398 1174 3441 διαλε-

1250 1781 1435 1837 γόμενος
1456 1806 1511 1812 -
1529 1781 1647 1826 τίνας
1669 1778 1850 1834 λόγουςς
1883 1783 1930 1820 ut
1955 1792 2054 1821 ora-

1253 1841 1380 1882 tionis
1427 1845 1553 1881 tenor
1597 1838 1963 1890 interrogatione
1984 1849 2054 1878 su-

1253 1899 1343 1939 bito
1389 1899 1507 1939 illata
1546 1900 1748 1938 mutetur.
1806 1894 2057 1948 Legebatur

1253 1957 1378 1999 olim.
1417 1955 1487 1996 καὶ
1526 1950 1879 2024 ἀναισχυντήσας
1912 1951 2056 1992 διαλε-

1252 2010 1442 2069 γόμειός
1473 2027 1593 2057 τινας
1622 2009 1800 2063 λόγοις,
1843 2027 1873 2049 ω
1907 2010 1960 2053 Σ.
1974 2041 1986 2062 ,
2029 2008 2055 2060 ἢ

1253 2070 1411 2124 offense
1454 2067 1631 2111 ἐνθάδε.
1701 2067 1949 2109 Pronomen
1996 2067 2056 2108 in-

1255 2129 1564 2180 terrogativum
1587 2126 1736 2169 τίνας
1727 2138 1766 2167 ιι]
1787 2125 1910 2167 bonis
1930 2124 2056 2168 codd.

1252 2192 1469 2241 repertum
1506 2191 1586 2226 est.

1311 2244 1558 2296 ἄσχημον
1605 2258 1663 2283 αν
1722 2239 2054 2294 φανεῖσθαι]

1258 2302 1476 2344 Particuia
1516 2300 1570 2340 ἄν
1608 2312 1703 2342 cum
1742 2298 1945 2340 infinitivo
1992 2297 2058 2339 fn—

1254 2361 1334 2403 turi
1376 2360 1601 2401 coniuncta
1640 2356 1739 2399 nihil
1779 2355 1908 2397 habet
1942 2355 2059 2397 inso-

1257 2418 1425 2459 lentiae.
1468 2429 1507 2456 v,
1553 2415 1605 2457 ad
1652 2416 1775 2468 Apoi.
1814 2427 1856 2467 p.
1897 2413 1966 2456 30.
2009 2413 2057 2456 Β.

1256 2476 1513 2526 Quanquam
1566 2471 1839 2524 Hirschig.
1891 2471 2060 2513 refinxit

1254 2532 1606 2583 ἀναφανεῖσθαι,
1650 2538 1700 2571 ut
1728 2530 1897 2572 scilicet
1927 2529 2058 2581 signi-

1257 2591 1429 2638 ficetur,
1461 2589 1686 2629 Socratem
1720 2590 1871 2627 contra
1904 2594 2059 2639 exspe-

1258 2648 1486 2688 ctationem
1498 2649 1626 2687 talem
1645 2658 1741 2686 esse
1751 2643 2058 2697 appariturum.

1260 2706 1323 2746 De
1361 2716 1446 2756 quo
1488 2704 1523 2745 si
1557 2703 1626 2756 qui
1671 2702 1887 2756 dubitent,
1928 2701 1954 2742 ii
1985 2714 2057 2742 ca-

1258 2768 1410 2813 veant,
1442 2774 1496 2802 ne
1535 2775 1557 2802 a
1600 2761 1750 2801 critico
1782 2758 2059 2801 severissimo

1260 2820 1461 2861 continuo
1504 2819 1564 2860 rei
1605 2823 1788 2872 agantur
1835 2817 2058 2871 puerilium

1258 2879 1526 2931 ineptiarum.
1574 2900 1628 2905 -
1697 2874 1764 2916 Τὸ
1814 2877 1911 2916 τοῦ
1951 2875 2057 2915 Σω-

1258 2934 1497 2988 κράτους
1528 2937 1766 2988 πρᾶγμα,
1798 2933 2057 2974 Socratis

1259 2993 1569 3046 negotium,
1608 2990 1648 3034 h.
1679 3005 1716 3035 e.
1760 2995 1803 3033 et
1837 2990 1932 3044 ipse
1969 2990 2056 3032 So·

1261 3056 1404 3092 crates
1447 3056 1490 3091 et
1530 3061 1599 3090 res
1632 3049 1736 3091 eius.
1769 3061 1808 3088 v.
1841 3047 1894 3088 ad
1925 3047 2055 3102 Hipp.

1261 3109 1356 3152 mai.
1390 3122 1429 3161 p.
1463 3106 1561 3152 286.
1595 3106 1647 3149 E.
1679 3107 1775 3148 coil.
1814 3103 2052 3148 Fischer.

1255 3166 1311 3207 ad
1355 3167 1524 3207 Welier.
1565 3166 1636 3206 ΙΙΙ.
1671 3164 1700 3205 1.
1734 3178 1774 3216 p.
1805 3165 1904 3207 312.
1947 3162 2053 3204 Mu-

1259 3231 1354 3268 ret.
1400 3225 1519 3265 Varr.
1564 3223 1704 3266 Lectt.
1748 3222 1808 3263 II.
1849 3222 1892 3265 5.
1934 3220 2054 3261 Val-

1259 3284 1406 3324 cken.
1449 3280 1502 3323 nd
1542 3279 1759 3322 Theocrit.
1797 3278 1863 3321 Id.
1910 3277 1980 3321 18.
2011 3292 2050 3319 ν.

1260 3340 1300 3384 4.
1333 3344 1378 3382 et
1408 3340 1544 3393 intpp.
1573 3337 1627 3379 ad
1651 3338 1837 3390 Gregor.
1861 3335 2050 3378 Corinth.

1263 3412 1302 3451 p.
1339 3398 1424 3442 325
1466 3411 1527 3451 sq.
1570 3394 1637 3438 ed.
1679 3394 1795 3449 Lips.
1830 3418 1882 3424 κ·
1942 3393 2050 3434 For-
