2222 3762
444 131 647 186 XXVI

443 294 560 327 esse
599 273 795 326 debeat
832 271 1172 324 hominum
1211 268 1842 340 singulorumgvita,
1912 292 2019 341 quo
2072 271 2142 324 ad

443 345 635 399 summi
675 345 803 398 boni
839 342 1016 395 ideam
1050 340 1414 412 perveniatur.
1468 341 1555 395 vIn
1579 342 1731 398 libris
1775 341 1840 395 de
1862 344 2144 413 republica

443 425 625 470 autem
651 415 966 486 explicatur,
997 411 1269 483 quomodo
1310 420 1513 479 quum
1574 415 1805 485 optimi
1850 414 2141 469 hominis

444 498 582 541 tum
642 488 1000 559 perfectae
1062 483 1390 536 civitatis
1448 485 1587 538 ratio
1660 494 1971 558 comparata
2022 505 2141 540 esse

442 560 667 626 debeat,
743 566 806 611 ut
864 557 978 609 vita
1000 561 1024 612 εἷ
1043 554 1292 624 {humana
1354 555 1527 608 omnis
1599 566 1964 626 consequatur
2024 576 2142 611 eam

441 630 828 702 praestantiam
879 635 932 680 et
967 627 1259 692 virtutem,
1315 643 1452 694 quae
1502 635 1680 681 niente
1720 636 1774 680 et
1810 627 2141 700 cogitatione

439 702 673 756 maxima
707 700 845 772 fingi
884 705 1063 767 queat.
1139 695 1394 764 Denique
1441 699 1497 750 in
1539 699 1792 766 Timaeo,
1857 717 2016 769 quem
2056 718 2141 753 ar-

443 773 683 827 ctissime
723 791 846 824 cum
889 769 1042 822 libris
1093 767 1159 820 de
1200 769 1407 837 optima
1443 770 1662 823 civitate
1700 770 1988 824 cohaerere
2024 771 2141 843 ipse

442 843 773 916 significavit
811 842 898 911 ³⁸),
960 838 1323 910 philosophus
1376 839 1619 910 disputat
1663 841 1740 894 ita
1789 841 1868 895 de
1917 861 2140 896 rerum

440 922 707 982 natura,
747 921 809 966 ut
844 911 1032 964 mnndi
1071 911 1322 981 opificem
1363 911 1625 965 doceatur
1659 913 1714 965 in
1740 913 1832 966 illo
1858 913 2138 967 formando

440 987 744 1058 respexisse
796 984 867 1036 ad
917 982 1191 1054 exemplar
1236 982 1424 1036 mundi
1471 984 1636 1057 longe
1685 983 2140 1055 perfectissimum

442 1058 801 1126 omnibusque
838 1055 1075 1108 numeris
1117 1054 1455 1123 absolutum,
1509 1055 1794 1124 omniaque
1836 1057 1911 1110 ita
1955 1055 2139 1128 dispo-

443 1129 646 1198 suisse,
699 1136 762 1181 ut
811 1146 973 1197 quam
1027 1125 1232 1198 optima
1277 1134 1332 1178 et
1379 1125 1773 1197 perfectissima
1826 1129 2135 1187 existerent.

442 1200 598 1269 Quae
639 1201 685 1254 si
721 1218 851 1254 vera
889 1211 1045 1266 sunt,
1085 1197 1243 1250 facile
1281 1197 1634 1269 intelligitur,
1686 1199 1910 1269 opinor,
1951 1199 2138 1253 aretis-

442 1274 627 1326 simam
668 1291 784 1325 esse
822 1269 1035 1323 illorum
1074 1287 1295 1340 operum
1337 1270 1800 1340 coniunctionem,
1841 1272 2043 1343 quippe
2081 1271 2136 1323 in

441 1344 637 1414 quibus
696 1343 960 1396 doceatur
1017 1341 1149 1394 boni
1209 1339 1388 1393 ideam
1441 1359 1559 1394 esse
1620 1341 1764 1395 vitae
1824 1343 2136 1411 ethicae,

441 1415 682 1469 civilis
733 1422 896 1484 atque
944 1411 1286 1484 physicae
1338 1430 1555 1465 causam
1592 1423 1752 1482 atque
1791 1412 2136 1467 effectricem.

441 1486 624 1554 Quum
675 1496 856 1538 autem
904 1491 1060 1537 tanta
1107 1484 1178 1537 sit
1223 1483 1415 1536 horum
1462 1483 1721 1537 librorum
1766 1483 2135 1553 necessitudo,

441 1558 562 1627 quis
616 1577 820 1628 quaeso
869 1555 1094 1627 negabit
1140 1553 1503 1608 verisimiliter
1553 1575 1683 1608 sane
1734 1556 1962 1624 coniici,
2019 1575 2136 1611 esse

438 1631 560 1683 illos
599 1638 842 1700 tempore
881 1648 991 1681 non
1028 1626 1257 1680 multum
1307 1626 1520 1679 diverso
1560 1627 1753 1681 litteris
1786 1629 2136 1701 consignatos

442 1710 497 1754 et
535 1703 590 1755 in
628 1702 804 1754 lucem
842 1698 1108 1753 emissos?
1183 1699 1381 1767 Neque
1417 1718 1546 1752 vero
1585 1698 1718 1754 haec
1764 1701 1880 1754 sola
1919 1701 2139 1753 fuerunt

439 1773 646 1846 ingenii
682 1779 1059 1840 monumenta,
1112 1789 1252 1840 quae
1300 1769 1658 1840 philosophus
1704 1791 1884 1842 usque
1931 1770 2001 1824 ad
2051 1789 2135 1824 se-

440 1845 672 1899 cundam
711 1845 767 1896 in
805 1843 1047 1899 Siciliam
1095 1842 1487 1913 profectionem
1526 1842 1801 1912 condidit,
1849 1842 1948 1896 sed
1994 1842 2137 1896 intra

432 1917 676 1988 ‘spatium
726 1915 830 1969 1100
881 1915 1097 1968 circiter
1143 1913 1337 1985 viginti
1385 1921 1440 1966 et
1487 1913 1633 1982 quod
1692 1915 1930 1969 excurrit
1965 1933 2134 1968 anno-

438 2009 558 2041 rum
582 1989 743 2041 etiam
769 1986 1101 2054 Phaedrum,
1144 1984 1492 2057 Symposium
1532 1993 1586 2037 et
1612 1985 1963 2040 Phaedonem
2000 1986 2134 2039 scri-

439 2061 616 2131 psisse
654 2059 883 2111 videtur.
961 2057 1049 2110 De
1100 2055 1391 2128 Symposio
1446 2055 1501 2109 id
1559 2057 1693 2111 satis
1733 2069 1880 2112 certo
1919 2065 2135 2111 constat

440 2151 506 2184 ex
540 2132 661 2184 loco
706 2151 759 2200 p.
803 2133 917 2183 192.
966 2130 1031 2182 Ε.
1072 2147 1184 2197 sq.;
1235 2127 1585 2180 Phaedonem
1632 2136 1811 2182 autem
1858 2135 2130 2199 putamus,

438 2203 564 2255 licet
600 2223 709 2256 non
748 2202 986 2257 absurda
1024 2200 1094 2254 sit
1131 2219 1317 2252 eorum
1355 2200 1652 2269 sententia,
1706 2201 1801 2271 qui
1836 2201 1987 2253 illum
2022 2219 2132 2254 non

436 2275 607 2328 multo
655 2282 781 2346 post
819 2273 1062 2328 Socratis
1112 2271 1319 2324 obitum
1369 2273 1631 2343 scriptum
1681 2271 2129 2342 iudicarunt'**),

438 2345 543 2399 hoc
579 2346 841 2416 temporis
879 2345 1057 2414 spatio
1097 2343 1477 2413 consignatum
1506 2361 1625 2396 esse
1651 2342 1967 2397 duabus'ex
2005 2363 2131 2396 cau-

438 2417 528 2470 sis.
602 2417 746 2469 Nam
794 2416 1023 2485 primum
1077 2413 1297 2482 quidem
1345 2414 1512 2466 multa
1565 2412 1620 2464 in
1661 2415 1761 2467 hoc
1798 2415 1936 2468 libro
1977 2433 2131 2484 repe-

438 2488 649 2540 riuntur
686 2483 1409 2558 Pythagoricaedoctrinae
1445 2485 1711 2555 vestigia,
1761 2484 1905 2539 unde
1950 2487 2130 2558 suspi-

438 2559 575 2611 ceris
615 2558 931 2625 Platonem,
985 2574 1150 2625 quum
1187 2574 1306 2607 eum
1346 2574 1644 2609 sermonem
1683 2558 1972 2624 scriberet,
2024 2559 2130 2611 iam

438 2630 572 2682 satis
622 2637 932 2684 accuratam
986 2626 1241 2680 habuisse
1288 2625 1430 2680 illius
1478 2628 1863 2699 cognitionem.
1949 2627 2130 2696 Quam

439 2701 533 2770 qui
572 2708 832 2771 putarunt
880 2700 927 2752 ei
966 2699 1071 2751 iam
1111 2706 1236 2750 ante
1276 2697 1518 2752 Socratis
1557 2699 1764 2753 obitum
1801 2701 2129 2772 impertitam

439 2789 560 2825 esse
612 2772 678 2825 ab
741 2771 964 2826 Simmia
1026 2777 1080 2822 et
1127 2766 1359 2838 Cebete,
1424 2771 1517 2840 qui
1570 2771 1876 2825 Philolaum
1925 2772 2127 2827 Thebis

437 2842 710 2896 audierint
758 2843 824 2896 de
882 2840 1096 2912 placitis
1148 2840 1531 2913 Pythagoricis
1581 2841 1948 2915 disputantem
1996 2844 2124 2912 ***),

439 2922 535 2967 aut
585 2915 651 2968 ab
702 2914 1005 2968 Echecrate
1054 2912 1324 2983 Phliasio,
1389 2933 1546 2983 quem
1599 2916 1653 2967 in
1704 2915 2123 2981 Phaedone'lo-

503 3129 1073 3171 *1‘..C...1).

481 3132 543 3242 ”3
574 3189 629 3232 V.
662 3130 873 3230 gaesa&
891 3130 1205 3229 ag3l'haedon.
1237 3203 1279 3242 p.
1311 3188 1403 3242 17.,
1435 3191 1509 3230 ubi
1542 3204 1652 3243 quae
1684 3191 1894 3240 diximus,
1926 3201 2031 3230 eave
2062 3190 2125 3229 sic

579 3248 800 3300 intelligas
832 3259 882 3287 ac
913 3247 950 3287 si
981 3259 1076 3286 eam
1107 3248 1366 3293 sententiam
1406 3249 1663 3301 probemus:
1703 3254 1805 3289 sunt
1833 3249 1947 3288 enim
1977 3248 2123 3287 omnia

517 3344 519 3346 .
579 3313 732 3349 contra
762 3305 872 3345 alios
904 3305 1126 3357 disputata
1155 3306 1240 3357 sic,
1271 3311 1320 3346 ut
1349 3307 1458 3347 nihil
1489 3308 1733 3348 accuratius
1764 3305 2009 3347 definiatur.

465 3361 554 3417 ‘'“J
588 3363 635 3405 V.
669 3362 1047 3414 wyttenbaeh.
1078 3363 1133 3403 ad
1173 3364 1393 3408 Pha-edon.
1426 3378 1467 3417 p.
1500 3365 1566 3408 61.
1602 3365 1650 3406 D.
1685 3362 1735 3404 E.
