2158 3718
377 162 482 209 loo
987 159 1412 212 PLATONJS

376 302 454 362 ι’ν’
505 326 578 360 av
622 308 714 362 καὶ
755 303 855 375 ἐγώ
904 302 1006 372 τὴν
1048 301 1314 376 ἡμετέραν
1356 311 1550 378 τέχνην
1593 303 1832 377 τιμήσω,
1875 305 2050 384 ὥςπερ

280 387 325 438 Ε
367 385 719 461 Ἐρυξίμαχος
762 386 866 456 τὴν
910 390 1138 452 ἑαυτοῦ,
1199 385 1431 456 ποιητὴς
1475 388 1506 446 6
1549 388 1691 456 θεὸς
1732 387 1910 466 σοφὸς
1951 390 2046 447 οὕ-

371 493 492 538 τως,
534 470 666 538 ὥςτε
709 476 802 528 καὶ
843 467 1016 527 ἄλλον
1062 474 1316 538 ποιῆσαι·
1361 478 1472 539 πᾶς
1512 478 1656 577 ἴοῦυ
1693 474 1930 544 ποιητὴς
1969 479 2052 546 γί-

368 577 588 625 γνεται,
629 553 734 612 κᾶν
777 552 1024 627 ἄμουσος
1064 547 1097 633 ᾖ
1145 553 1208 611 τὸ
1263 561 1427 627 πρίν,
1473 552 1538 615 οὗ
1580 555 1653 615 ἂν
1682 555 1858 633 ’Ἐρως
1895 557 2054 635 ἅψη-

370 661 480 696 ται.
524 633 566 710 ᾧ
611 639 677 706 δὴ
723 647 912 712 πρέπει
954 638 1102 709 ἡμᾶς
1141 646 1425 714 μαρτυρίᾳ)
1464 645 1749 714 χρῆσθαι,
1794 642 1881 700 ὅτι
1922 665 2050 700 ποι-

368 721 505 791 ητὴς
547 721 577 779 6
618 721 792 797 ’Ἔρως
846 721 1077 794 ἀγαθὸς
1135 730 1194 780 ἐν
1249 730 1531 800 κεφαλαίῳ
1585 731 1775 787 πᾶσαν
1827 732 2049 796 ποίησιν

370 804 474 874 τὴν
518 805 661 863 κατὰ
704 807 1002 879 μουσικήν·
1060 806 1096 864 ἃ
1142 807 1251 882 γάρ
1297 831 1380 873 τις·
1423 806 1458 878 ἢ
1499 806 1576 881 μὴ
1625 817 1731 883 ἔχει
1770 808 1806 880 ἢ
1845 809 1924 883 μὴ
1970 809 2052 869 οἶ-

371 895 492 957 δεν,
554 889 679 948 οὔτ’
746 889 820 947 ἂν
877 898 1040 966 ἑτέρῳ
1102 896 1222 960 δοίη
1278 891 1400 948 οὔτ’
1466 891 1540 950 ἂν
1591 892 1766 951 ἄλλον
1807 895 2052 962 διδάξειε.

230 982 332 1031 197
372 979 465 1032 καὶ
519 979 622 1046 μὲν
683 973 749 1044 δὴ
804 975 926 1045 τήν
961 999 1019 1046 γε
1080 980 1191 1033 τῶν
1250 975 1399 1046 ζώων
1441 983 1662 1047 ποίησιν
1698 976 1929 1036 πάντων
1971 984 2055 1045 τίς

367 1059 752 1117 ἐναντιώσεται
793 1060 866 1133 μὴ
912 1060 1034 1134 οὐχὶ
1060 1059 1300 1132 ’Ἑρωτος
1344 1061 1483 1119 εἶναι
1537 1069 1757 1138 σοφίαν,
1800 1056 1833 1140 ᾖ
1875 1067 2052 1134 γίγνε-

369 1148 463 1201 ταί
518 1166 577 1205 τε
628 1148 722 1201 καὶ
778 1145 979 1221 φύεται
1037 1144 1225 1202 πάντα
1279 1144 1349 1202 τὰ
1409 1150 1551 1219 ζώοις
1607 1145 1750 1203 ἀλλὰ
1785 1144 1890 1216 τὴν
1933 1151 2046 1204 τῶν

367 1231 572 1301 τεχνῶν
634 1233 997 1304 δημιουργίαν
1052 1229 1153 1287 οὐκ
1208 1230 1390 1302 ἰ’σμεν,
1461 1228 1551 1289 ὅτι
1609 1224 1676 1288 οὗ
1728 1234 1831 1305 μὲν
1883 1228 1956 1288 ἂν
2020 1230 2048 1288 6
2120 1291 2123 1293 .

481 1392 546 1434 2²»
579 1389 648 1435 αὖ
676 1393 764 1436 καὶ
793 1393 917 1450 ἐγώ]
951 1395 1007 1437 ι”ν
1039 1410 1126 1440 οιιι.
1149 1397 1273 1440 Bodl.
1296 1394 1451 1441 Vat..A
1481 1395 1660 1439 Vind.2.
1685 1408 1848 1439 errore.

484 1441 534 1492 Ε.
595 1450 690 1504 τὴν
725 1453 957 1508 ἑαυτοῦ]
999 1453 1140 1496 αυτοῦ
1174 1455 1265 1496 'vat-
1292 1452 1343 1498 A.
1375 1458 1481 1507 Aug
1507 1467 1556 1495 w.
1601 1451 1741 1495 αὑτοῦ
1772 1451 1898 1494 Bodl.
1958 1453 2050 1496 Sed

364 1509 604 1608 {mim-em
644 1509 826 1553 formam
867 1517 1045 1566 propter
1084 1513 1369 1567 oppositionis
1406 1513 1492 1553 vim
1526 1515 1569 1553 et
1597 1511 1852 1564 gravitatem
1883 1510 2054 1565 praefe-

476 1579 543 1608 am
582 1573 793 1620 putamus.

482 1624 534 1665 P.
557 1624 651 1668 197-
717 1626 766 1666 Β.
813 1624 904 1665 καὶ
935 1623 1072 1674 Ζεῦς
1099 1623 1471 1685 κυβερνήσεως
1503 1624 1656 1680 θεῶν]
1689 1627 1900 1680 κυβερνᾶν
1920 1625 2046 1668 Bodl.

369 1680 487 1724 Coisl
521 1682 618 1725 Vat.
632 1681 685 1724 A.
713 1682 830 1726 Flor.
846 1683 940 1725 EF.
973 1682 1121 1727 Ambr.

1162 1689 1391 1738 Ang.u..w
1430 1683 1690 1725 Vatnfflrs
1724 1682 2047 1727 1⁴1..0rabci.

368 1743 414 1780 et
442 1739 569 1781 Stob.
597 1743 806 1797 κυβερνῶν
839 1741 934 1785 Vat.
954 1740 995 1785 d
1025 1744 1207 1801 κιβερνᾷ
1238 1758 1291 1783 τα
1328 1744 1441 1783 θεῶν
1473 1741 1694 1783 Par.DK.
1725 1740 1827 1784 vat.
1847 1753 1892 1795 p.

365 1854 484 1896 cuius
513 1854 571 1897 illi
601 1859 700 1896 sunt
729 1859 929 1897 auctores
952 1857 1017 1898 vel
1038 1869 1166 1911 prae-

364 1911 507 1966 sides,
544 1925 585 1955 v.
617 1912 724 1955 infra
754 1927 795 1968 p.
831 1913 925 1957 107.
958 1915 1006 1957 Α.
1038 1915 1089 1958 Β.
1121 1928 1163 1967 p.

367 1969 460 2014 199.
490 1970 541 2014 E.
574 1983 617 2024 p.
639 1971 737 2017 200.
761 1974 809 2014 A.
839 1986 880 2026 p.
899 1970 997 2016 201.
1027 1974 1080 2015 A.
1111 1972 1163 2016 Ε.

361 2027 446 2072 204
477 2028 527 2072 Β.
561 2029 611 2071 D.
642 2042 684 2082 p.
707 2028 804 2073 207.
839 2033 887 2072 A.
921 2029 1058 2084 Legg.
1093 2029 1163 2074 VI.

362 2084 460 2129 773.
475 2086 590 2129 D.E.
611 2086 836 2140 Loquendi
855 2100 993 2142 genus
1013 2100 1163 2130 exem-

361 2144 444 2197 plis
482 2143 710 2186 illustravit
748 2145 928 2188 Monk.
977 2146 1031 2186 ad
1072 2145 1161 2187 Eu·

364 2201 892 2302 ἓί·ηΐὲ“ιῖῗ3ἳιηῖἳ.ιεέξ.
920 2215 1164 2314 ‘ffupc‘issffie

364 2314 393 2358 4
424 2329 487 2369 sq.
546 2316 746 2371 Respicit
775 2323 922 2359 autem
955 2317 1008 2359 ad
1047 2319 1160 2359 iliam

365 2373 652 2416 narrationem
682 2374 840 2427 Odyss.
872 2373 946 2428 θ’,
967 2375 1052 2420 266
1073 2389 1165 2429 sqq.

424 2430 475 2474 Ε.
532 2436 634 2478 πᾶς
664 2437 797 2486 γοῦν
826 2432 1060 2486 ποιητὴς
1090 2437 1165 2487 γί-

363 2503 554 2541 γνεται
584 2506 621 2530 κ.
656 2506 694 2530 τ.
728 2489 791 2544 L]
823 2490 1166 2542 Respicit‘iudi-

368 2559 419 2586 ce
470 2546 837 2589 Vaickenario
896 2549 1072 2591 Diatrib.

365 2602 464 2647 207.
497 2603 550 2644 ad
581 2617 729 2645 versus
755 2604 1053 2647 Stheneboeae
1073 2606 1163 2647 Ειι-

366 2659 583 2768 3·“.;ῖ.ε’ξ,;·.ῖ;
606 2660 1025 2769 5:5”322522555‘1211-
1033 2663 1167 2770 5⁹2⁹?

367 2772 422 2814 de
454 2774 607 2825 quibus
645 2787 681 2813 v
715 2775 767 2817 T.
801 2774 861 2816 ΙΧ
913 2774 1056 2828 Eurip.
1083 2735 1163 2817 god.

367 2828 560 2872 Matth.
583 2843 623 2884 p.
647 2829 732 2875 330
753 2844 813 2885 sq.
862 2831 967 2872 Mox
987 2844 1040 2873 ne
1059 2830 1161 2885 quid

369 2887 615 2939 desideres,
674 2893 814 2929 πᾶσαν
861 2889 1035 2940 ποίησιν
1086 2888 1165 2941 τὴν

367 2943 475 2986 κατὰ
516 2943 724 3000 μουσικὴν
767 2950 884 2987 arcte
933 2954 1164 2988 connectas

370 3014 468 3044 cum
507 3000 695 3055 ἀγαθός.
766 3003 1002 3057 Perperam
1052 3005 1162 3046 enim

368 3060 411 3101 in
442 3064 549 3102 vett.
582 3059 702 3103 editt.
743 3066 844 3115 post
883 3059 1057 3115 ἀγαθὸς
1098 3063 1164 3103 in-

369 3117 652 3172 terpungitur.
687 3118 817 3160 Addit
836 3131 938 3160 vero
960 3118 1038 3172 τὴν
1056 3119 1163 3160 κατὰ

369 3174 578 3230 μουσικὴν
605 3181 860 3230 propterea,
898 3177 1012 3229 quod
1045 3176 1165 3218 dein-

371 3232 426 3274 de
473 3234 648 3284 ποίησις
694 3239 737 3276 et
781 3234 958 3288 ποιητὴς
1016 3235 1166 3276 latiore

372 3302 505 3332 sensu
545 3290 600 3332 de
637 3291 822 3333 cuiusvis
861 3292 1032 3345 generis
1065 3305 1167 3345 pro-

371 3349 592 3390 creatione
640 3353 686 3391 et
723 3350 998 3403 generatione
1049 3349 1167 3391 dicit.

368 3404 520 3459 ltaque
550 3418 660 3448 nunc
698 3404 751 3450 de
791 3406 936 3462 poesi,
976 3419 1088 3461 quae
1128 3407 1170 3449 in

1250 1854 1506 1898 carminibus
1552 1852 1789 1908 pangendis
1841 1854 2046 1909 cernitur,

1249 1913 1426 1966 cogitari
1485 1912 1658 1966 cupiens
1731 1918 2049 1956 commemorat

1248 1971 1421 2024 ποίησιν
1451 1967 1530 2021 τὴν
1565 1967 1673 2010 κατὰ
1706 1967 1926 2023 μουσικήν.
1967 1970 2052 2013 Se-

1248 2041 1326 2070 cus
1366 2029 1507 2070 locum
1548 2027 1719 2080 accepit
1754 2027 2046 2080 Hommelius,

1248 2086 1318 2140 qui
1351 2085 1430 2126 sibi
1462 2084 1632 2147 videtur
1661 2096 1770 2126 unus
1800 2097 1898 2126 eum
1927 2090 2049 2129 recte

1247 2142 1522 2186 intellexisse
1553 2165 1611 2173 —
1657 2143 1709 2182 ἐν
1756 2142 2051 2197 κεφαλαίῳ,

1247 2205 1304 2242 ut
1334 2200 1641 2242 summatim
1675 2198 1867 2244 dicam.

1306 2255 1423 2299 ουτ’
1464 2257 1526 2298 αν
1565 2258 1730 2311 ἑτέρῳ
1769 2258 1894 2311 δοίη
1926 2256 2045 2300 οὔτ’

1246 2313 1308 2356 ἄν
1338 2315 1504 2356 αλλον
1535 2315 1598 2371 ἃ]
1634 2314 1701 2357 Ne
1731 2315 1826 2368 quis
1855 2314 1955 2356 οὔτ’
1989 2308 2052 2358 av

1247 2373 1376 2413 ἄλλον
1406 2373 1608 2427 corrigat,
1646 2371 1744 2414 vide
1774 2372 1828 2414 ad
1863 2374 2049 2428 Apolog.

1250 2431 1422 2485 Socr.p
1428 2429 1526 2474 .31.
1549 2430 1601 2474 Ε.
1634 2429 1844 2472 Addimus
1875 2431 2050 2473 Hero·

1250 2488 1356 2532 dot.
1379 2489 1453 2531 ΙΙΙ.
1474 2486 1556 2530 21.
1596 2488 1632 2527 εἰ
1668 2486 1751 2543 γὰρ
1784 2483 1836 2539 ἧν
1865 2489 2046 2541 δίκαιος,

1123 2563 1162 2602 ρ,
1249 2545 1352 2588 οὔθ
1394 2562 1445 2586 αν
1474 2543 1722 2598 ἐπεθύμησε
1749 2544 1888 2599 χώρης
1917 2545 2047 2598 ἄλλης

1249 2602 1274 2654 ἢ
1305 2608 1382 2654 τῆς
1412 2601 1578 2643 imfimo
1647 2601 1748 2642 ovt'
1790 2618 1843 2641 αν
1872 2604 1913 2649 ec
1942 2602 2044 2642 δου-

1249 2659 1380 2700 λοσύν
1361 2675 1433 2711 ννη
1463 2656 1722 2711 ἀνθρώποις
1753 2653 1843 2711 ἦγε.
1884 2659 1994 2714 Sop
2009 2659 2049 2704 h.

1248 2721 1343 2757 Ant.
1367 2729 1403 2758 v,
1426 2715 1494 2759 69.
1521 2715 1611 2758 185.
1637 2714 1734 2758 682.
1757 2715 1932 2760 89681.

1304 2773 1355 2815 Ρ
1396 2772 1486 2816 197,
1531 2772 1623 2812 καὶ
1651 2775 1743 2826 μὲν
1773 2773 1830 2825 δὴ
1865 2772 1962 2825 τήν
1990 2790 2047 2830 γε

1246 2833 1346 2871 τῶν
1375 2828 1542 2884 ζώων]
1577 2830 1661 2873 Qui
1694 2830 1784 2872 fere
1816 2832 1973 2884 ubique
2003 2834 2045 2874 in

1247 2889 1330 2930 isto
1360 2888 1430 2927 καὶ
1458 2889 1534 2942 μὲν
1516 2886 1603 2939 νὸἡ
1638 2886 1792 2940 haesit,
1824 2888 1858 2929 F
1872 2889 2047 2932 fische-

1247 2959 1365 2996 rus,
1396 2946 1432 2986 is
1464 2947 1591 2987 etiam
1625 2944 1707 2986 hoc
1738 2947 1835 2987 loco
1863 2947 1934 2986 καὶ
1961 2946 2048 3002 μὴν

1248 3002 1297 3055 δὴ
1333 3003 1603 3045 scribendum
1635 3004 1835 3044 censuit:
1862 3006 1919 3046 At
1939 3017 2043 3046 vero

1249 3062 1320 3102 καὶ
1369 3063 1443 3116 μὲν
1493 3059 1547 3113 δή
1586 3082 1642 3091 -
1681 3074 1727 3114 γε
1767 3065 1836 3102 est
1881 3075 2048 3116 porro
2080 3085 2092 3103 l

1252 3120 1442 3171 etiam,
1493 3118 1619 3172 quin
1670 3118 1862 3171 etiam,
1911 3132 2050 3172 neque

1251 3190 1472 3230 usquam
1513 3176 1590 3217 nisi
1629 3176 1668 3216 in
1699 3176 1803 3217 locis
1833 3178 2046 3231 corruptis

1252 3236 1480 3276 coniuncta
1524 3234 1717 3287 reperias
1759 3233 1845 3272 καὶ
1861 3233 1947 3290 μὴν
1976 3233 2044 3286 δή.

1252 3292 1474 3334 Phaedon.
1503 3290 1635 3346 p..75
1662 3293 1718 3332 A:
1751 3289 1855 3331 ἀλλὰ
1885 3294 1961 3347 μὲν
1993 3291 2044 3344 δὴ

1254 3351 1295 3391 ἔκ
1326 3364 1370 3404 γε
1402 3354 1484 3391 τῶν
1503 3305 1756 3401 αἰσθήσεσιν
1792 3348 1856 3390 δεῖ
1903 3349 2051 3401 ἐννοῆ-

1255 3423 1339 3452 σαι.
1360 3407 1543 3451 Pontio.
1577 3419 1618 3461 p.
1650 3404 1736 3452 287
1765 3405 1827 3450 D.
1869 3404 1940 3447 καὶ
1975 3408 2051 3462 μὲν
