2158 3718
353 165 462 202 VIII
1008 163 1456 206 PROLEGOMENA

353 289 531 342 cuisse
568 297 776 344 constat
810 289 1166 343 arctissimam
1202 308 1324 344 cum
1359 309 1486 345 vero
1523 299 1682 360 atque
1719 290 1860 346 bono
1884 293 2050 347 inter—

353 359 542 413 cedere
578 360 1060 415 necessitudinem?
1122 356 1235 413 Sed
1270 361 1718 430 quemadmodum
1764 362 1831 416 de
1876 365 2053 445 operis

352 431 681 501 praestantia
717 439 769 483 et
805 429 1094 484 virtutibus
1119 432 1456 484 consentiunt
1481 450 1681 496 omnes,
1719 433 1812 502 qui
1838 433 2054 503 quldem

353 500 531 569 aliquo
555 501 727 572 pulcri
754 500 1071 569 venustique
1099 519 1258 554 sensu
1282 502 1500 572 pollent,
1539 503 1615 556 ita
1642 503 1708 555 de
1733 512 2053 575 argumento

353 571 470 624 eius
507 580 665 640 atque
701 570 978 641 proposito
1014 569 1290 625 hominum
1328 572 1603 627 doctorum
1630 574 1923 628 sententiae
1959 594 2052 628 ve-

352 640 631 694 hementer
666 640 807 694 inter
845 659 901 694 se
927 640 1249 723 discrepant.
1291 640 1535 711 Quorum
1559 644 1709 697 varia
1745 663 1808 698 ac
1845 644 2055 698 diversa

350 711 551 764 iudicia
586 712 840 780 quoniam
875 710 1069 782 partim
1104 711 1243 764 infra
1269 713 1387 766 loco
1410 713 1794 784 opportuniore
1819 715 2054 768 referen-

353 792 458 845 tur,
497 781 696 852 partim
731 800 904 852 nuper
931 801 997 835 ex
1038 781 1174 835 osita
1200 790 1323 836 sunt
1346 802 1379 836 a
1405 781 1811 838 Susemihlio
1847 785 1903 838 in
1927 785 2055 838 Phi-

351 851 529 923 lologo
568 849 968 906 Schneidewini
1061 852 1125 905 ol.
1153 852 1250 907 VI.
1284 852 1445 908 Fasc.
1471 853 1548 907 II.
1574 873 1628 924 p.
1656 855 1758 907 177
1787 873 1919 924 sqq.,
1956 874 2054 909 no-

351 921 532 975 lumus
567 921 655 976 hic
693 923 759 975 de
796 923 931 976 mira
966 923 1070 976 ista
1107 942 1170 977 ac
1206 942 1374 994 prope
1410 924 1711 978 incredibili
1746 926 2056 994 opinionum

353 991 687 1047 dissensione
725 993 1011 1067 explicare·
1031 994 1318 1065 copiosius.
1356 994 1708 1066 Propositum
1737 996 1877 1050 enim
1912 1015 2057 1049 nunc

351 1063 408 1116 id
451 1082 622 1117 unum
667 1068 798 1129 est,
823 1074 885 1117 ut
929 1072 1051 1118 ante
1097 1065 1275 1118 omnia
1321 1073 1557 1120 nostram
1600 1065 1843 1136 ipsorum
1887 1067 1954 1120 de
1998 1086 2057 1120 re

352 1134 587 1189 maxime
613 1142 953 1189 controversa
980 1136 1295 1189 sententiam
1318 1137 1718 1207 patefaciamus.
1747 1135 1912 1203 Quod
1937 1136 2057 1206 qui-

354 1205 478 1258 dem
512 1205 592 1258 ita
614 1206 791 1259 facere
818 1206 1054 1259 animum
1078 1205 1406 1271 induximus,
1445 1214 1506 1259 ut
1534 1206 1770 1277 primum
1797 1225 2058 1260 summam

354 1274 554 1344 dialogi
589 1275 780 1347 paucis
815 1276 1126 1341 referamUS,
1167 1277 1358 1330 deinde
1394 1295 1520 1331 vero
1558 1276 1624 1330 de
1663 1277 1849 1348 scripti
1872 1278 1979 1331 fine
2005 1288 2059 1332 et

355 1345 576 1400 consilio
599 1364 955 1416 exponamus.
996 1346 1119 1414 Quo
1143 1347 1281 1401 facto
1317 1347 1477 1400 etiam
1501 1347 1567 1400 de
1595 1347 1713 1415 aliis
1736 1346 2059 1416 quibusdam

352 1415 516 1470 rebus
554 1416 958 1471 admonebimus
994 1418 1064 1470 ad
1100 1418 1214 1471 eius
1250 1418 1482 1472 rationes
1513 1417 1872 1471 aestimandas
1899 1426 1951 1472 et
1973 1419 2058 1471 iu-

354 1487 630 1552 dicandas,
678 1496 740 1540 ut
776 1507 1069 1559 speramus,
1120 1488 1265 1541 haud
1299 1488 1583 1542 inutilibus
1620 1489 1836 1542 futuris.
1895 1489 1969 1541 Et
2002 1490 2060 1542 in

353 1576 413 1610 ar
453 1567 670 1612 umento
725 1559 941 1628 quidem
993 1558 1118 1611 libri
1172 1559 1468 1612 enarrando
1523 1559 1713 1612 ducem
1775 1577 2060 1628 sequemur

441 1628 973 1698 yttenbachium,
1012 1629 1105 1699 qui
1137 1628 1277 1682 Bibl.
1315 1627 1447 1683 Crit.
1485 1629 1607 1683 Vol.
1641 1629 1684 1683 I.
1720 1628 1784 1682 P.
1821 1629 1867 1683 Ι.
1900 1649 1955 1701 p.
1989 1631 2058 1684 35

355 1702 469 1768 s'qq.
506 1698 630 1752 libri
665 1700 946 1753 materiam
981 1700 1254 1772 eleganter
1288 1699 1345 1752 in
1380 1700 1600 1754 brevius
1643 1701 1922 1766 contraxit,
1959 1700 2059 1755 hoc

356 1778 535 1823 tamen
570 1769 810 1823 adhibito
847 1778 1285 1841 temperamentO,
1310 1778 1399 1834 ut,
1440 1771 1485 1825 si
1513 1771 1653 1841 >quid
1688 1790 1722 1825 a
1757 1771 1874 1825 viro
1895 1790 2058 1843 egre·

353 1839 446 1922 gio
481 1841 919 1922 praetermissum
934 1873 937 1877 ·
953 1841 1038 1905 sit,
1072 1842 1221 1911 quod
1254 1842 1523 1895 mentione
1548 1842 1776 1913 dignum
1796 1842 2059 1906 ¹videatur,

351 1910 412 1963 1d
448 1929 565 1964 elus
601 1911 780 1965 verbis
816 1911 1198 1966 interseramus
1224 1913 1322 1966 'vel
1358 1912 1689 1966 adiiciamus.
1753 1912 1859 1966 Est
1893 1913 2062 1985 igitur

352 1980 477 2034 libri
515 1988 722 2035 summa
757 1981 908 2037 haec.
959 2005 962 2008 ·

393 2082 396 2084 v
423 2051 595 2106 Ducit
617 2052 1002 2123 Apollodorus,
1041 2053 1133 2123 qui
1171 2052 1525 2107 familiaribus
1561 2054 1740 2108 omnia
1765 2053 1899 2108 haec
1972 2120 1980 2125 ν

352 2141 502 2176 rasse
549 2123 760 2188 dicitur,
807 2123 1023 2178 initium
1071 2125 1389 2178 narrationis
1439 2125 1506 2178 ab
1553 2124 1933 2189 AristodemO,
1967 2107 2090 2249 ῗῗὲῑ

355 2190 584 2258 Socrati,
631 2199 858 2265 praeter
889 2196 1330 2250 consuetudinem
1373 2195 1521 2248 lauto
1559 2196 1918 2264 calceatoque,
1943 2215 1993 2249 -o
2031 2208 2059 2239 ’-

354 2265 496 2318 viam
520 2265 742 2319 veniens
778 2285 901 2320 eum
932 2267 1248 2339 interrogat,
1284 2266 1430 2319 unde
1466 2275 1575 2320 tam
1600 2266 1818 2339 elegans
1842 2274 2060 2337 repente

354 2334 619 2389 exstiterit
638 2336 711 2407 ³⁸⁶).
774 2337 868 2390 Ad
905 2337 1268 2410 Agathonem,
1315 2337 1493 2407 inquit
1532 2336 1802 2402 Socrates,
1846 2337 2058 2408 profici-

420 2492 464 2546 *)
495 2494 563 2536 Ita
590 2495 1063 2549 Wyttenbachius‚
1108 2497 1327 2538 obscurius
1371 2497 1518 2550 paullo
1559 2503 1687 2550 atque
1725 2498 1837 2538 iusto
1874 2497 2058 2538 brevius.

495 2551 647 2603 Itaque
683 2553 847 2593 iuvabit
883 2566 972 2595 rem
1011 2554 1235 2594 dilucidius
1272 2555 1542 2595 enarravisse.
1609 2556 1688 2596 Est
1725 2554 1856 2605 igitur
1890 2553 2060 2594 initium

495 2609 591 2648 libri
620 2609 717 2649 hoc.
747 2610 1058 2662 Apollodorus,
1090 2607 1359 2652 fidelissimus
1381 2609 1572 2651 Socratis
1600 2612 1761 2652 amicus
1790 2616 1918 2661 atque
1946 2622 2059 2650 asse-

497 2670 632 2704 ctator
662 2663 724 2717 (p.
751 2669 843 2707 173.
863 2666 919 2707 D.
939 2665 1029 2717 E.),
1067 2668 1167 2706 dum
1205 2666 1485 2707 familiaribus
1523 2667 1608 2707 suis
1646 2671 1886 2708 narraturus
1917 2672 1979 2706 est
2008 2668 2060 2707 dc

497 2722 692 2761 convivio
725 2722 777 2761 ab
808 2722 1053 2772 Agathone,
1085 2723 1235 2762 iuvene
1265 2728 1392 2774 poeta
1421 2723 1595 2774 tragico,
1624 2729 1796 2775 propter
1823 2721 2059 2772 victoriam,

497 2788 625 2827 quam
654 2777 792 2828 prima
819 2777 966 2817 fabula
983 2778 1038 2818 ‚in
1068 2783 1282 2818 certamen
1321 2779 1549 2819 commissa
1584 2785 1882 2831 reportaverat,
1923 2791 2058 2830 quon·
2074 2827 2092 2833 ἢ
2138 2795 2142 2802 ·

497 2832 596 2871 dam
626 2833 853 2883 celebrato,
883 2834 951 2873 cui
982 2846 1112 2886 quum
1141 2835 1264 2875 multi
1294 2835 1380 2884 alii,
1412 2840 1503 2875 tum
1533 2835 1658 2876 etiam
1682 2835 1879 2877 Socrates
1909 2842 1951 2876 et
1979 2835 2058 2876 Al-

499 2888 683 2929 cibiades
720 2889 999 2940 interfuerint,
1037 2903 1129 2931 scsc
1167 2890 1321 2931 fatetur
1359 2892 1413 2932 ad
1444 2903 1538 2932 eam
1567 2904 1657 2933 rem
1686 2905 1775 2933 non
1803 2892 2059 2944 imparatum

496 2944 564 2983 vel
594 2943 916 2986 inexercitatum
953 2948 1166 2988 accedere.
1215 2947 1328 2988 Nam
1368 2960 1502 3000 nuper
1540 2950 1711 2990 demum
1748 2949 1808 2989 ita
1844 2948 2058 2995 accidisse,

496 3006 557 3050 ut,
597 3013 727 3052 quum
758 3014 780 3041 c
810 3001 994 3043 Phalcro
1024 3004 1067 3043 in
1098 3006 1244 3045 urbem
1274 3004 1618 3056 proficisceretur,
1657 3018 1684 3045 a
1715 3004 1949 3054 Glaucone,
1986 3006 2058 3056 qui

498 3058 551 3097 de
579 3057 655 3097 illo
685 3058 880 3098 convivio
911 3059 1072 3110 aliquid
1101 3074 1126 3101 a
1155 3061 1387 3110 Phoenice,
1418 3061 1607 3114 Philippi
1636 3062 1740 3112 filio,
1769 3060 2054 3116 comperisset,

497 3126 548 3154 co
580 3115 751 3155 nomine
781 3115 1059 3166 compellatus
1090 3119 1283 3169 adeoque
1313 3119 1449 3158 enixis
1480 3124 1654 3169 rogatus
1683 3118 1875 3170 precibus
1905 3118 1971 3167 sit,
2010 3125 2057 3158 ut

498 3182 671 3211 omnem
706 3183 794 3211 reni
832 3172 1075 3223 diligentius
1113 3180 1356 3227 exponeret.
1407 3174 1537 3215 Illum
1568 3175 1766 3215 nimirum
1795 3173 1905 3214 falso
1935 3180 2056 3226 puta-

497 3227 619 3277 visse,
650 3233 780 3268 semet
809 3227 947 3279 ipsum
979 3241 1147 3281 quoque
1178 3230 1313 3282 epulis
1343 3231 1426 3271 illis
1458 3231 1558 3270 olim
1581 3230 1833 3281 interfuisse,
1863 3231 2055 3282 adeoque

498 3283 772 3334 ignoravisse,
813 3286 925 3335 quod
956 3290 1096 3327 tamen
1127 3287 1169 3327 in
1199 3287 1351 3339 vulgus
1383 3293 1530 3328 notum
1561 3289 1626 3336 sit,
1663 3287 1939 3338 Agathoncm
1971 3287 2054 3327 iam

499 3341 657 3382 dudum
696 3341 850 3383 relictis
889 3341 1071 3385 Athenis
1110 3356 1281 3396 peregre
1320 3345 1476 3385 morari
1515 3343 1691 3397 ideoque
1731 3344 1818 3385 ficri
1854 3356 1939 3385 non
1978 3356 2054 3397 po-
