<?xml version="1.0" encoding="UTF-8"?>
<!DOCTYPE html PUBLIC "-//W3C//DTD XHTML 1.0 Transitional//EN"
    "http://www.w3.org/TR/xhtml1/DTD/xhtml1-transitional.dtd">
<html xmlns="http://www.w3.org/1999/xhtml" xml:lang="en" lang="en">
 <head>
  <title>
</title>
<meta http-equiv="Content-Type" content="text/html;charset=utf-8" />
  <meta name='ocr-system' content='tesseract 3.04.00' />
  <meta name='ocr-capabilities' content='ocr_page ocr_carea ocr_par ocr_line ocrx_word'/>
</head>
<body>
  <div class='ocr_page' id='page_1' title='image "./operaomniarecens01platuoft/operaomniarecens01platuoft_0683.png"; bbox 0 0 2158 3718; ppageno 0'>
   <div class='ocr_carea' id='block_1_1' title="bbox 722 138 1810 201">
    <p class='ocr_par' dir='ltr' id='par_1_1' title="bbox 722 138 1810 201">
     <span class='ocr_line' id='line_1_1' title="bbox 722 138 1810 201; baseline 0.001 -17"><span class='ocrx_word' id='word_1_1' title='bbox 722 146 802 184; x_wconf 79' lang='lat' dir='ltr'>AD</span> <span class='ocrx_word' id='word_1_2' title='bbox 843 146 1200 201; x_wconf 69' lang='lat' dir='ltr'>sYMposoeuM.</span> <span class='ocrx_word' id='word_1_3' title='bbox 1443 138 1446 139; x_wconf 72' lang='grc'>’</span> <span class='ocrx_word' id='word_1_4' title='bbox 1703 148 1810 185; x_wconf 76' lang='lat' dir='ltr'>xm</span> 
     </span>
    </p>
   </div>
   <div class='ocr_carea' id='block_1_2' title="bbox 89 269 1811 2958">
    <p class='ocr_par' dir='ltr' id='par_1_2' title="bbox 89 269 1811 2816">
     <span class='ocr_line' id='line_1_2' title="bbox 115 269 1809 351; baseline 0.002 -26"><span class='ocrx_word' id='word_1_5' title='bbox 115 272 365 333; x_wconf 60' lang='lat' dir='ltr'>&#39;attendas¹</span> <span class='ocrx_word' id='word_1_6' title='bbox 397 291 699 326; x_wconf 84' lang='lat' dir='ltr'>communes</span> <span class='ocrx_word' id='word_1_7' title='bbox 744 272 935 341; x_wconf 81' lang='lat' dir='ltr'>amoris</span> <span class='ocrx_word' id='word_1_8' title='bbox 970 269 1198 351; x_wconf 47' lang='lat' dir='ltr'>rwes</span> <span class='ocrx_word' id='word_1_9' title='bbox 1230 273 1516 343; x_wconf 86' lang='lat' dir='ltr'>plurimum</span> <span class='ocrx_word' id='word_1_10' title='bbox 1550 274 1809 328; x_wconf 84' lang='lat' dir='ltr'>conducat</span> 
     </span>
     <span class='ocr_line' id='line_1_3' title="bbox 130 342 1809 416; baseline 0.002 -21"><span class='ocrx_word' id='word_1_11' title='bbox 130 342 395 416; x_wconf 74' lang='lat' dir='ltr'>longeque</span> <span class='ocrx_word' id='word_1_12' title='bbox 414 344 497 398; x_wconf 73' lang='lat' dir='ltr'>,sit</span> <span class='ocrx_word' id='word_1_13' title='bbox 531 342 828 407; x_wconf 85' lang='lat' dir='ltr'>utilissima,</span> <span class='ocrx_word' id='word_1_14' title='bbox 867 343 1167 397; x_wconf 71' lang='lat' dir='ltr'>tamen&#39;vix</span> <span class='ocrx_word' id='word_1_15' title='bbox 1192 344 1467 409; x_wconf 75' lang='lat' dir='ltr'>erraveris,</span> <span class='ocrx_word' id='word_1_16' title='bbox 1507 345 1551 397; x_wconf 89' lang='lat' dir='ltr'>si</span> <span class='ocrx_word' id='word_1_17' title='bbox 1578 344 1809 398; x_wconf 61' lang='lat' dir='ltr'>»eandem</span> 
     </span>
     <span class='ocr_line' id='line_1_4' title="bbox 129 413 1808 487; baseline 0.002 -23"><span class='ocrx_word' id='word_1_18' title='bbox 129 413 256 487; x_wconf 69' lang='lat' dir='ltr'>item</span> <span class='ocrx_word' id='word_1_19' title='bbox 284 414 499 468; x_wconf 82' lang='lat' dir='ltr'>habere·</span> <span class='ocrx_word' id='word_1_20' title='bbox 522 413 686 478; x_wconf 78' lang='lat' dir='ltr'>dicaS,</span> <span class='ocrx_word' id='word_1_21' title='bbox 723 414 865 482; x_wconf 90' lang='lat' dir='ltr'>quod</span> <span class='ocrx_word' id='word_1_22' title='bbox 891 414 1170 485; x_wconf 84' lang='lat' dir='ltr'>singularis</span> <span class='ocrx_word' id='word_1_23' title='bbox 1195 414 1470 467; x_wconf 87' lang='lat' dir='ltr'>cuiusdam</span> <span class='ocrx_word' id='word_1_24' title='bbox 1495 415 1808 485; x_wconf 88' lang='lat' dir='ltr'>disciplinae</span> 
     </span>
     <span class='ocr_line' id='line_1_5' title="bbox 131 484 1810 556; baseline 0 -18"><span class='ocrx_word' id='word_1_25' title='bbox 131 484 375 554; x_wconf 66' lang='lat' dir='ltr'>speciem‘</span> <span class='ocrx_word' id='word_1_26' title='bbox 404 503 538 554; x_wconf 87' lang='lat' dir='ltr'>prae</span> <span class='ocrx_word' id='word_1_27' title='bbox 580 502 636 537; x_wconf 89' lang='lat' dir='ltr'>se</span> <span class='ocrx_word' id='word_1_28' title='bbox 678 485 828 537; x_wconf 88' lang='lat' dir='ltr'>ferat.</span> <span class='ocrx_word' id='word_1_29' title='bbox 882 485 1019 538; x_wconf 90' lang='lat' dir='ltr'>Nam</span> <span class='ocrx_word' id='word_1_30' title='bbox 1063 484 1226 538; x_wconf 86' lang='lat' dir='ltr'>habet</span> <span class='ocrx_word' id='word_1_31' title='bbox 1260 504 1323 538; x_wconf 88' lang='lat' dir='ltr'>ea</span> <span class='ocrx_word' id='word_1_32' title='bbox 1357 485 1592 556; x_wconf 86' lang='lat' dir='ltr'>profecto</span> <span class='ocrx_word' id='word_1_33' title='bbox 1628 486 1810 539; x_wconf 89' lang='lat' dir='ltr'>nescio</span> 
     </span>
     <span class='ocr_line' id='line_1_6' title="bbox 129 555 1809 627; baseline 0 -19"><span class='ocrx_word' id='word_1_34' title='bbox 129 555 516 627; x_wconf 40' lang='lat' dir='ltr'>quidqcontorti</span> <span class='ocrx_word' id='word_1_35' title='bbox 553 563 605 607; x_wconf 88' lang='lat' dir='ltr'>et</span> <span class='ocrx_word' id='word_1_36' title='bbox 641 555 893 620; x_wconf 87' lang='lat' dir='ltr'>difficilis,</span> <span class='ocrx_word' id='word_1_37' title='bbox 932 564 1115 627; x_wconf 79' lang='lat' dir='ltr'>captat·</span> <span class='ocrx_word' id='word_1_38' title='bbox 1147 555 1371 610; x_wconf 84' lang='lat' dir='ltr'>subinde</span> <span class='ocrx_word' id='word_1_39' title='bbox 1407 556 1668 627; x_wconf 80' lang='lat' dir='ltr'>argutiaS,</span> <span class='ocrx_word' id='word_1_40' title='bbox 1709 556 1809 608; x_wconf 92' lang='lat' dir='ltr'>du-</span> 
     </span>
     <span class='ocr_line' id='line_1_7' title="bbox 129 625 1811 700; baseline 0.001 -21"><span class='ocrx_word' id='word_1_41' title='bbox 129 625 268 679; x_wconf 80' lang='lat' dir='ltr'>citu&#39;r</span> <span class='ocrx_word' id='word_1_42' title='bbox 289 644 398 696; x_wconf 49' lang='lat' dir='ltr'>*per</span> <span class='ocrx_word' id='word_1_43' title='bbox 431 625 694 697; x_wconf 82' lang='lat' dir='ltr'>lougiores</span> <span class='ocrx_word' id='word_1_44' title='bbox 717 626 988 698; x_wconf 84' lang='lat' dir='ltr'>ambages,</span> <span class='ocrx_word' id='word_1_45' title='bbox 1025 627 1268 697; x_wconf 86' lang='lat' dir='ltr'>inprimis</span> <span class='ocrx_word' id='word_1_46' title='bbox 1299 630 1475 680; x_wconf 83' lang='lat' dir='ltr'>autem</span> <span class='ocrx_word' id='word_1_47' title='bbox 1500 630 1561 680; x_wconf 88' lang='lat' dir='ltr'>eo</span> <span class='ocrx_word' id='word_1_48' title='bbox 1584 627 1811 700; x_wconf 85' lang='lat' dir='ltr'>insignis</span> 
     </span>
     <span class='ocr_line' id='line_1_8' title="bbox 128 696 1811 767; baseline 0.001 -18"><span class='ocrx_word' id='word_1_49' title='bbox 128 703 233 760; x_wconf 75' lang='lat' dir='ltr'>est,</span> <span class='ocrx_word' id='word_1_50' title='bbox 268 696 454 765; x_wconf 19' lang='lat' dir='ltr'>-quodv</span> <span class='ocrx_word' id='word_1_51' title='bbox 487 705 728 750; x_wconf 85' lang='lat' dir='ltr'>versatur</span> <span class='ocrx_word' id='word_1_52' title='bbox 770 697 827 749; x_wconf 90' lang='lat' dir='ltr'>in</span> <span class='ocrx_word' id='word_1_53' title='bbox 881 698 1134 751; x_wconf 90' lang='lat' dir='ltr'>rimandis</span> <span class='ocrx_word' id='word_1_54' title='bbox 1173 707 1339 767; x_wconf 72' lang='lat' dir='ltr'>vatque</span> <span class='ocrx_word' id='word_1_55' title='bbox 1385 698 1811 751; x_wconf 78' lang='lat' dir='ltr'>discriminandis</span> 
     </span>
     <span class='ocr_line' id='line_1_9' title="bbox 123 766 1811 840; baseline 0.002 -22"><span class='ocrx_word' id='word_1_56' title='bbox 123 766 427 820; x_wconf 79' lang='lat' dir='ltr'>notionibus</span> <span class='ocrx_word' id='word_1_57' title='bbox 474 775 797 840; x_wconf 87' lang='lat' dir='ltr'>argutasque</span> <span class='ocrx_word' id='word_1_58' title='bbox 842 787 1020 821; x_wconf 86' lang='lat' dir='ltr'>rerum</span> <span class='ocrx_word' id='word_1_59' title='bbox 1067 768 1434 823; x_wconf 84' lang='lat' dir='ltr'>distinctiones</span> <span class='ocrx_word' id='word_1_60' title='bbox 1469 787 1592 822; x_wconf 88' lang='lat' dir='ltr'>non-</span> <span class='ocrx_word' id='word_1_61' title='bbox 1610 782 1811 838; x_wconf 87' lang='lat' dir='ltr'>paucas</span> 
     </span>
     <span class='ocr_line' id='line_1_10' title="bbox 123 835 1810 908; baseline 0.002 -20"><span class='ocrx_word' id='word_1_62' title='bbox 123 835 307 899; x_wconf 80' lang='lat' dir='ltr'>habet3</span> <span class='ocrx_word' id='word_1_63' title='bbox 359 836 494 891; x_wconf 79' lang='lat' dir='ltr'>conf.</span> <span class='ocrx_word' id='word_1_64' title='bbox 531 857 583 908; x_wconf 91' lang='lat' dir='ltr'>p.</span> <span class='ocrx_word' id='word_1_65' title='bbox 624 838 957 892; x_wconf 53' lang='lat' dir='ltr'>182.1A.2D.</span> <span class='ocrx_word' id='word_1_66' title='bbox 1011 841 1128 892; x_wconf 87' lang='lat'>182.</span> <span class='ocrx_word' id='word_1_67' title='bbox 1167 838 1236 893; x_wconf 86' lang='lat' dir='ltr'>E.</span> <span class='ocrx_word' id='word_1_68' title='bbox 1293 841 1411 893; x_wconf 82' lang='lat'>183.</span> <span class='ocrx_word' id='word_1_69' title='bbox 1448 839 1539 904; x_wconf 70' lang='lat' dir='ltr'>A„</span> <span class='ocrx_word' id='word_1_70' title='bbox 1586 839 1681 892; x_wconf 86' lang='lat' dir='ltr'>ubi</span> <span class='ocrx_word' id='word_1_71' title='bbox 1725 840 1810 892; x_wconf 93' lang='lat' dir='ltr'>in-</span> 
     </span>
     <span class='ocr_line' id='line_1_11' title="bbox 126 907 1809 964; baseline 0.001 -4"><span class='ocrx_word' id='word_1_72' title='bbox 126 907 546 962; x_wconf 37' lang='lat' dir='ltr'>ter-alia-fmalus</span> <span class='ocrx_word' id='word_1_73' title='bbox 581 928 698 962; x_wconf 88' lang='lat' dir='ltr'>mos</span> <span class='ocrx_word' id='word_1_74' title='bbox 735 909 908 962; x_wconf 83' lang='lat' dir='ltr'>facilis</span> <span class='ocrx_word' id='word_1_75' title='bbox 944 910 1224 964; x_wconf 85' lang='lat' dir='ltr'>intellectu</span> <span class='ocrx_word' id='word_1_76' title='bbox 1271 918 1324 963; x_wconf 87' lang='lat' dir='ltr'>et</span> <span class='ocrx_word' id='word_1_77' title='bbox 1354 909 1527 963; x_wconf 87' lang='lat' dir='ltr'>bonus</span> <span class='ocrx_word' id='word_1_78' title='bbox 1551 929 1703 963; x_wconf 79' lang='lat' dir='ltr'>·mos.</span> <span class='ocrx_word' id='word_1_79' title='bbox 1725 911 1809 962; x_wconf 85' lang='lat' dir='ltr'>in·-</span> 
     </span>
     <span class='ocr_line' id='line_1_12' title="bbox 124 977 1811 1050; baseline 0.002 -19"><span class='ocrx_word' id='word_1_80' title='bbox 124 977 336 1049; x_wconf 78' lang='lat' dir='ltr'>tellectu</span> <span class='ocrx_word' id='word_1_81' title='bbox 378 979 608 1033; x_wconf 87' lang='lat' dir='ltr'>difficilis</span> <span class='ocrx_word' id='word_1_82' title='bbox 628 1006 629 1009; x_wconf 39' lang='lat'>¹</span> <span class='ocrx_word' id='word_1_83' title='bbox 653 980 790 1044; x_wconf 86' lang='lat' dir='ltr'>inter</span> <span class='ocrx_word' id='word_1_84' title='bbox 839 999 894 1033; x_wconf 87' lang='lat' dir='ltr'>se</span> <span class='ocrx_word' id='word_1_85' title='bbox 915 981 1228 1050; x_wconf 87' lang='lat' dir='ltr'>opponitur.</span> <span class='ocrx_word' id='word_1_86' title='bbox 1288 980 1406 1033; x_wconf 89' lang='lat' dir='ltr'>Iam</span> <span class='ocrx_word' id='word_1_87' title='bbox 1430 997 1568 1034; x_wconf 59' lang='lat' dir='ltr'>‘vero</span> <span class='ocrx_word' id='word_1_88' title='bbox 1588 981 1811 1034; x_wconf 21' lang='lat' dir='ltr'>*Pausa*</span> 
     </span>
     <span class='ocr_line' id='line_1_13' title="bbox 122 1047 1810 1121; baseline 0.002 -20"><span class='ocrx_word' id='word_1_89' title='bbox 122 1048 264 1102; x_wconf 88' lang='lat' dir='ltr'>niam</span> <span class='ocrx_word' id='word_1_90' title='bbox 286 1047 602 1119; x_wconf 74' lang='lat' dir='ltr'>sr&#39;ePerimus&#39;</span> <span class='ocrx_word' id='word_1_91' title='bbox 628 1050 997 1120; x_wconf 86' lang='lat' dir='ltr'>inProtagor.</span> <span class='ocrx_word' id='word_1_92' title='bbox 1035 1070 1087 1121; x_wconf 89' lang='lat' dir='ltr'>p.</span> <span class='ocrx_word' id='word_1_93' title='bbox 1113 1052 1233 1103; x_wconf 85' lang='lat'>315.</span> <span class='ocrx_word' id='word_1_94' title='bbox 1269 1050 1436 1104; x_wconf 79' lang='lat' dir='ltr'>D..in</span> <span class='ocrx_word' id='word_1_95' title='bbox 1473 1069 1656 1104; x_wconf 85' lang='lat' dir='ltr'>eorum</span> <span class='ocrx_word' id='word_1_96' title='bbox 1693 1070 1810 1104; x_wconf 88' lang='lat' dir='ltr'>esse</span> 
     </span>
     <span class='ocr_line' id='line_1_14' title="bbox 121 1119 1810 1190; baseline 0.002 -19"><span class='ocrx_word' id='word_1_97' title='bbox 121 1125 364 1189; x_wconf 78' lang='lat' dir='ltr'>numero,</span> <span class='ocrx_word' id='word_1_98' title='bbox 420 1119 518 1188; x_wconf 77' lang='lat' dir='ltr'>qui</span> <span class='ocrx_word' id='word_1_99' title='bbox 546 1119 834 1173; x_wconf 84' lang='lat' dir='ltr'>Prodicum</span> <span class='ocrx_word' id='word_1_100' title='bbox 881 1120 1182 1189; x_wconf 45' lang='lat' dir='ltr'>sophistam*</span> <span class='ocrx_word' id='word_1_101' title='bbox 1218 1126 1498 1174; x_wconf 86' lang='lat' dir='ltr'>sectantur.</span> <span class='ocrx_word' id='word_1_102' title='bbox 1570 1121 1659 1174; x_wconf 89' lang='lat' dir='ltr'>Ex</span> <span class='ocrx_word' id='word_1_103' title='bbox 1676 1124 1678 1126; x_wconf 78' lang='grc'><strong>’</strong></span> <span class='ocrx_word' id='word_1_104' title='bbox 1694 1132 1810 1190; x_wconf 73' lang='lat' dir='ltr'>³quo</span> 
     </span>
     <span class='ocr_line' id='line_1_15' title="bbox 123 1189 1811 1262; baseline 0 -19"><span class='ocrx_word' id='word_1_105' title='bbox 123 1197 309 1260; x_wconf 86' lang='lat' dir='ltr'>sponte</span> <span class='ocrx_word' id='word_1_106' title='bbox 358 1189 606 1243; x_wconf 73' lang='lat' dir='ltr'>nascitur</span> <span class='ocrx_word' id='word_1_107' title='bbox 653 1190 955 1244; x_wconf 87' lang='lat' dir='ltr'>coniectura</span> <span class='ocrx_word' id='word_1_108' title='bbox 1006 1190 1178 1262; x_wconf 88' lang='lat' dir='ltr'>ipsius</span> <span class='ocrx_word' id='word_1_109' title='bbox 1242 1191 1680 1244; x_wconf 74' lang='lat' dir='ltr'>declamationem</span> <span class='ocrx_word' id='word_1_110' title='bbox 1710 1191 1811 1244; x_wconf 78' lang='lat' dir='ltr'>ita</span> 
     </span>
     <span class='ocr_line' id='line_1_16' title="bbox 120 1260 1808 1331; baseline 0.001 -18"><span class='ocrx_word' id='word_1_111' title='bbox 120 1278 238 1313; x_wconf 80' lang='lat' dir='ltr'>esse</span> <span class='ocrx_word' id='word_1_112' title='bbox 283 1261 651 1331; x_wconf 81' lang='lat' dir='ltr'>compositam,</span> <span class='ocrx_word' id='word_1_113' title='bbox 675 1270 761 1314; x_wconf 83' lang='lat' dir='ltr'>--ut</span> <span class='ocrx_word' id='word_1_114' title='bbox 807 1260 997 1315; x_wconf 86' lang='lat' dir='ltr'>leniter</span> <span class='ocrx_word' id='word_1_115' title='bbox 1042 1261 1386 1315; x_wconf 75' lang='lat' dir='ltr'>traducantur</span> <span class='ocrx_word' id='word_1_116' title='bbox 1428 1262 1486 1326; x_wconf 90' lang='lat' dir='ltr'>ii,</span> <span class='ocrx_word' id='word_1_117' title='bbox 1536 1262 1630 1331; x_wconf 86' lang='lat' dir='ltr'>qui</span> <span class='ocrx_word' id='word_1_118' title='bbox 1672 1261 1808 1315; x_wconf 89' lang='lat' dir='ltr'>Pro-</span> 
     </span>
     <span class='ocr_line' id='line_1_17' title="bbox 121 1330 1809 1404; baseline 0.001 -20"><span class='ocrx_word' id='word_1_119' title='bbox 121 1330 230 1384; x_wconf 73' lang='lat' dir='ltr'>diei·</span> <span class='ocrx_word' id='word_1_120' title='bbox 275 1331 534 1384; x_wconf 84' lang='lat' dir='ltr'>rationem</span> <span class='ocrx_word' id='word_1_121' title='bbox 588 1332 799 1401; x_wconf 84' lang='lat' dir='ltr'>sequuti</span> <span class='ocrx_word' id='word_1_122' title='bbox 851 1332 940 1385; x_wconf 86' lang='lat' dir='ltr'>vel</span> <span class='ocrx_word' id='word_1_123' title='bbox 992 1332 1051 1385; x_wconf 77' lang='lat' dir='ltr'>inv</span> <span class='ocrx_word' id='word_1_124' title='bbox 1096 1332 1421 1386; x_wconf 85' lang='lat' dir='ltr'>orationibus</span> <span class='ocrx_word' id='word_1_125' title='bbox 1463 1365 1466 1368; x_wconf 88' lang='lat'><strong>·</strong></span> <span class='ocrx_word' id='word_1_126' title='bbox 1507 1333 1809 1404; x_wconf 84' lang='lat' dir='ltr'>anegyricis</span> 
     </span>
     <span class='ocr_line' id='line_1_18' title="bbox 121 1352 1810 1469; baseline 0.001 -15"><span class='ocrx_word' id='word_1_127' title='bbox 121 1400 415 1469; x_wconf 77' lang='lat' dir='ltr'>subtilibus</span> <span class='ocrx_word' id='word_1_128' title='bbox 456 1421 634 1455; x_wconf 78' lang='lat' dir='ltr'>rerum</span> <span class='ocrx_word' id='word_1_129' title='bbox 687 1422 750 1456; x_wconf 89' lang='lat' dir='ltr'>ac</span> <span class='ocrx_word' id='word_1_130' title='bbox 803 1403 1087 1457; x_wconf 87' lang='lat' dir='ltr'>verborum</span> <span class='ocrx_word' id='word_1_131' title='bbox 1134 1352 1559 1457; x_wconf 56' lang='lat' dir='ltr'>distinctionillius</span> <span class='ocrx_word' id='word_1_132' title='bbox 1583 1405 1810 1456; x_wconf 71' lang='lat' dir='ltr'>&#39;tantum</span> 
     </span>
     <span class='ocr_line' id='line_1_19' title="bbox 121 1471 1807 1546; baseline 0.002 -22"><span class='ocrx_word' id='word_1_133' title='bbox 121 1471 443 1535; x_wconf 73' lang='lat' dir='ltr'>tribuebant,</span> <span class='ocrx_word' id='word_1_134' title='bbox 476 1482 557 1526; x_wconf 60' lang='lat' dir='ltr'>&gt;ut</span> <span class='ocrx_word' id='word_1_135' title='bbox 596 1493 685 1526; x_wconf 83' lang='lat' dir='ltr'>eas</span> <span class='ocrx_word' id='word_1_136' title='bbox 730 1473 1071 1527; x_wconf 88' lang='lat' dir='ltr'>audientibus</span> <span class='ocrx_word' id='word_1_137' title='bbox 1108 1475 1194 1528; x_wconf 85' lang='lat' dir='ltr'>vel</span> <span class='ocrx_word' id='word_1_138' title='bbox 1214 1473 1541 1546; x_wconf 60' lang='lat' dir='ltr'>degentibus</span> <span class='ocrx_word' id='word_1_139' title='bbox 1581 1475 1807 1528; x_wconf 88' lang='lat' dir='ltr'>subinde</span> 
     </span>
     <span class='ocr_line' id='line_1_20' title="bbox 120 1543 1808 1613; baseline 0.002 -17"><span class='ocrx_word' id='word_1_140' title='bbox 120 1543 276 1613; x_wconf 81' lang='lat' dir='ltr'>etiam</span> <span class='ocrx_word' id='word_1_141' title='bbox 318 1562 572 1597; x_wconf 85' lang='lat' dir='ltr'>nauseam</span> <span class='ocrx_word' id='word_1_142' title='bbox 616 1545 868 1598; x_wconf 84' lang='lat' dir='ltr'>afferrent</span> <span class='ocrx_word' id='word_1_143' title='bbox 910 1553 1071 1613; x_wconf 90' lang='lat' dir='ltr'>atque</span> <span class='ocrx_word' id='word_1_144' title='bbox 1117 1546 1350 1599; x_wconf 85' lang='lat' dir='ltr'>taedium</span> <span class='ocrx_word' id='word_1_145' title='bbox 1397 1554 1651 1599; x_wconf 88' lang='lat' dir='ltr'>crearent.</span> <span class='ocrx_word' id='word_1_146' title='bbox 1721 1545 1808 1599; x_wconf 90' lang='lat' dir='ltr'>De</span> 
     </span>
     <span class='ocr_line' id='line_1_21' title="bbox 119 1613 1805 1687; baseline 0.001 -21"><span class='ocrx_word' id='word_1_147' title='bbox 119 1613 747 1668; x_wconf 74' lang='lat' dir='ltr'>Prodici&#39;laudationibus</span> <span class='ocrx_word' id='word_1_148' title='bbox 765 1613 1026 1686; x_wconf 44' lang='lat' dir='ltr'>vsSymp.</span> <span class='ocrx_word' id='word_1_149' title='bbox 1046 1635 1100 1687; x_wconf 88' lang='lat' dir='ltr'>p.</span> <span class='ocrx_word' id='word_1_150' title='bbox 1123 1618 1240 1669; x_wconf 84' lang='lat'>177.</span> <span class='ocrx_word' id='word_1_151' title='bbox 1261 1616 1328 1669; x_wconf 89' lang='grc' dir='ltr'>Β.</span> <span class='ocrx_word' id='word_1_152' title='bbox 1369 1618 1412 1668; x_wconf 81' lang='grc' dir='ltr'>εἰ</span> <span class='ocrx_word' id='word_1_153' title='bbox 1451 1618 1506 1668; x_wconf 83' lang='grc' dir='ltr'>δὲ</span> <span class='ocrx_word' id='word_1_154' title='bbox 1547 1617 1714 1687; x_wconf 78' lang='grc' dir='ltr'>βούλει</span> <span class='ocrx_word' id='word_1_155' title='bbox 1742 1616 1805 1668; x_wconf 78' lang='grc' dir='ltr'>αὖ</span> 
     </span>
     <span class='ocr_line' id='line_1_22' title="bbox 121 1684 1806 1756; baseline 0.001 -21"><span class='ocrx_word' id='word_1_156' title='bbox 121 1684 401 1755; x_wconf 69' lang='grc' dir='ltr'>σκέψασθαι</span> <span class='ocrx_word' id='word_1_157' title='bbox 422 1686 539 1741; x_wconf 76' lang='grc' dir='ltr'>τοὺς</span> <span class='ocrx_word' id='word_1_158' title='bbox 562 1687 817 1755; x_wconf 81' lang='grc' dir='ltr'>χρηστοὺς</span> <span class='ocrx_word' id='word_1_159' title='bbox 832 1689 1083 1756; x_wconf 74' lang='grc' dir='ltr'>σοφιστάς,</span> <span class='ocrx_word' id='word_1_160' title='bbox 1101 1686 1410 1756; x_wconf 81' lang='grc' dir='ltr'>Ἡρακλέους</span> <span class='ocrx_word' id='word_1_161' title='bbox 1430 1688 1517 1756; x_wconf 81' lang='grc' dir='ltr'>μὲν</span> <span class='ocrx_word' id='word_1_162' title='bbox 1542 1689 1625 1738; x_wconf 77' lang='grc' dir='ltr'>καὶ</span> <span class='ocrx_word' id='word_1_163' title='bbox 1646 1687 1806 1738; x_wconf 78' lang='grc' dir='ltr'>ἄλλων</span> 
     </span>
     <span class='ocr_line' id='line_1_23' title="bbox 122 1755 1805 1828; baseline 0.001 -22"><span class='ocrx_word' id='word_1_164' title='bbox 122 1755 350 1813; x_wconf 72' lang='grc' dir='ltr'><strong>ἐπαίνους</strong></span> <span class='ocrx_word' id='word_1_165' title='bbox 392 1758 735 1825; x_wconf 70' lang='grc' dir='ltr'>καταλογάδην</span> <span class='ocrx_word' id='word_1_166' title='bbox 775 1757 1083 1826; x_wconf 74' lang='grc' dir='ltr'>ξυγγράφειν,</span> <span class='ocrx_word' id='word_1_167' title='bbox 1133 1760 1293 1827; x_wconf 82' lang='grc' dir='ltr'>ὥςπερ</span> <span class='ocrx_word' id='word_1_168' title='bbox 1333 1760 1358 1809; x_wconf 82' lang='grc' dir='ltr'>ὁ</span> <span class='ocrx_word' id='word_1_169' title='bbox 1400 1757 1644 1828; x_wconf 80' lang='grc' dir='ltr'>βέλτιστος</span> <span class='ocrx_word' id='word_1_170' title='bbox 1681 1756 1805 1826; x_wconf 77' lang='grc' dir='ltr'>Πρό-</span> 
     </span>
     <span class='ocr_line' id='line_1_24' title="bbox 89 1826 1807 1895; baseline 0.003 -20"><span class='ocrx_word' id='word_1_171' title='bbox 89 1826 267 1889; x_wconf 61' lang='grc' dir='ltr'>’ὃικοςς</span> <span class='ocrx_word' id='word_1_172' title='bbox 285 1826 727 1895; x_wconf 64' lang='grc' dir='ltr'>ᾳιιοᾱωειῐιίΐοεῐο</span> <span class='ocrx_word' id='word_1_173' title='bbox 754 1846 874 1880; x_wconf 90' lang='lat' dir='ltr'>cum</span> <span class='ocrx_word' id='word_1_174' title='bbox 896 1827 1138 1880; x_wconf 89' lang='lat' dir='ltr'>irrisione</span> <span class='ocrx_word' id='word_1_175' title='bbox 1163 1828 1362 1881; x_wconf 90' lang='lat' dir='ltr'>dictum</span> <span class='ocrx_word' id='word_1_176' title='bbox 1387 1836 1484 1882; x_wconf 89' lang='lat' dir='ltr'>est.</span> <span class='ocrx_word' id='word_1_177' title='bbox 1521 1827 1607 1880; x_wconf 90' lang='lat' dir='ltr'>De</span> <span class='ocrx_word' id='word_1_178' title='bbox 1631 1827 1807 1880; x_wconf 84' lang='lat' dir='ltr'>studio</span> 
     </span>
     <span class='ocr_line' id='line_1_25' title="bbox 117 1897 1806 1969; baseline 0.001 -20"><span class='ocrx_word' id='word_1_179' title='bbox 117 1903 296 1950; x_wconf 79' lang='lat' dir='ltr'>autem</span> <span class='ocrx_word' id='word_1_180' title='bbox 338 1897 478 1950; x_wconf 91' lang='lat' dir='ltr'>illius</span> <span class='ocrx_word' id='word_1_181' title='bbox 525 1897 583 1950; x_wconf 91' lang='lat' dir='ltr'>in</span> <span class='ocrx_word' id='word_1_182' title='bbox 600 1932 601 1936; x_wconf 60' lang='lat'><em>=</em></span> <span class='ocrx_word' id='word_1_183' title='bbox 618 1916 808 1951; x_wconf 85' lang='lat' dir='ltr'>vocum</span> <span class='ocrx_word' id='word_1_184' title='bbox 845 1897 1410 1968; x_wconf 73' lang='lat' dir='ltr'>distinctione-posim,</span> <span class='ocrx_word' id='word_1_185' title='bbox 1459 1907 1680 1969; x_wconf 86' lang='lat' dir='ltr'>cognato</span> <span class='ocrx_word' id='word_1_186' title='bbox 1716 1898 1806 1951; x_wconf 91' lang='lat' dir='ltr'>illo</span> 
     </span>
     <span class='ocr_line' id='line_1_26' title="bbox 121 1967 1806 2038; baseline 0.001 -18"><span class='ocrx_word' id='word_1_187' title='bbox 121 1986 250 2029; x_wconf 78' lang='lat' dir='ltr'>sane</span> <span class='ocrx_word' id='word_1_188' title='bbox 287 1986 412 2021; x_wconf 76' lang='lat' dir='ltr'>cum.</span> <span class='ocrx_word' id='word_1_189' title='bbox 441 1968 716 2022; x_wconf 89' lang='lat' dir='ltr'>notionum</span> <span class='ocrx_word' id='word_1_190' title='bbox 751 1978 911 2038; x_wconf 88' lang='lat' dir='ltr'>atque</span> <span class='ocrx_word' id='word_1_191' title='bbox 936 1988 1114 2022; x_wconf 89' lang='lat' dir='ltr'>rerum</span> <span class='ocrx_word' id='word_1_192' title='bbox 1138 1968 1582 2034; x_wconf 88' lang='lat' dir='ltr'>distinctionibus,</span> <span class='ocrx_word' id='word_1_193' title='bbox 1611 1967 1806 2037; x_wconf 86' lang='lat' dir='ltr'>quibus</span> 
     </span>
     <span class='ocr_line' id='line_1_27' title="bbox 116 2037 1804 2111; baseline 0.001 -21"><span class='ocrx_word' id='word_1_194' title='bbox 116 2037 284 2091; x_wconf 89' lang='lat' dir='ltr'>utitur</span> <span class='ocrx_word' id='word_1_195' title='bbox 325 2038 644 2103; x_wconf 78' lang='lat' dir='ltr'>Pausania8‚</span> <span class='ocrx_word' id='word_1_196' title='bbox 698 2049 910 2109; x_wconf 88' lang='lat' dir='ltr'>praeter</span> <span class='ocrx_word' id='word_1_197' title='bbox 955 2040 1059 2093; x_wconf 91' lang='lat' dir='ltr'>alia</span> <span class='ocrx_word' id='word_1_198' title='bbox 1105 2059 1156 2093; x_wconf 88' lang='lat' dir='ltr'>v.</span> <span class='ocrx_word' id='word_1_199' title='bbox 1198 2040 1414 2111; x_wconf 84' lang='lat' dir='ltr'>Protag.</span> <span class='ocrx_word' id='word_1_200' title='bbox 1462 2059 1514 2110; x_wconf 89' lang='lat' dir='ltr'>p.</span> <span class='ocrx_word' id='word_1_201' title='bbox 1565 2041 1684 2092; x_wconf 87' lang='lat'>341.</span> <span class='ocrx_word' id='word_1_202' title='bbox 1729 2039 1804 2091; x_wconf 91' lang='lat' dir='ltr'>D.</span> 
     </span>
     <span class='ocr_line' id='line_1_28' title="bbox 117 2107 1804 2181; baseline 0.001 -21"><span class='ocrx_word' id='word_1_203' title='bbox 117 2107 267 2161; x_wconf 88' lang='lat' dir='ltr'>Men.</span> <span class='ocrx_word' id='word_1_204' title='bbox 292 2127 345 2179; x_wconf 91' lang='lat' dir='ltr'>p.</span> <span class='ocrx_word' id='word_1_205' title='bbox 374 2110 458 2163; x_wconf 82' lang='lat'>75.</span> <span class='ocrx_word' id='word_1_206' title='bbox 483 2108 552 2162; x_wconf 89' lang='grc' dir='ltr'>Ε.</span> <span class='ocrx_word' id='word_1_207' title='bbox 589 2108 916 2179; x_wconf 86' lang='lat' dir='ltr'>Euthydem.</span> <span class='ocrx_word' id='word_1_208' title='bbox 949 2130 1003 2181; x_wconf 92' lang='lat' dir='ltr'>p.</span> <span class='ocrx_word' id='word_1_209' title='bbox 1029 2113 1096 2163; x_wconf 79' lang='lat'>27</span> <span class='ocrx_word' id='word_1_210' title='bbox 1102 2114 1148 2163; x_wconf 89' lang='lat'>7.</span> <span class='ocrx_word' id='word_1_211' title='bbox 1178 2108 1243 2164; x_wconf 86' lang='lat' dir='ltr'>C.</span> <span class='ocrx_word' id='word_1_212' title='bbox 1269 2110 1356 2176; x_wconf 64' lang='lat' dir='ltr'>E„</span> <span class='ocrx_word' id='word_1_213' title='bbox 1393 2110 1486 2163; x_wconf 92' lang='lat' dir='ltr'>ubi</span> <span class='ocrx_word' id='word_1_214' title='bbox 1515 2110 1650 2164; x_wconf 91' lang='lat' dir='ltr'>conf.</span> <span class='ocrx_word' id='word_1_215' title='bbox 1681 2129 1804 2163; x_wconf 91' lang='lat' dir='ltr'>ann.</span> 
     </span>
     <span class='ocr_line' id='line_1_29' title="bbox 118 2175 1804 2251; baseline 0.001 -21"><span class='ocrx_word' id='word_1_216' title='bbox 118 2175 297 2247; x_wconf 84' lang='lat' dir='ltr'>Atque</span> <span class='ocrx_word' id='word_1_217' title='bbox 322 2179 412 2232; x_wconf 86' lang='lat' dir='ltr'>.ad</span> <span class='ocrx_word' id='word_1_218' title='bbox 454 2179 595 2233; x_wconf 90' lang='lat' dir='ltr'>hanc</span> <span class='ocrx_word' id='word_1_219' title='bbox 637 2180 925 2242; x_wconf 85' lang='lat' dir='ltr'>difficilem,</span> <span class='ocrx_word' id='word_1_220' title='bbox 975 2189 1264 2235; x_wconf 84' lang='lat' dir='ltr'>tortuosam</span> <span class='ocrx_word' id='word_1_221' title='bbox 1301 2190 1354 2234; x_wconf 91' lang='lat' dir='ltr'>et</span> <span class='ocrx_word' id='word_1_222' title='bbox 1398 2181 1557 2234; x_wconf 85' lang='lat' dir='ltr'>taedii</span> <span class='ocrx_word' id='word_1_223' title='bbox 1592 2182 1804 2251; x_wconf 87' lang='lat' dir='ltr'>plenam</span> 
     </span>
     <span class='ocr_line' id='line_1_30' title="bbox 116 2248 1800 2321; baseline 0.002 -21"><span class='ocrx_word' id='word_1_224' title='bbox 116 2248 416 2302; x_wconf 88' lang='lat' dir='ltr'>Pausaniae</span> <span class='ocrx_word' id='word_1_225' title='bbox 453 2251 740 2304; x_wconf 86' lang='lat' dir='ltr'>orationem</span> <span class='ocrx_word' id='word_1_226' title='bbox 772 2252 995 2304; x_wconf 84' lang='lat' dir='ltr'>fortasse</span> <span class='ocrx_word' id='word_1_227' title='bbox 1033 2259 1237 2321; x_wconf 88' lang='lat' dir='ltr'>spectat</span> <span class='ocrx_word' id='word_1_228' title='bbox 1273 2252 1447 2315; x_wconf 87' lang='lat' dir='ltr'>etiam,</span> <span class='ocrx_word' id='word_1_229' title='bbox 1494 2252 1637 2321; x_wconf 90' lang='lat' dir='ltr'>quod</span> <span class='ocrx_word' id='word_1_230' title='bbox 1671 2251 1800 2303; x_wconf 88' lang='lat' dir='ltr'>Ari-</span> 
     </span>
     <span class='ocr_line' id='line_1_31' title="bbox 118 2319 1800 2404; baseline 0.001 -32"><span class='ocrx_word' id='word_1_231' title='bbox 118 2319 400 2390; x_wconf 86' lang='lat' dir='ltr'>stophanes</span> <span class='ocrx_word' id='word_1_232' title='bbox 456 2321 645 2374; x_wconf 90' lang='lat' dir='ltr'>deinde</span> <span class='ocrx_word' id='word_1_233' title='bbox 699 2327 946 2378; x_wconf 84' lang='lat' dir='ltr'>narratur</span> <span class='ocrx_word' id='word_1_234' title='bbox 995 2322 1229 2404; x_wconf 82' lang='lat' dir='ltr'>singultu</span> <span class='ocrx_word' id='word_1_235' title='bbox 1275 2322 1440 2375; x_wconf 86' lang='lat' dir='ltr'>fuisse</span> <span class='ocrx_word' id='word_1_236' title='bbox 1484 2321 1800 2392; x_wconf 86' lang='lat' dir='ltr'>prohibitus,</span> 
     </span>
     <span class='ocr_line' id='line_1_32' title="bbox 116 2391 1800 2463; baseline 0.001 -20"><span class='ocrx_word' id='word_1_237' title='bbox 116 2391 395 2459; x_wconf 88' lang='lat' dir='ltr'>quominus</span> <span class='ocrx_word' id='word_1_238' title='bbox 430 2400 610 2462; x_wconf 85' lang='lat' dir='ltr'>partes</span> <span class='ocrx_word' id='word_1_239' title='bbox 646 2391 873 2456; x_wconf 74' lang='lat' dir='ltr'>dicendi,</span> <span class='ocrx_word' id='word_1_240' title='bbox 909 2411 1048 2462; x_wconf 85' lang='lat' dir='ltr'>quae·</span> <span class='ocrx_word' id='word_1_241' title='bbox 1078 2412 1186 2444; x_wconf 79' lang='lat' dir='ltr'>iam</span> <span class='ocrx_word' id='word_1_242' title='bbox 1222 2392 1291 2445; x_wconf 90' lang='lat' dir='ltr'>ad</span> <span class='ocrx_word' id='word_1_243' title='bbox 1320 2392 1498 2462; x_wconf 91' lang='lat' dir='ltr'>ipsum</span> <span class='ocrx_word' id='word_1_244' title='bbox 1529 2392 1800 2463; x_wconf 84' lang='lat' dir='ltr'>pervenis-</span> 
     </span>
     <span class='ocr_line' id='line_1_33' title="bbox 118 2462 1800 2534; baseline -0.001 -20"><span class='ocrx_word' id='word_1_245' title='bbox 118 2471 252 2525; x_wconf 85' lang='lat' dir='ltr'>sent,</span> <span class='ocrx_word' id='word_1_246' title='bbox 289 2462 438 2515; x_wconf 77' lang='lat' dir='ltr'>inse</span> <span class='ocrx_word' id='word_1_247' title='bbox 478 2462 783 2533; x_wconf 81' lang='lat' dir='ltr'>susciperet.</span> <span class='ocrx_word' id='word_1_248' title='bbox 835 2462 1052 2534; x_wconf 75' lang='lat' dir='ltr'>Quippe</span> <span class='ocrx_word' id='word_1_249' title='bbox 1090 2463 1283 2516; x_wconf 89' lang='lat' dir='ltr'>dicitur</span> <span class='ocrx_word' id='word_1_250' title='bbox 1326 2463 1414 2516; x_wconf 89' lang='lat' dir='ltr'>ille</span> <span class='ocrx_word' id='word_1_251' title='bbox 1452 2465 1543 2514; x_wconf 81' lang='grc' dir='ltr'>ὑπὸ</span> <span class='ocrx_word' id='word_1_252' title='bbox 1581 2466 1800 2531; x_wconf 81' lang='grc' dir='ltr'>πλησμο-</span> 
     </span>
     <span class='ocr_line' id='line_1_34' title="bbox 115 2533 1798 2603; baseline 0.001 -21"><span class='ocrx_word' id='word_1_253' title='bbox 115 2534 265 2603; x_wconf 75' lang='grc' dir='ltr'>νῆςῆ</span> <span class='ocrx_word' id='word_1_254' title='bbox 304 2534 386 2584; x_wconf 82' lang='grc' dir='ltr'>ὑπ’</span> <span class='ocrx_word' id='word_1_255' title='bbox 428 2533 616 2586; x_wconf 81' lang='grc' dir='ltr'>ἄλλου</span> <span class='ocrx_word' id='word_1_256' title='bbox 654 2535 811 2590; x_wconf 85' lang='grc' dir='ltr'><strong>τινὸς</strong></span> <span class='ocrx_word' id='word_1_257' title='bbox 845 2533 948 2587; x_wconf 88' lang='lat' dir='ltr'>isto</span> <span class='ocrx_word' id='word_1_258' title='bbox 985 2534 1122 2587; x_wconf 89' lang='lat' dir='ltr'>malo</span> <span class='ocrx_word' id='word_1_259' title='bbox 1159 2534 1381 2588; x_wconf 82' lang='lat' dir='ltr'>affectus</span> <span class='ocrx_word' id='word_1_260' title='bbox 1419 2552 1551 2586; x_wconf 87' lang='lat' dir='ltr'>esse.</span> <span class='ocrx_word' id='word_1_261' title='bbox 1589 2533 1656 2585; x_wconf 91' lang='lat' dir='ltr'>In</span> <span class='ocrx_word' id='word_1_262' title='bbox 1693 2549 1798 2602; x_wconf 88' lang='lat' dir='ltr'>quo·</span> 
     </span>
     <span class='ocr_line' id='line_1_35' title="bbox 115 2602 1800 2686; baseline 0 -31"><span class='ocrx_word' id='word_1_263' title='bbox 115 2603 259 2667; x_wconf 78' lang='lat' dir='ltr'>latet,</span> <span class='ocrx_word' id='word_1_264' title='bbox 297 2603 504 2674; x_wconf 84' lang='lat' dir='ltr'>opinor,</span> <span class='ocrx_word' id='word_1_265' title='bbox 534 2604 752 2657; x_wconf 84' lang='lat' dir='ltr'>aculeus</span> <span class='ocrx_word' id='word_1_266' title='bbox 786 2604 845 2658; x_wconf 85' lang='lat' dir='ltr'>in</span> <span class='ocrx_word' id='word_1_267' title='bbox 877 2604 1213 2657; x_wconf 87' lang='lat' dir='ltr'>Pausaniam.</span> <span class='ocrx_word' id='word_1_268' title='bbox 1278 2602 1625 2686; x_wconf 81' lang='lat' dir='ltr'>Significatur</span> <span class='ocrx_word' id='word_1_269' title='bbox 1660 2603 1800 2656; x_wconf 89' lang='lat' dir='ltr'>enim</span> 
     </span>
     <span class='ocr_line' id='line_1_36' title="bbox 114 2673 1800 2745; baseline 0.001 -20"><span class='ocrx_word' id='word_1_270' title='bbox 114 2692 221 2726; x_wconf 92' lang='lat' dir='ltr'>non</span> <span class='ocrx_word' id='word_1_271' title='bbox 255 2673 479 2731; x_wconf 79' lang='lat' dir='ltr'>obscure</span> <span class='ocrx_word' id='word_1_272' title='bbox 513 2675 635 2728; x_wconf 84' lang='lat' dir='ltr'>fieri·</span> <span class='ocrx_word' id='word_1_273' title='bbox 663 2675 793 2727; x_wconf 89' lang='lat' dir='ltr'>item</span> <span class='ocrx_word' id='word_1_274' title='bbox 828 2675 1085 2745; x_wconf 86' lang='lat' dir='ltr'>potuisse,</span> <span class='ocrx_word' id='word_1_275' title='bbox 1121 2684 1182 2728; x_wconf 91' lang='lat' dir='ltr'>ut</span> <span class='ocrx_word' id='word_1_276' title='bbox 1216 2676 1449 2728; x_wconf 78' lang='lat' dir='ltr'>taedlum</span> <span class='ocrx_word' id='word_1_277' title='bbox 1474 2694 1541 2728; x_wconf 87' lang='lat' dir='ltr'>ex</span> <span class='ocrx_word' id='word_1_278' title='bbox 1565 2674 1800 2727; x_wconf 86' lang='lat' dir='ltr'>oratione</span> 
     </span>
     <span class='ocr_line' id='line_1_37' title="bbox 114 2744 1794 2816; baseline 0.001 -20"><span class='ocrx_word' id='word_1_279' title='bbox 114 2744 255 2797; x_wconf 85' lang='lat' dir='ltr'>illius</span> <span class='ocrx_word' id='word_1_280' title='bbox 289 2753 603 2816; x_wconf 84' lang='lat' dir='ltr'>conceptum</span> <span class='ocrx_word' id='word_1_281' title='bbox 640 2746 839 2799; x_wconf 91' lang='lat' dir='ltr'>comico</span> <span class='ocrx_word' id='word_1_282' title='bbox 875 2746 1170 2799; x_wconf 84' lang='lat' dir='ltr'>molestiam</span> <span class='ocrx_word' id='word_1_283' title='bbox 1207 2746 1482 2799; x_wconf 80' lang='lat' dir='ltr'>creaverit.</span> <span class='ocrx_word' id='word_1_284' title='bbox 1523 2787 1525 2789; x_wconf 86' lang='lat'>.</span> <span class='ocrx_word' id='word_1_285' title='bbox 1688 2770 1690 2775; x_wconf 95' lang='lat'>·</span> <span class='ocrx_word' id='word_1_286' title='bbox 1789 2768 1794 2778; x_wconf 63' lang='grc'>’-</span> 
     </span>
    </p>

    <p class='ocr_par' dir='ltr' id='par_1_3' title="bbox 113 2813 1799 2958">
     <span class='ocr_line' id='line_1_38' title="bbox 182 2813 1799 2886; baseline 0 -19"><span class='ocrx_word' id='word_1_287' title='bbox 182 2813 464 2886; x_wconf 83' lang='lat' dir='ltr'>Pergimus</span> <span class='ocrx_word' id='word_1_288' title='bbox 499 2817 568 2869; x_wconf 90' lang='lat' dir='ltr'>ad</span> <span class='ocrx_word' id='word_1_289' title='bbox 602 2816 950 2886; x_wconf 84' lang='lat' dir='ltr'>Eryximachi</span> <span class='ocrx_word' id='word_1_290' title='bbox 993 2817 1186 2870; x_wconf 89' lang='lat' dir='ltr'>medici</span> <span class='ocrx_word' id='word_1_291' title='bbox 1222 2817 1536 2871; x_wconf 71' lang='lat' dir='ltr'>orationem.¹¹</span> <span class='ocrx_word' id='word_1_292' title='bbox 1581 2814 1654 2868; x_wconf 6' lang='lat' dir='ltr'>Is.</span> <span class='ocrx_word' id='word_1_293' title='bbox 1673 2834 1799 2868; x_wconf 75' lang='lat' dir='ltr'>vero</span> 
     </span>
     <span class='ocr_line' id='line_1_39' title="bbox 113 2885 1797 2958; baseline 0 -21"><span class='ocrx_word' id='word_1_294' title='bbox 113 2886 351 2954; x_wconf 85' lang='lat' dir='ltr'>loquitur.</span> <span class='ocrx_word' id='word_1_295' title='bbox 390 2895 451 2939; x_wconf 93' lang='lat' dir='ltr'>ut</span> <span class='ocrx_word' id='word_1_296' title='bbox 493 2886 764 2958; x_wconf 63' lang='lat' dir='ltr'>physicus</span> <span class='ocrx_word' id='word_1_297' title='bbox 846 2887 1106 2941; x_wconf 87' lang='lat' dir='ltr'>Extendit</span> <span class='ocrx_word' id='word_1_298' title='bbox 1153 2889 1293 2941; x_wconf 91' lang='lat' dir='ltr'>enim</span> <span class='ocrx_word' id='word_1_299' title='bbox 1339 2887 1532 2941; x_wconf 87' lang='lat' dir='ltr'>amoris</span> <span class='ocrx_word' id='word_1_300' title='bbox 1577 2886 1702 2940; x_wconf 62' lang='lat' dir='ltr'>vim³</span> <span class='ocrx_word' id='word_1_301' title='bbox 1730 2885 1797 2938; x_wconf 89' lang='lat' dir='ltr'>ad</span> 
     </span>
    </p>
   </div>
   <div class='ocr_carea' id='block_1_3' title="bbox 258 3027 452 3035">
    <p class='ocr_par' dir='ltr' id='par_1_4' title="bbox 258 3027 452 3035">
     <span class='ocr_line' id='line_1_40' title="bbox 258 3027 452 3035; baseline 0 0"><span class='ocrx_word' id='word_1_302' title='bbox 258 3027 452 3035; x_wconf 95' lang='lat' dir='ltr'> </span> 
     </span>
    </p>
   </div>
   <div class='ocr_carea' id='block_1_4' title="bbox 221 3100 1793 3326">
    <p class='ocr_par' dir='ltr' id='par_1_5' title="bbox 221 3100 1793 3326">
     <span class='ocr_line' id='line_1_41' title="bbox 221 3100 1793 3154; baseline 0 -15"><span class='ocrx_word' id='word_1_303' title='bbox 221 3127 223 3129; x_wconf 94' lang='lat'>-</span> <span class='ocrx_word' id='word_1_304' title='bbox 255 3108 366 3141; x_wconf 83' lang='lat' dir='ltr'>stum</span> <span class='ocrx_word' id='word_1_305' title='bbox 394 3109 520 3154; x_wconf 78' lang='lat' dir='ltr'>atque</span> <span class='ocrx_word' id='word_1_306' title='bbox 548 3103 815 3145; x_wconf 84' lang='lat' dir='ltr'>inhonestum</span> <span class='ocrx_word' id='word_1_307' title='bbox 844 3116 1031 3145; x_wconf 82' lang='lat' dir='ltr'>amorem</span> <span class='ocrx_word' id='word_1_308' title='bbox 1060 3117 1144 3145; x_wconf 91' lang='lat' dir='ltr'>non</span> <span class='ocrx_word' id='word_1_309' title='bbox 1165 3105 1286 3146; x_wconf 83' lang='lat' dir='ltr'>certis</span> <span class='ocrx_word' id='word_1_310' title='bbox 1304 3100 1610 3144; x_wconf 75' lang='lat' dir='ltr'>discriminibus</span> <span class='ocrx_word' id='word_1_311' title='bbox 1631 3112 1793 3151; x_wconf 81' lang='lat' dir='ltr'>separa—</span> 
     </span>
     <span class='ocr_line' id='line_1_42' title="bbox 254 3158 1793 3214; baseline 0.003 -18"><span class='ocrx_word' id='word_1_312' title='bbox 254 3158 359 3197; x_wconf 81' lang='lat' dir='ltr'>verit</span> <span class='ocrx_word' id='word_1_313' title='bbox 395 3164 437 3203; x_wconf 75' lang='lat' dir='ltr'>ct</span> <span class='ocrx_word' id='word_1_314' title='bbox 472 3159 720 3210; x_wconf 80' lang='lat' dir='ltr'>seiunxerit3</span> <span class='ocrx_word' id='word_1_315' title='bbox 757 3171 813 3200; x_wconf 55' lang='lat' dir='ltr'>v:</span> <span class='ocrx_word' id='word_1_316' title='bbox 834 3160 1076 3202; x_wconf 75' lang='lat' dir='ltr'>Rfickert.</span> <span class='ocrx_word' id='word_1_317' title='bbox 1112 3161 1156 3201; x_wconf 90' lang='lat' dir='ltr'>in</span> <span class='ocrx_word' id='word_1_318' title='bbox 1192 3161 1289 3202; x_wconf 84' lang='lat' dir='ltr'>edit.</span> <span class='ocrx_word' id='word_1_319' title='bbox 1326 3161 1441 3214; x_wconf 54' lang='lat' dir='ltr'>Lips.</span> <span class='ocrx_word' id='word_1_320' title='bbox 1458 3164 1594 3200; x_wconf 85' lang='lat'>·1829.</span> <span class='ocrx_word' id='word_1_321' title='bbox 1626 3170 1665 3208; x_wconf 86' lang='lat' dir='ltr'>p.</span> <span class='ocrx_word' id='word_1_322' title='bbox 1699 3161 1793 3196; x_wconf 80' lang='lat'>263·</span> 
     </span>
     <span class='ocr_line' id='line_1_43' title="bbox 253 3211 1791 3272; baseline -0.002 -18"><span class='ocrx_word' id='word_1_323' title='bbox 253 3213 503 3255; x_wconf 85' lang='lat' dir='ltr'>Hommel.</span> <span class='ocrx_word' id='word_1_324' title='bbox 534 3215 732 3267; x_wconf 85' lang='lat' dir='ltr'>Prolegg.</span> <span class='ocrx_word' id='word_1_325' title='bbox 763 3229 805 3268; x_wconf 91' lang='lat' dir='ltr'>p.</span> <span class='ocrx_word' id='word_1_326' title='bbox 821 3212 991 3270; x_wconf 87' lang='lat' dir='ltr'>XXIX.</span> <span class='ocrx_word' id='word_1_327' title='bbox 1024 3217 1071 3270; x_wconf 74' lang='lat' dir='ltr'>Q.</span> <span class='ocrx_word' id='word_1_328' title='bbox 1092 3218 1127 3259; x_wconf 80' lang='lat' dir='ltr'><strong>F</strong></span> <span class='ocrx_word' id='word_1_329' title='bbox 1159 3248 1168 3258; x_wconf 88' lang='lat'>.</span> <span class='ocrx_word' id='word_1_330' title='bbox 1189 3217 1462 3272; x_wconf 82' lang='lat' dir='ltr'>Hermann.</span> <span class='ocrx_word' id='word_1_331' title='bbox 1482 3215 1637 3256; x_wconf 73' lang='lat' dir='ltr'>Iudice.</span> <span class='ocrx_word' id='word_1_332' title='bbox 1658 3211 1791 3269; x_wconf 76' lang='lat' dir='ltr'>Leett.</span> 
     </span>
     <span class='ocr_line' id='line_1_44' title="bbox 255 3269 1790 3326; baseline 0.004 -16"><span class='ocrx_word' id='word_1_333' title='bbox 255 3270 467 3323; x_wconf 75' lang='lat' dir='ltr'>Marburg.</span> <span class='ocrx_word' id='word_1_334' title='bbox 485 3286 520 3313; x_wconf 90' lang='lat' dir='ltr'>a.</span> <span class='ocrx_word' id='word_1_335' title='bbox 542 3275 830 3314; x_wconf 68' lang='grc'><strong>1834-1835.</strong></span> <span class='ocrx_word' id='word_1_336' title='bbox 847 3285 887 3326; x_wconf 83' lang='lat' dir='ltr'>p.</span> <span class='ocrx_word' id='word_1_337' title='bbox 905 3273 982 3316; x_wconf 92' lang='lat' dir='ltr'>IX.</span> <span class='ocrx_word' id='word_1_338' title='bbox 1005 3269 1108 3315; x_wconf 74' lang='lat' dir='ltr'>et&#39;in</span> <span class='ocrx_word' id='word_1_339' title='bbox 1147 3272 1431 3320; x_wconf 69' lang='lat' dir='ltr'>udicc.&#39;Leett.</span> <span class='ocrx_word' id='word_1_340' title='bbox 1453 3271 1587 3313; x_wconf 81' lang='lat' dir='ltr'>Marb-</span> <span class='ocrx_word' id='word_1_341' title='bbox 1610 3283 1646 3308; x_wconf 81' lang='lat' dir='ltr'>a.</span> <span class='ocrx_word' id='word_1_342' title='bbox 1671 3271 1790 3308; x_wconf 83' lang='lat'>1841.</span> 
     </span>
    </p>
   </div>
  </div>
 </body>
</html>
