2158 3718
602 35 604 38 ·
645 41 652 47 k
762 47 764 50 ,
943 38 952 46 ,1
982 35 983 38 ¹
1074 35 1104 48 ..’
1129 43 1134 46 .
1164 36 1171 38 >
1228 39 1229 42 =
1306 43 1308 45 ,
1487 36 1509 45 v·
1540 49 1544 52 ⁴
1694 34 1695 37 ¹

267 117 369 170 170
990 116 1312 161 PLATONIS

198 275 234 316 Ε
264 255 584 326 λεγομένων
639 255 789 325 ψυχὴ
845 253 1174 325 ὁμοιότερον
1230 251 1376 309 εἶναι
1431 257 1525 309 καὶ
1581 256 2044 327 ξυγγενέστερονς

263 344 389 403 Πᾶς
435 339 507 393 ἄν
544 359 638 410 μοι
676 341 858 408 δοκεῖ,
896 333 932 408 ἧ
971 338 1025 393 δ’
1067 337 1158 408 ὅς,
1206 339 1588 410 ξυγχωρῆσαι,
1639 332 1686 393 αἶ
1723 339 2044 411 Σώκρατες,

266 425 330 479 ἐκ
375 423 580 493 ταύτης
624 429 722 494 τῆς
767 423 1050 493 μεθόδου,
1090 425 1184 476 καὶ
1221 421 1251 477 ὁ
1291 424 1768 494 δυςμαθέστατος,
1807 421 1898 478 ὅτι
1935 423 2047 496 ὅλῳ

264 508 360 561 καὶ
395 508 563 562 παντὶ
601 504 930 578 ὁμοιότερόν
970 508 1088 561 ἐστι
1125 506 1275 578 ψυχὴ
1323 512 1399 579 τῷ
1447 506 1532 562 ἀεὶ
1571 507 1828 572 ώςαύτως
1865 510 2050 578 ἔχοντι

264 595 481 662 μᾶλλον
517 591 552 662 ἢ
590 596 668 663 τῷ
703 593 794 662 μή.
880 593 952 645 Τί
984 590 1145 646 δὲτὸ
1185 596 1371 662 σῶμα,
1419 596 1508 664 Τῷ
1547 592 1732 664 ἑτέρῳ.

408 680 521 763 Cap.
562 679 773 730 XXVIII.
834 674 974 746 Ὅρα
1013 675 1076 729 δὲ
1115 678 1209 728 καὶ
1245 679 1407 747 τῇδε,
1447 675 1561 746 ὅτι,
1603 674 1833 730 ἐπειδὰν
1873 677 1938 730 ἐν
1974 679 2052 746 τῷ

176 772 237 815 80
266 758 419 832 αὐτῷ
457 754 561 814 ὦσι
599 759 748 830 ψυχὴ
788 761 882 813 καὶ
921 763 1108 830 σῶμα,
1157 763 1234 831 τῷ
1270 759 1375 830 μὲν
1413 761 1713 815 δουλεύειν
1751 761 1845 814 καὶ
1882 758 2050 828 ἄρχε-

265 850 402 898 σθαι
447 843 482 913 ἡ
535 845 708 914 φύσις
754 844 1106 915 προςτοέττει,
1155 848 1223 914 τῇ
1262 845 1324 898 dte
1363 843 1558 915 ἄρχειν
1595 846 1689 898 καὶ
1729 845 2046 910 δεσπόζειν

263 930 358 981 καὶ
404 926 572 982 κατὰ
590 932 767 982 ταῦτα
814 932 888 982 αὐ
934 929 1177 998 πότερόν
1225 942 1315 982 σοι
1362 930 1522 981 δοκει
1564 927 1761 998 ὅμοιον
1797 947 1873 999 τῳ
1909 930 2051 999 θείῳ
2108 920 2111 923 ’

267 1033 440 1083 ειναι,
489 1014 583 1067 καὶ
631 1013 874 1083 πότερον
920 1017 997 1084 τῷ
1043 1016 1265 1084 θνητῷ;
1315 1013 1352 1082 ἢ
1398 1011 1467 1066 οὐ
1519 1014 1680 1066 δοκεῖ
1719 1026 1811 1066 σοι
1846 1010 1909 1066 τὸ
1947 1013 2052 1082 μὲν

262 1103 427 1151 θεῖον
465 1090 588 1151 οἷον
626 1096 822 1168 ἄρχειν
859 1117 919 1151 τε
957 1098 1051 1151 καὶ
1087 1095 1456 1167 ἡγεμονεύειν
1494 1096 1838 1166 πεφυκέναι,
1888 1095 1951 1150 τὸ
1990 1097 2053 1150 δὲ

263 1179 481 1251 θνητὸν
526 1180 808 1252 ἄρχεσθαί
857 1201 917 1235 τε
972 1182 1066 1235 καὶ
1122 1182 1443 1242 δουλεύειν;
1493 1179 1740 1250 ”Εμοιγε.
1818 1181 2052 1251 Ποτέρῳ

264 1258 372 1318 οὖν
408 1263 442 1336 ἡ
481 1265 630 1335 ψυχὴ
678 1263 887 1331 ἔοικεν,
941 1270 1106 1336 Δῆλα
1153 1266 1251 1336 δῆ,
1300 1261 1344 1319 αἶ
1385 1261 1713 1335 Σώκρατες,
1754 1262 1841 1318 ὅτι
1876 1262 1910 1334 ἡ
1949 1265 2053 1334 μὲν

264 1348 414 1418 ψυχὴ
453 1353 529 1422 τῷ
566 1353 725 1421 θείῳ,
764 1348 827 1404 τὸ
867 1350 929 1405 δὲ
968 1355 1128 1420 σῶμα
1164 1353 1241 1422 τῷ
1278 1354 1490 1420 θνητῷ.
1547 1348 1763 1402 Σκόπει
1790 1349 1881 1419 δή,
1921 1351 2051 1419 ἔφη,

266 1426 313 1487 οῗ
348 1434 551 1503 Κέβης,
593 1435 644 1487 εἰ
681 1435 745 1488 ἐκ
782 1434 1011 1488 πάντων
1048 1437 1163 1490 τῶν
1203 1435 1514 1505 εἰρημένων
1560 1434 1693 1486 τάδε
1740 1430 1876 1502 ἡμῖν
1915 1433 2054 1503 ξυμ-

211 1520 477 1587 Ββαίνει,
516 1522 593 1589 τῷ
630 1517 735 1588 μὲν
771 1521 912 1588 θείῳ
950 1519 1045 1572 καὶ
1083 1519 1348 1589 ἀθανάτῳ
1387 1520 1481 1571 καὶ
1519 1520 1701 1588 νοητῷ
1749 1518 1845 1570 καὶ
1880 1537 2054 1588 μονο-

266 1604 408 1656 ειδεῖ
448 1603 543 1655 καὶ
589 1601 873 1673 ἅδιαλύτῳ
910 1605 1005 1657 καὶ
1042 1602 1127 1657 ἀεὶ
1166 1601 1427 1666 ώςαύτως
1475 1600 1616 1655 κατὰ
1653 1599 1829 1655 ταύτὰ
1869 1603 2054 1671 ἔχοντι

266 1685 445 1758 ἑαυτῷ
501 1684 832 1757 ὁμοιότατον
891 1684 1036 1742 εἶναι
1090 1688 1259 1758 ψυχή,
1317 1691 1393 1757 τῷ
1452 1685 1506 1739 δ’
1557 1684 1903 1757 ἀνθρωπίνῳ
1960 1687 2054 1739 καὶ

380 1874 427 1915 Ε.
462 1871 863 1928 ξυγχωρῆσαι]
911 1874 1016 1915 Olim
1057 1874 1320 1915 scribebatur
1362 1867 1663 1939 συγχωρήσαι
1692 1873 1818 1913 modo
1861 1872 2051 1937 optandi.

266 1928 511 1970 Conectum
542 1942 594 1969 ex
622 1931 746 1971 codd.
789 1931 1013 1970 Praeterea
1042 1943 1095 1970 ex
1122 1930 1245 1973 Bodi.
1277 1943 1342 1984 pr.
1370 1931 1556 1981 itemque
1585 1930 1687 1970 Tub.
1722 1935 1762 1969 et
1782 1930 1892 1969 Ven.
1917 1928 1969 1969 Π
1992 1941 2055 1969 αν

264 1999 346 2040 μοι
369 1984 509 2028 δοκεῖ
525 1999 601 2039 pro
625 1988 742 2039 vulg.
766 2000 827 2047 αν
849 1982 1010 2041 ἔμοιγε
1033 1985 1174 2027 δοκεῖ
1188 1987 1470 2040 reposuimus.

379 2069 481 2124 Cap.
504 2070 704 2111 XXVIII.
734 2061 828 2124 Όρ
841 2084 872 2111 α
913 2067 993 2122 δέ]
1036 2071 1086 2111 V.
1113 2063 1188 2123 δή,
1211 2071 1486 2122 quodeVat.
1515 2070 1647 2110 Vind.
1671 2069 1825 2110 ΦΡᾶΥ.
1849 2068 2054 2134 GAmbr3

264 2126 360 2167 aliis
397 2134 645 2168 eoireetum.
694 2127 832 2167 Etiam
861 2127 979 2168 Stob.
1012 2122 1067 2167 δέ
1096 2126 1235 2167 habet.
1276 2127 1377 2167 Mox
1405 2126 1530 2166 Bodl.
1566 2139 1630 2179 pr.
1663 2132 1703 2166 et
1732 2127 1839 2170 Ven.
1867 2125 1918 2167 H
1941 2117 2052 2167 κατ’

264 2175 393 2224 αυτοὶ
428 2195 504 2236 pro
539 2177 663 2225 κατὰ
695 2181 861 2224 ταῦτα.

379 2267 427 2307 Ρ.
449 2267 516 2310 80.
553 2267 602 2309 Β.
635 2260 899 2315 ωςαύτως
939 2280 1084 2308 κατα
1125 2259 1324 2318 ταύτα]
1366 2267 1443 2307 Hie
1480 2279 1648 2318 quoque
1684 2265 1772 2307 καί
1796 2266 1924 2320 vulgo
1957 2271 2056 2306 ante

265 2317 390 2365 κατά
418 2324 717 2377 interpositum
745 2325 996 2364 auctoritate
1024 2323 1144 2364 Bodl.
1171 2324 1281 2365 Tub
1302 2323 1412 2364 Ven.
1439 2322 1635 2366 HVind.
1659 2323 1698 2363 Φ
1719 2323 1815 2363 Par.
1841 2322 1876 2363 G
1898 2322 2003 2366 Flor.
2028 2323 2056 2363 d

263 2382 541 2423 extrusimus.
583 2380 737 2420 Tenuit
757 2388 898 2420 tamen
919 2379 1099 2421 Bekker.

322 2535 370 2577 E.
405 2526 493 2575 ότι
535 2527 643 2588 ὅλῳ
672 2531 772 2575 καὶ
802 2532 978 2576 παντὶ
1014 2528 1113 2588 ὃμ.]

265 2591 307 2635 h
334 2605 369 2634 e.
401 2603 644 2644 piorsus,
683 2592 903 2632 omnino.
947 2590 1117 2631 Scho-

266 2647 430 2687 liasta
456 2647 730 2690 Ruhnken
763 2660 806 2700 p.
833 2649 914 2711 165
945 2641 996 2687 τὸ
1028 2660 1117 2687 ουν

263 2696 452 2772 πάντῃ
483 2697 739 2767 διαφέρειν
768 2697 913 2754 τινός,
946 2695 1030 2743 ὅίτε
1054 2695 1115 2754 δὴ

266 2755 350 2798 καὶ
390 2751 512 2798 καθ’
542 2750 657 2799 ολον
696 2754 779 2798 καὶ
814 2751 938 2798 κατὰ
975 2755 1116 2811 μέρος

268 2812 412 2855 τοῦδε
452 2812 551 2854 πᾶν
592 2807 857 2879 διενεγκόν,
899 2805 991 2867 ολῳ
1033 2811 1116 2854 καὶ

266 2866 412 2911 παντὶ
456 2866 641 2923 λέγεται
673 2866 945 2934 διαφέρειν.
987 2883 1026 2910 ν.
1056 2870 1117 2909 De

267 2926 373 2979 Rep.
400 2927 553 2978 V11.p.
576 2927 658 2966 527
681 2917 754 2965 C
735 2917 810 2966 ότι
831 2924 894 2982 τῷ
917 2918 1010 2978 ολῳ
1033 2923 1116 2966 καὶ

264 2979 414 3023 παντὶ
445 2980 631 3023 διοίσει.
685 2982 793 3021 Ibid
826 2970 878 3020 V.
911 2996 951 3034 p.
981 2981 1117 3022 469ss

268 3029 360 3092 όλῳ
382 3035 467 3079 καὶ
487 3037 650 3090 παντί,
683 3033 793 3091 ἔφη,
820 3034 1042 3091 διαφέρει
1064 3032 1116 3079 τὸ

270 3081 553 3147 φείδεσθαι.
611 3094 718 3137 Ibid.
759 3095 832 3137 VI
876 3107 917 3159 p
959 3096 1042 3135 486
1067 3094 1116 3136 Α

269 3151 406 3192 Aleib.
440 3150 698 3203 1.p.109B
739 3148 963 3202 διαφερει
1004 3141 1118 3191 όλον

268 3219 320 3247 τε
349 3203 433 3247 καὶ.
461 3205 573 3248 πᾶν.
615 3206 778 3246 Deinde
806 3205 989 3260 μᾶλλον
1024 3214 1121 3259 post

270 3264 603 3315 comparativum
634 3275 717 3303 non
750 3263 1010 3315 r‘edundaie,
1043 3263 1119 3303 sed

270 3326 317 3358 ut
337 3320 429 3359 eius
449 3321 511 3359 vis
534 3320 674 3359 denuo
696 3320 908 3371 ingeratur
930 3320 1118 3371 positum

275 3387 370 3416 esse
409 3375 464 3415 ad
510 3375 635 3428 Hipp.
678 3376 776 3416 mai.
818 3388 860 3428 p.
895 3376 1037 3417 285A
1079 3382 1119 3416 et

270 3430 401 3484 Gorg.
424 3444 466 3485 p.
489 3431 572 3472 487
594 3431 626 3471 Β
649 3431 925 3472 ostendimus.

1263 2532 1376 2601 Cap.
1389 2534 1585 2574 XXVIII.
1609 2534 1655 2577 P.
1679 2534 1748 2577 80.
1770 2546 1977 2587 αρχειν
1997 2545 2055 2574 τε

1203 2587 1302 2631 καὶ
1350 2583 1739 2644 ἡγεμονεύειν
1798 2586 2057 2641 πεφυκέ-

1203 2639 1376 2709 ναί]Ι]
1383 2659 1452 2689 ..e
1478 2655 1665 2686 natura
1686 2646 1757 2685 it‘i
1781 2657 2057 2699 eompara-

1203 2698 1308 2741 turii
1341 2715 1481 2750 esse,
1519 2710 1572 2741 ut
1595 2714 1781 2765 regeie
1811 2708 1859 2741 et
1888 2702 2056 2754 impe-

1204 2770 1320 2798 rare
1349 2758 1555 2798 debeat.
1598 2759 1710 2797 Ante
1742 2748 2055 2811 ἅρχεσθαίτε

1203 2810 1286 2854 καὶ
1328 2807 1581 2855 δουλεύειν
1624 2826 1677 2854 ex
1717 2814 1907 2854 anteced
1951 2809 2055 2855 οἷον

1205 2876 1394 2922 iepetas,
1431 2870 1545 2921 quod
1572 2869 1847 2913 Heindoif.
1883 2870 2051 2910 deside-

1204 2929 1339 2971 rabat,

1264 2979 1316 3023 εἰ
1338 2976 1396 3024 ἐκ
1418 2975 1647 3024 πάντων
1669 3005 1720 3011 -
1744 2977 1884 3023 τάδε
1911 2975 2057 3036 ἡμῖν

1208 3036 2053 3093 ξυμβ.]11.θ.εῑηεχίἰε,ᾳιιειεᾱίε·

1205 3102 1391 3148 putata
1432 3103 1578 3147 sunt,
1621 3095 1716 3135 hoc
1757 3106 2057 3146 cousequa-

1206 3159 1259 3190 tu
1270 3165 1304 3191 r
1349 3152 1606 3192 Notissimus
1636 3159 1700 3191 est
1721 3150 1789 3190 hie
1809 3151 1929 3190 verbi
1949 3162 2055 3191 usus

1207 3208 1522 3248 indialecticis.
1553 3221 1591 3248 v.
1618 3206 1806 3259 Sophist.
1837 3220 1880 3260 p.
1903 3207 2054 3248 251E.

1206 3264 1266 3304 De
1288 3265 1393 3330 Rep.
1417 3266 1447 3305 I.
1478 3277 1521 3329 p.
1544 3266 1626 3305 339
1650 3264 1700 3303 Α.
1742 3261 1858 3303 Infra
1881 3275 1924 3315 p.
1946 3263 2000 3302 92
2023 3262 2054 3301 B

1208 3316 1438 3361 αἰσθανει
1457 3309 1558 3372 οὖν,
1577 3310 1649 3361 ὅτι
1671 3310 1824 3359 ταύτά
1845 3328 1919 3358 σοι
1943 3316 2058 3371 ξυμ-

1206 3374 1365 3430 βαίνει
1388 3373 1565 3430 λέγεινς
1589 3376 1714 3428 Gorg.
1737 3387 1779 3427 p.
1801 3375 1947 3417 496E.
1970 3374 2052 3427 Ly-

1205 3433 1289 3473 sid.
1320 3446 1363 3486 p.
1390 3434 1471 3473 217
1493 3434 1542 3475 A.
1585 3431 1646 3472 De
1675 3430 1882 3483 proximis
1914 3431 2052 3471 veibis
