2158 3718
842 120 1104 164 ΡΗΑΕοο
1124 100 1178 177 ’μ
1203 124 1270 165 59.
1335 172 1339 174 ,
1870 120 1938 175 85

162 263 223 318 δὲ
261 262 577 333 ἀνοιχθείη,
618 262 839 332 είςῇμεν
876 258 1030 331 παρὰ
1066 258 1165 314 τόν
1202 260 1479 330 Σωκράτη
1519 262 1612 314 καὶ
1649 259 1716 315 τοὶ
1755 259 1937 316 πολλοὶ

162 348 565 420 διημερεύομεν
601 345 720 417 μετ’
761 343 954 399 αὐτοῦ.
1033 344 1125 399 καὶ
1163 343 1230 415 δὴ
1270 345 1363 398 καὶ
1400 346 1526 399 τότε
1563 349 1936 417 πρωιαίτερον

161 433 549 502 ξυνελέγημεν.
625 435 693 502 τῇ
740 428 848 501 γὰρ
895 432 1199 502 προτεραίᾳ
1245 427 1424 502 ἡμέρᾳ
1465 429 1656 500 ἐπειδὴ
1699 431 1936 501 ἐξήλθο-
2023 490 2026 494 ,

158 539 262 588 μεν
312 518 374 573 ἐκ
422 520 524 570 τοῦ
572 517 957 586 δεσμωτηρίου
1005 514 1266 586 ἑσπέρας,
1327 514 1694 586 ἐπυθόμεθα,
1744 514 1830 569 ὅτι
1874 514 1992 573 τὸΕ

158 608 358 657 πλοῖον
414 602 476 656 ἐκ
523 600 721 670 Δήλου
775 599 1087 670 ἀφιγμένον
1145 604 1254 670 εἴη·
1320 603 1774 671 παρηγγείλαμεν
1829 592 1937 654 οὖν

155 686 418 757 ἀλλήλοις
455 684 616 756 ἥκειν
655 683 730 748 ὣς
768 688 1110 755 πρωιαίτατα
1148 686 1227 749 εἰς
1263 682 1328 738 τό
1368 685 1587 748 εἰωθός.
1665 686 1758 739 καὶ
1796 684 1935 756 ἤκο-

155 792 288 842 μεν,
337 772 431 826 καὶ
477 768 610 840 ἡμῖν
648 766 895 834 ἐξελθών
934 768 960 823 ὁ
999 769 1293 841 θυρωρός,
1347 768 1514 840 ὅςπερ
1556 770 1747 824 εἰώθει
1784 767 1932 824 ὑπα-

155 857 375 926 κούειν,
416 852 536 910 εἶπε
574 854 897 926 περιμένειν
934 854 1027 908 καὶ
1064 852 1138 924 μὴ
1176 854 1455 926 πρότερον
1492 855 1788 927 παριέναι,-
1831 856 1935 920 ἕως

268 1026 607 1084 εἰςῇμεν]ν.
636 1019 816 1082 ᾕειμεν.
848 1026 932 1067 Sed
956 1027 1073 1067 Bodl.
1097 1026 1341 1068 Coisl.Vat.
1365 1027 1758 1071 Ven.11vind.d⁵
1786 1030 1933 1073 Ambr.

151 1088 245 1131 Par.
266 1085 392 1128 AGG
421 1086 526 1126 Tub.
560 1085 668 1126 Flor.
700 1097 725 1123 a
747 1085 774 1124 d
795 1096 837 1124 m
868 1076 1118 1137 εἰςῄειμεν,
1151 1084 1265 1135 quod
1294 1096 1389 1124 eum
1419 1084 1659 1125 Heindorfio
1683 1092 1723 1125 et
1742 1085 1932 1126 Bekkero

153 1157 207 1183 ex
228 1144 410 1196 August.
434 1143 478 1181 in
501 1137 690 1195 εἰςῇμεν
710 1141 887 1181 mutavi.
913 1139 1092 1180 Causam
1114 1151 1349 1192 cognosces
1373 1154 1427 1181 ex
1443 1140 1688 1180 Buttmauni
1712 1141 1781 1183 Gr.
1792 1142 1933 1196 Ampl.

151 1201 198 1241 T.
223 1201 254 1240 I.
277 1212 319 1252 p.
344 1200 441 1240 540
482 1197 742 1261 Matthiae&
765 1198 861 1237 219.
884 1198 928 1237 4.
965 1195 1197 1236 Schneider
1217 1196 1270 1235 ad
1292 1197 1414 1250 Reip.
1436 1196 1509 1239 VI.
1531 1210 1573 1250 p
1595 1197 1748 1239 489E.
1770 1197 1932 1239 Nihilo-

150 1257 290 1296 minus
320 1256 460 1295 Herm.
494 1247 729 1308 εἰςῄειμεν
759 1260 900 1293 tuetur
927 1262 1100 1306 propte1
1127 1253 1322 1293 codicum
1352 1253 1659 1296 auctoritatem.
1700 1254 1798 1294 Mox
1817 1255 1931 1295 idem

151 1324 244 1353 v.oe
266 1305 420 1366 ἡμέρᾳ
449 1311 569 1351 uncis
600 1310 786 1358 inclusit,
798 1318 1041 1376 propterea
1062 1310 1174 1360 quod
1193 1309 1486 1365 προτεραίᾳ·
1477 1322 1559 1349 iam
1583 1310 1667 1350 diei
1688 1311 1770 1350 vim
1794 1312 1930 1351 conti-

150 1375 270 1417 neat3
302 1368 490 1420 alioquin
522 1368 633 1406 euim
661 1361 870 1420 προτέρᾳ
899 1365 1030 1406 fuisse
1061 1366 1340 1407 scribendum
1384 1367 1506 1415 Quod
1537 1378 1614 1406 nos
1644 1367 1814 1418 quidem
1845 1380 1929 1407 non

149 1426 378 1467 credimus.
437 1424 596 1464 Eodem
634 1423 761 1463 modo
790 1423 946 1462 Herod
977 1422 1051 1462 IX.
1085 1424 1138 1462 22
1168 1421 1223 1476 τῇ
1255 1416 1481 1477 ὑστεραίῃ
1509 1416 1671 1476 ἡμέρῃ.
1711 1423 1842 1464 Thuc.
1873 1423 1928 1467 V

149 1484 223 1531 75,
255 1485 294 1524 3.
317 1481 373 1536 τῇ
414 1493 466 1522 τε
505 1479 764 1534 προτεραίᾳ
805 1471 959 1546 ἡμέρᾳ
1000 1475 1190 1533 συνέβη.
1253 1479 1397 1533 Eurip.
1435 1480 1560 1533 Hipp.
1591 1480 1686 1522 275.
1709 1479 1930 1532 τριταίαν

133 1533 345 1593 ἡμέραν.
386 1537 488 1581 Hec.
510 1539 564 1578 32
586 1539 800 1591 τριταῖον
823 1532 1013 1590 φέγγος.
1050 1545 1055 1550 ’

260 1609 307 1651 Ε.
341 1603 466 1650 εἷπε
492 1602 853 1662 περιμένειν]
885 1606 997 1646 Haec
1027 1615 1091 1646 est
1118 1606 1242 1647 lectio
1274 1606 1475 1646 librorum
1504 1606 1772 1658 optimorum,
1805 1607 1925 1648 Bodl.

148 1667 245 1707 Vat.
277 1666 384 1707 Ven.
417 1664 600 1707 HTub.
629 1664 760 1706 Vind.
791 1663 830 1704 Φ
858 1663 967 1703 Flor.
998 1663 1025 1703 d
1053 1664 1202 1704 Ambr.

148 1716 405 1778 ἐπιμένειν,
430 1721 543 1774 quod
563 1721 706 1764 Herm.
729 1727 880 1762 servat.

145 1871 396 1932 αμφότερα
418 1871 527 1943 γὰρ
570 1874 901 1930 Θουκυδίδης·
939 1898 991 1903 -

146 1934 343 1989 κρείττω
365 1926 463 2005 γὰρ
492 1932 645 1975 ταῦτα
677 1931 761 1974 τοῦ
794 1931 992 1986 πρωϊαί-

146 2004 284 2057 τερον
297 1988 381 2033 καὶ
397 1989 733 2044 πρωϊαιἭτατον
748 1989 833 2030 Sed
850 2001 993 2042 gram-

146 2049 289 2090 matici
335 2047 461 2088 fidem
507 2057 751 2100 suspectam
812 2046 992 2086 reddidit

146 2105 414 2147 Ruhnken.
447 2104 503 2144 ad
530 2104 635 2146 Tim.
665 2103 803 2144 Gloss.
825 2116 867 2156 p.
892 2104 990 2143 227.

146 2161 199 2205 cf.
224 2162 517 2202 Buttmann.
548 2160 619 2202 Gr.
650 2159 776 2212 ampl.
799 2160 846 2200 T.
871 2160 921 2198 ΙΙ.
945 2171 988 2211 p.

147 2220 458 2324 34iI⁴IJ.'o'971:sQ
490 2267 692 2313 εἰωθει
728 2263 990 2312 ὑπακού-

148 2329 252 2386 ειν]
288 2330 345 2370 De
370 2342 453 2370 usu
476 2328 594 2369 verbi
612 2320 880 2369 ὑπακούειν
901 2328 988 2367 dic-

145 2397 233 2428 tum
274 2393 337 2427 est
377 2386 430 2426 ad
472 2384 627 2426 Criton.
660 2386 786 2426 43A.
829 2384 989 2424 Deinde

59 2432 71 2451 “
146 2456 221 2498 pro
268 2444 379 2495 vulg.
411 2436 651 2495 ἐπιμένειν
682 2440 829 2505 optimi
864 2440 987 2481 codd.

145 2496 433 2554 περιμένειν,
458 2498 571 2563 quod
590 2497 841 2550 recepimus,
877 2496 987 2537 Utri-

148 2569 279 2608 usque
309 2556 423 2596 verbi
451 2556 534 2596 vim
564 2562 605 2595 et
639 2552 987 2607 significationem

145 2613 429 2656 declaravitF.
441 2609 492 2652 A.
496 2610 725 2651 Wolfius
744 2610 809 2650 his
829 2610 989 2650 verbis:

146 2662 322 2724 ,,έπιμ
335 2665 490 2711 ἐνειν
531 2668 602 2707 ist
649 2667 761 2709 sich
801 2666 987 2719 gedul-

146 2727 264 2777 den,
286 2724 695 2776 denErfolgvon
717 2731 877 2763 etwas
899 2736 986 2774 ge

145 2783 318 2823 lassen
340 2783 624 2829 abwatten3
647 2775 987 2834 περιμένειν

145 2839 219 2879 ist
258 2838 509 2878 meistens
550 2837 598 2876 in
639 2837 812 2877 seiner
848 2836 987 2888 Lage

147 2894 393 2934 bleibend
423 2893 742 2945 aufjemand
762 2898 984 2944 warten,

101 2961 104 2966 ·
147 2951 232 2991 die
271 2949 642 3002 Erscheinung
681 2962 777 2990 von
831 2957 984 2997 etwas

147 3014 418 3047 erwarten.
461 3004 627 3045 Daher
656 3005 783 3045 wird
805 3005 986 3045 dieses

145 3075 199 3104 so
247 3061 579 3115 gewiihnlich
636 3061 844 3101 absolut
901 3074 986 3113 ge—

147 3118 388 3170 branam,
417 3129 683 3184 wogeg-ren
700 3118 853 3181 jenes
882 3117 985 3157 viel

146 3175 283 3217 oster
305 3175 381 3214 als
410 3173 520 3214 dies
551 3168 758 3221 ιηἰιέως
780 3186 848 3214 αν
868 3186 986 3213 vei

146 3230 520 3280 bundenwird,
539 3229 988 3270 undseinerKraft

147 3285 985 3352 zufolgegewisseDerivatahat,

146 3344 226 3384 die
251 3338 594 3396 περιμένειν
626 3342 765 3382 nieht
800 3342 981 3382 bilden

146 3401 358 3442 konnte.
366 3398 394 3419 “
435 3400 581 3451 Itaque
615 3399 814 3438 miramur
849 3399 983 3438 viium

146 3467 357 3497 summum
376 3456 580 3510 probasse
602 3448 856 3508 ἐπιμένειν,
879 3455 983 3494 ieie-

1251 1663 1483 1715 Vulgatum
1526 1669 1614 1703 erat
1654 1662 1751 1703 olim
1795 1654 1927 1706 εἶπεν

1080 1876 1189 1917 cisse
1218 1871 1505 1929 περιμένειν,
1537 1875 1650 1927 quod
1680 1875 1749 1914 hic
1779 1880 1925 1928 aptum

1079 1933 1204 1972 unice
1244 1933 1424 1973 videtur.
1469 1931 1635 1985 Quippe
1675 1943 1758 1971 non
1799 1932 1926 1972 iussit

1078 1988 1204 2029 homo
1241 1988 1402 2029 amicos
1432 1987 1616 2028 Socratis
1645 1988 1854 2041 patienter
1881 1989 1925 2028 in

1080 2057 1156 2086 sua
1174 2046 1356 2085 statione
1372 2057 1659 2098 perseverare,
1674 2057 1806 2096 usque
1823 2045 1924 2084 dum

1077 2102 1464 2151 intromitterentur,
1495 2101 1609 2153 quod
1631 2107 1744 2141 esset
1765 2093 1924 2154 ἐπιμέ-

1077 2171 1194 2211 νειν,
1218 2158 1294 2199 sed
1314 2157 1408 2198 illos
1430 2157 1562 2197 voluit
1582 2157 1812 2211 paullisper
1834 2169 1922 2198 mo-

1076 2216 1160 2255 rari
1200 2222 1325 2266 atque
1366 2214 1573 2267 opperiri,
1623 2213 1758 2254 donee
1804 2213 1923 2254 fieret

1076 2271 1190 2322 quod
1220 2278 1427 2338 optarent.
1472 2269 1584 2310 Infra
1614 2283 1657 2336 p
1683 2270 1762 2310 116
1785 2267 1836 2310 A.
1868 2263 1922 2323 ἠ-

1075 2326 1168 2394 μᾶς
1191 2320 1240 2368 δ’
1258 2320 1444 2368 ἐκέλευε
1460 2339 1749 2380 περιμενειν.
1765 2338 1923 2379 περιε-

1075 2380 1279 2451 μένομεν
1299 2396 1402 2425 ουν.
1443 2383 1590 2423 Paullo
1619 2390 1737 2422 ante·
1767 2394 1922 2447 περιε-

1075 2436 1292 2505 μένομεν
1301 2427 1387 2481 οὖν
1405 2461 1456 2470 -
1480 2434 1567 2488 ἕως
1588 2431 1845 2504 ανοιχθείη
1868 2431 1920 2480 τὸ

1075 2489 1410 2561 δεσμωτήριον.
1430 2495 1600 2564 Symp.
1623 2496 1682 2537 in.
1713 2487 1770 2536 οὗ
1791 2508 1922 2549 περι-

1074 2556 1256 2607 μενεῖς;
1274 2545 1402 2607 nayco
1422 2545 1613 2600 έπιστας
1628 2548 1918 2615 περιέμεινα.

1073 2611 1141 2650 De
1181 2611 1289 2663 Rep
1331 2611 1360 2650 Ι.
1399 2610 1456 2652 in.
1495 2601 1712 2650 ἐκέλευσε
1748 2629 1800 2636 —-
1836 2601 1922 2650 τὸν

1073 2664 1228 2708 παῖδα
1238 2664 1516 2719 περιμεῖναί
1529 2657 1552 2707 ἕ
1566 2664 1803 2707 κελεῦσαι.
1808 2665 1917 2705 Xen.

1076 2723 1169 2775 Cyr.
1193 2723 1311 2762 1V.‘>
1316 2724 1390 2774 ‚.9
1412 2719 1495 2763 καὶ
1517 2717 1628 2770 τούς
1642 2716 1920 2794 ‘Yonocvt'pvg

1073 2775 1349 2833 περιμένειν
1398 2771 1638 2831 ἐκέλευσε,
1688 2777 1770 2819 ινα
1818 2770 1919 2832 οἶμα

1075 2835 1211 2878 ἰόιεν.
1242 2836 1347 2876 Ibid.
1368 2836 1462 2878 VII.
1487 2837 1526 2885 5,
1549 2836 1618 2876 39.
1643 2828 1817 2900 ἄνδρες
1839 2834 1919 2887 φί-

1076 2893 1165 2946 λοι,
1208 2887 1506 2954 περιμένετε,
1549 2886 1634 2939 ε’ως
1664 2903 1748 2932 τον
1776 2891 1920 2945 οχλον

1074 2941 1377 3015 ὃιωσωμεθα,
1398 2961 1480 3000 quo
1499 2949 1588 2988 loco
1606 2948 1771 2988 notabis
1789 2948 1919 2987 omis

1073 2998 1254 3046 sumoc'v.
1270 3005 1434 3045 -Dein
1455 3003 1799 3055 Hirschigius
1820 3000 1919 3044 καὶ

1073 3055 1147 3115 μὴ
1191 3060 1476 3115 πρότερον
1523 3056 1801 3125 παριέναι
1841 3070 1918 3111 pro

1073 3118 1329 3170 glossemate
1369 3117 1520 3167 habet,
1552 3117 1651 3168 quia
1680 3116 1746 3156 his
1776 3116 1917 3156 verbis

1074 3175 1254 3215 servatis
1313 3175 1438 3238 scribi
1505 3174 1661 3215 Graece
1728 3172 1918 3212 debuerit

1072 3227 1226 3298 πρὶν
1250 3220 1319 3272 ἂν
1362 3223 1508 3278 αυτὸς
1549 3223 1770 3283 κελεύσῃ,
1832 3240 1916 3268 non
1951 3250 1954 3253 -

1073 3282 1172 3334 ε’ως
1194 3276 1261 3327 ἂν
1279 3279 1424 3335 αυτὸς
1439 3301 1482 3330 κ.
1506 3288 1548 3326 ln
1567 3298 1649 3336 quo
1669 3285 1730 3326 vir
1747 3285 1913 3334 doctus,

1073 3350 1117 3382 ut
1146 3343 1238 3383 aliis
1260 3343 1367 3383 locis
1390 3342 1595 3395 plurimis,
1619 3342 1701 3380 tuit
1723 3339 1908 3381 mirifice

1070 3399 1219 3450 Lysias
1248 3407 1378 3438 contr
1414 3397 1621 3439 Eratosth
1648 3398 1711 3437 71.
1744 3410 1784 3448 p.
1814 3397 1912 3435 429.

1073 3456 1137 3495 etl.
1169 3456 1247 3495 Rl
1291 3448 1347 3495 οὗ
1387 3448 1615 3509 πρότερον
1655 3451 1784 3494 εἰασε
1825 3445 1912 3504 τὴν
