2222 3762
347 129 768 183 APOLOGIA
807 128 1207 188 SOCRATIS.
1248 133 1310 185 P.
1354 136 1437 186 23.
1479 133 1560 188 St.
1746 138 1811 188 87

119 281 210 330 ἵνα
258 279 314 331 δὲ
359 274 434 345 μὴ
483 279 723 330 *δοκῶσιν
765 273 1031 348 ἀπορεῖν,
1089 275 1160 332 τοὶ
1219 276 1361 332 κατὰ
1419 277 1647 335 πάντων
1705 283 1816 333 τῶν

118 361 579 435 φιλοσοφούντων
625 359 885 431 πρόχειρα
933 365 1112 416 ταῦτα
1160 366 1435 431 λέγουσιν,
1482 360 1571 418 ὅτι
1612 360 1681 417 τὰ
1725 385 1819 434 με-

125 451 295 516 τέωρα
339 448 432 498 καὶ
479 443 546 498 τά
595 442 703 499 ὑπὸ
749 447 886 512 γῆς,
934 450 1026 500 καὶ
1073 445 1245 511 θεοὺς
1283 444 1360 518 μὴ
1408 450 1679 517 νομίζειν,
1727 451 1820 502 καὶ

121 526 218 582 τὸν
265 525 410 596 ἥττω
465 526 635 596 λόγον
679 533 902 599 κρείττω
949 541 1144 587 ποιεῖν.
1203 528 1273 585 τὰ
1315 527 1423 602 γὰρ
1466 530 1698 600 ἀληθῆ,
1741 530 1822 586 οἷ-

117 635 246 681 μαι,
323 612 424 668 οὐκ
494 609 566 666 ἂν
625 616 878 669 ἐθέλοιεν
934 618 1136 684 λέγειν,
1216 612 1304 670 ὅτι
1366 614 1672 682 κατάδηλοι
1729 620 1821 685 γί-

122 718 350 765 γνονται
396 695 866 768 προςποιούμενοι
891 703 990 769 μὲν
1036 704 1254 767 εἰδέναι,
1297 697 1502 763 εἰδότες
1542 703 1598 755 δὲ
1645 698 1823 756 οὐδέν.

119 778 218 835 ἅτε
276 773 412 852 οὖν,
476 781 657 852 οἶμαι,
737 781 1020 855 φιλότιμοι
1079 784 1233 848 ὄντες
1287 788 1378 838 καὶ
1420 787 1655 857 σφοδροὶ
1727 786 1820 839 καὶ

124 868 348 935 πολλοὶ,
427 869 520 920 καὶ
586 866 1023 938 ξυντεταγμένως
1093 871 1185 922 καὶ
1247 870 1512 931 πιθανῶς
1575 872 1824 938 λέγοντες

124 952 248 1020 περὶ
303 950 464 1019 ἐμοῦ,
523 950 933 1020 ἐμπεπλήκασιν
1006 950 1160 1020 ὑμῶν
1220 952 1289 1004 τοὶ
1347 943 1463 1005 ὦτα
1510 956 1602 1007 καὶ
1647 952 1826 1007 πάλαι

126 1037 216 1088 καὶ
263 1036 523 1108 σφοδρῶς
567 1032 976 1103 διαβάλλοντες.
1041 1041 1098 1090 ἐκ
1156 1033 1372 1090 τούτων
1427 1039 1517 1089 καὶ
1567 1036 1828 1102 Μέλητός

241 1224 291 1266 Ι).
352 1239 442 1264 οτι
482 1222 543 1263 τὰ
583 1239 833 1278 perfetum
866 1230 946 1276 —]
995 1225 1146 1280 Steplt.
1178 1225 1250 1267 ὅτι
1281 1225 1331 1266 τὰ
1366 1243 1411 1280 μ,
1443 1227 1512 1266 καὶ
1543 1226 1595 1267 τὰ
1630 1242 1714 1267 vno
1749 1231 1828 1279 γῆς

123 1282 244 1334 ζητεῖ
280 1279 350 1320 nal.
391 1280 529 1329 θεοὺς
567 1279 625 1336 μὴ
670 1282 830 1334 ιομίζει
861 1286 959 1324 και
966 1301 1006 1324 τ.
1041 1283 1080 1335 ἡ
1114 1284 1147 1323 λ.
1178 1300 1241 1337 ’‘Q-
1272 1290 1402 1325 ποιεῖ.
1462 1285 1550 1326 Sed
1583 1284 1697 1336 ζητεῖ
1727 1297 1824 1326 cum

127 1340 221 1381 ΑΜ.
253 1339 356 1381 Bas.
387 1339 426 1381 1.
460 1340 502 1382 2.
534 1352 621 1380 om.
669 1339 794 1384 Bodl.
838 1342 931 1386 Vat.
981 1343 1083 1384 Ven.
1117 1357 1155 1385 a
1190 1343 1229 1382 b.
1263 1343 1308 1382 Ξ.
1343 1356 1420 1384 sex
1452 1342 1688 1393 Vindobb.,
1721 1342 1828 1383 Flo-

123 1397 276 1439 rentiui
309 1408 478 1448 omnes,
511 1397 643 1438 Coisl.
679 1398 800 1438 Parr.
833 1399 919 1450 alii,
952 1405 1000 1440 ut
1032 1400 1086 1442 de
1118 1400 1246 1441 nihilo
1278 1406 1419 1442 ortum
1453 1400 1662 1444 sidentur.
1723 1400 1830 1440 Infi-

126 1454 280 1495 nitivos
310 1458 453 1495 autem
486 1455 774 1508 praebuerunt
804 1456 898 1497 libri
933 1458 1022 1499 fere
1053 1470 1206 1499 omnes
1236 1471 1393 1512 magno
1425 1470 1653 1499 consensu.
1695 1457 1827 1499 Nimi-

125 1525 218 1553 rum
253 1512 438 1561 vulgaris
471 1514 597 1554 lectio
630 1512 813 1554 debetur
845 1515 913 1562 iis,
953 1516 1024 1568 qui
1057 1515 1286 1556 verborum
1321 1521 1578 1557 structuram
1613 1528 1695 1556 non
1729 1528 1826 1569 per-

124 1570 380 1623 spexissent.

246 1626 294 1669 Ε.
353 1624 440 1664 καὶ
482 1627 947 1683 ἔν’ντεταγμέιως]
995 1629 1108 1670 Libri
1151 1630 1318 1682 aliquot
1356 1630 1568 1682 probante
1603 1628 1756 1672 Herm.
1788 1634 1832 1669 et

129 1685 251 1726 Astio
281 1685 619 1737 ξυντεταμιιιως,
652 1685 707 1727 de
737 1699 822 1738 qua
855 1687 1170 1740 permutatione
1204 1687 1290 1728 dixi
1323 1687 1376 1728 ad
1414 1687 1577 1730 Phileb.
1610 1700 1651 1759 p.
1681 1687 1753 1730 59.
1780 1689 1828 1729 A.

240 1757 329 1780 και
367 1739 536 1782 πάλαι
575 1743 660 1783 καὶ
695 1744 938 1799 σφοδρῶς
980 1744 1017 1784 ὃ.
1046 1745 1061 1798 ]
1102 1744 1252 1799 Stepll.
1287 1745 1357 1784 καὶ
1386 1743 1521 1784 mitae.
1552 1745 1625 1783 καὶ
1655 1749 1731 1784 νῦν
1759 1760 1833 1783 και

127 1891 326 1938 tanqu-m
352 1897 674 1937 supervacanea
697 1884 830 1926 deleri
864 1886 930 1927 iu—
1075 1885 1124 1926 E.

127 1944 200 1984 bet
231 1943 418 1983 Cobet
456 1943 573 1983 V.arr
599 1942 741 1983 lectt.
770 1957 808 1997 p.
830 1943 929 1987 299.

130 2000 413 2054 praecipitato
445 2000 592 2053 utique
623 2000 794 2044 iudicio.

1187 1886 1272 1925 καὶ
1313 1885 1545 1940 σφοδροὶ
1583 1886 1667 1926 καὶ
1711 1886 1830 1927 ηολ-

1017 1943 1127 1995 λοὶ,
1157 1944 1244 1983 καὶ
1275 1945 1715 1999 ἔνι’-τεταγμένως
1739 1946 1827 1983 καὶ

1017 2005 1268 2043 πιθανῶς
1298 2002 1363 2056 λ.]
1409 2001 1660 2055 Metapbora
1693 2003 1825 2054 petita

186 2075 275 2098 οτι
323 2056 384 2097 τὰ
432 2061 672 2110 μετέωρα
721 2058 815 2098 καὶ
865 2057 928 2099 τὰ

126 2106 230 2156 υπὸ
270 2113 390 2170 γῆς]
435 2116 574 2157 Recte
612 2117 756 2156 locum
800 2117 931 2156 inter-

129 2178 322 2224 pretatus
364 2173 499 2214 estl.
542 2173 809 2221 Geelius,
859 2174 933 2213 ui-

130 2230 282 2270 bliotln.
325 2229 430 2270 Crit.
470 2229 582 2271 Nov.
625 2230 743 2272 Libr.
788 2230 856 2272 lV.
890 2243 932 2281 p.

129 2287 255 2338 417„
294 2287 365 2339 qui
411 2289 450 2327 in
486 2288 568 2327 fine
598 2288 836 2328 sententiae
871 2288 934 2327 δι-

130 2341 293 2385 δάσκων
323 2344 604 2396 repetendum
639 2346 819 2395 censuit,
853 2357 932 2385 un-

132 2403 187 2443 ‹le
220 2403 403 2455 primum
448 2402 742 2453 accusativus,
780 2402 934 2443 deinde

132 2466 277 2501 autem
311 2459 538 2500 infinitivus
562 2472 658 2500 cum
682 2460 933 2500 accusativo

131 2517 426 2570 suspenditur.
497 2517 592 2560 Qua
646 2518 811 2559 ratione
859 2531 934 2571 pa-

133 2588 224 2616 rum
268 2579 498 2628 perspecta
542 2577 746 2617 acutulus
799 2587 936 2628 nuper

131 2631 307 2673 criticus
355 2632 496 2672 invitis
553 2632 680 2677 codd.
723 2638 823 2687 post
869 2631 939 2672 καὶ

134 2748 240 2788 tavit
280 2745 444 2799 ζητεῖν,
487 2748 586 2800 quia
631 2749 797 2790 scilicet
841 2760 938 2788 ver-

136 2806 238 2846 bum
272 2803 411 2856 ζητεῖν
456 2811 500 2846 et
530 2804 752 2857 ἀναζητεῖν
791 2805 831 2845 in
865 2819 938 2846 ea-

137 2862 234 2902 dem
278 2874 324 2902 re
368 2863 553 2915 positum
596 2865 653 2904 sit
691 2877 731 2918 p.
772 2862 842 2906 18.
889 2862 938 2903 B.

141 2926 185 2960 et
215 2934 256 2970 p.
290 2919 360 2962 19.
394 2919 445 2962 Β.

195 2974 283 3016 ὅτι
331 2974 650 3030 κατάδηλοι
689 3000 744 3007 --
786 2990 940 3031 προς·

138 3049 165 3072 π
182 3049 230 3073 οι
245 3050 268 3073 ο
285 3032 311 3074 η’
324 3050 352 3088 μ
367 3049 383 3074 ε
397 3048 450 3072 νο
465 3035 496 3090 ι]
532 3036 594 3076 De
625 3035 944 3075 constructione

137 3105 176 3133 v.
222 3091 274 3131 ad
319 3106 361 3145 p.
393 3091 466 3135 18.
509 3095 562 3133 A.
634 3091 738 3133 Mox
781 3091 941 3133 Hein-

136 3147 277 3191 dorf.
323 3149 595 3191 scribendum
653 3149 832 3202 putabat
867 3154 945 3202 μέν

136 3222 181 3245 τι
233 3206 397 3246 εἰδέναι,
482 3207 571 3250 Sed
621 3223 664 3246 τι
715 3206 846 3248 facile
892 3219 944 3247 ex

135 3264 343 3316 proximo
398 3261 521 3306 οὐδὲν
560 3263 736 3317 intelligi
782 3267 946 3317 potest,

138 3333 225 3361 nec
255 3321 296 3362 in
328 3321 456 3363 codd.
490 3336 592 3365 mss.
629 3322 835 3375 scriptum
870 3334 943 3363 ex-

141 3382 250 3418 stat.

1019 2066 1086 2100 est
1118 2073 1142 2100 a
1175 2060 1379 2100 militibus
1421 2059 1462 2099 iu
1509 2060 1603 2100 acie
1639 2061 1826 2100 colloca-

1018 2115 1094 2156 tis:
1135 2115 1208 2168 qui
1251 2117 1421 2168 quidem
1458 2116 1654 2157 dicuntur
1685 2118 1827 2161 ξυντε-

1019 2177 1237 2225 ταγμένως
1281 2173 1457 2226 aggredi
1491 2173 1660 2221 hostes,
1698 2186 1827 2225 quum

1019 2231 1110 2272 acie
1158 2230 1369 2271 instructa
1421 2243 1499 2271 eos
1562 2231 1829 2271 adoriuntur.

1020 2288 1168 2340 ltaque
1219 2287 1565 2342 ’ξυντεταγμένως
1606 2287 1740 2340 λέγειν
1786 2288 1830 2330 h,

1019 2347 1049 2386 l.
1085 2345 1281 2386 dicuntur
1313 2347 1513 2386 Socratis
1546 2346 1832 2386 calumniato-

1021 2416 1106 2451 res,
1136 2403 1206 2454 qui
1228 2404 1348 2453 quasi
1370 2406 1462 2444 acie
1495 2405 1704 2444 instructa
1736 2404 1764 2443 i.
1791 2417 1828 2443 e.

1022 2461 1220 2502 omnibus
1258 2461 1420 2514 paratis
1466 2474 1560 2502 eum
1611 2461 1831 2502 calumniis

1021 2516 1406 2571 aggrediebantur,
1443 2517 1484 2560 b.
1518 2532 1554 2561 e.
1588 2519 1661 2568 itu,
1694 2523 1740 2558 ut
1772 2519 1831 2558 vi·

1023 2576 1198 2616 deretur
1236 2575 1346 2617 inter
1391 2587 1469 2616 eos
1506 2575 1561 2617 de
1592 2576 1757 2628 optima
1790 2579 1834 2616 et

1025 2632 1321 2675 efficacissima
1349 2633 1635 2674 calumniandi
1668 2633 1834 2674 ratione

1024 2691 1294 2733 convenisse.
1366 2692 1515 2743 Atque
1560 2691 1658 2732 hinc
1701 2691 1832 2732 etiam

1026 2746 1303 2801 intelligitur,
1345 2759 1421 2788 cur
1462 2751 1661 2795 πιθανῶς
1697 2747 1834 2789 adda-

1026 2810 1116 2856 tur,
1160 2804 1197 2845 ll.
1237 2820 1276 2848 e.
1321 2809 1450 2858 apte
1502 2806 1567 2846 ad
1614 2818 1835 2860 persua·

1027 2862 1277 2905 dendum.
1329 2861 1417 2903 Sed
1441 2862 1721 2918 metaphorae
1755 2863 1835 2904 loci

1028 2933 1180 2974 parum
1230 2920 1459 2963 convenire
1512 2921 1681 2962 videtur
1729 2919 1835 2962 illud

1029 2976 1274 3031 ᾳιλότιμοι,
1307 2978 1420 3031 quod
1442 2977 1552 3019 haud
1591 2979 1752 3019 scimus
1784 2991 1837 3018 an

1031 3036 1279 3077 mutandum
1323 3036 1377 3075 sit
1420 3037 1462 3076 iu
1501 3035 1738 3089 φιλόνεικοι
1770 3036 1834 3076 vel

1031 3090 1259 3147 φιὶόνικοι.

1088 3147 1506 3204 ἐμπεπλήκασιν
1568 3149 1711 3204 ὑμῶν
1770 3148 1832 3189 τὰ

1030 3202 1172 3261 Ata]
1229 3208 1512 3261 Comparavit
1550 3208 1837 3249 lacobsius

1033 3266 1174 3308 Plat.
1216 3266 1370 3319 lysid.
1410 3279 1450 3320 p.
1482 3265 1581 3309 204.
1623 3264 1678 3305 C.
1718 3264 1838 3318 ἡμῶν

1034 3327 1145 3375 γοῦν
1166 3322 1424 3376 ἑκκεκωφωκε
1457 3323 1508 3362 τὰ
1540 3339 1631 3364 ωιιι
1664 3337 1733 3361 και
1764 3323 1839 3373 ἐμ-

1039 3379 1220 3432 πέπληκε
1284 3380 1498 3426 Λύσιδας.
1571 3380 1606 3421 ,h
1626 3391 1650 3420 u
1677 3379 1728 3420 ci
1750 3393 1772 3420 a
1795 3389 1836 3417 n.
