2222 3762
1725 143 1867 195 LIX

165 287 492 357 vestigatum
514 285 613 338 tibi
642 282 916 349 videatur3
945 292 1062 337 tum
1086 284 1143 336 in
1166 282 1451 336 universae
1480 282 1866 353 disputationis

166 358 337 412 forma
374 375 437 410 ac
474 356 839 426 descriptione
879 354 988 409 dici
1015 375 1126 408 non
1151 362 1335 425 potest
1373 361 1578 422 quanta
1615 355 1745 408 insit
1781 355 1866 408 vis

165 427 236 480 ad
272 428 571 499 legentium
608 428 815 480 animos
852 425 1164 498 capiendOS,
1204 425 1516 478 retinendos
1555 433 1609 477 et
1647 425 1717 478 ad
1752 427 1868 478 veri

163 499 530 571 investigandi
578 497 819 552 studium
869 497 1206 551 alliciendos
1280 495 1467 563 Quum
1523 497 1666 549 enim
1703 516 1866 568 argu-

165 579 405 623 mentum
431 569 767 641 singulorum
796 568 1134 641 dialogorum
1153 587 1319 621 unum
1342 568 1412 620 sit
1433 574 1593 637 atque
1617 568 1865 638 simplex,

167 642 454 711 omniaque
479 642 549 694 ad
575 660 741 693 unum
770 641 1109 710 eundemque
1137 641 1301 692 finem
1334 639 1654 707 referantur,
1685 647 1868 692 tamen
1939 684 1942 687 ,

166 711 300 781 quid
349 713 693 784 potissimum
739 720 1016 782 spectetur
1072 719 1127 764 et
1165 728 1424 781 quorsum
1461 709 1653 762 tendat
1689 712 1865 764 omnis

166 782 496 854 disputatio,
534 791 688 836 tanta
736 783 1054 854 plerumque
1101 790 1216 835 arte
1268 782 1599 834 occulta-tum
1656 790 1765 848 est,
1805 789 1868 835 ut

165 855 279 908 fere
314 854 427 908 non
461 857 731 927 possimus
756 855 860 908 nisi
887 854 1137 908 absoluta
1173 853 1340 906 totius
1373 853 1640 906 sermonis
1674 854 1868 906 lectio-

168 944 236 978 ne
298 944 363 978 ea
431 926 498 978 de
548 945 606 979 re
643 927 824 978 facere
861 925 1139 978 iudicium.
1214 923 1339 991 Quo
1377 925 1435 976 in
1472 943 1671 994 genere
1709 944 1867 978 nemo

169 1004 258 1050 est·
277 997 408 1067 quin
436 997 621 1050 videat
658 1015 820 1065 quam
843 995 1175 1048 admirabilis
1202 996 1272 1048 sit
1298 995 1546 1047 Platonis
1575 996 1866 1065 sapientia:

168 1069 264 1136 qui
301 1085 467 1137 quum
505 1069 722 1139 egregie
759 1067 1129 1137 perspexisset
1166 1065 1419 1134 colloquii
1453 1073 1719 1133 naturam,
1750 1086 1865 1133 eOS,

167 1156 305 1208 quos
339 1137 551 1205 inducit
587 1138 980 1207 colloquentes,
1020 1138 1096 1190 ita
1139 1137 1481 1208 disputantes
1517 1137 1665 1205 facit,
1699 1145 1762 1190 ut
1798 1138 1868 1190 ad

166 1217 575 1281 argumentum,
628 1209 694 1262 de
726 1229 853 1280 1quo
893 1209 1204 1277 disseritur,
1240 1208 1527 1260 videantur
1567 1212 1867 1262 accessisse

166 1280 630 1352 non-praeparati
679 1288 841 1349 atque
889 1279 1164 1348 meditati,
1222 1278 1319 1333 sed
1368 1279 1475 1347 ita,
1527 1287 1591 1332 ut
1627 1299 1761 1333 casu
1798 1280 1869 1333 ad

166 1351 303 1405 illud
316 1352 483 1405 delati
503 1353 787 1405 notionum
806 1370 953 1404 nunc
977 1352 1157 1422 ipsum
1169 1351 1225 1403 in
1245 1350 1424 1404 animo
1456 1351 1768 1404 obortarum
1784 1371 1868 1405 se-

166 1423 299 1476 riem
315 1422 488 1476 libera
508 1423 715 1495 ingenii
738 1423 1034 1494 agitatione
1062 1429 1478 1494 persequantur,
1497 1422 1692 1475 incerti
1710 1424 1867 1492 quasi

165 1493 470 1563 haerentes,
510 1513 668 1563 quem
693 1495 896 1547 exitum
927 1494 1181 1548 habitura
1210 1495 1282 1547 sit
1307 1493 1622 1564 disputatio.
1670 1494 1867 1563 Itaque

167 1584 556 1636 saepenumero
594 1566 1124 1636 princeps-quaestio
1150 1565 1371 1618 videtur
1396 1564 1598 1637 negligi
1627 1573 1682 1618 et
1718 1565 1867 1619 aliud

167 1636 381 1708 agendo
434 1637 681 1706 tractari,
731 1645 794 1690 ut
846 1638 1020 1706 qualis
1076 1637 1148 1690 sit
1193 1656 1302 1690 non
1354 1637 1536 1706 possit
1587 1638 1865 1709 cognosci,

165 1708 269 1761 nisi
311 1707 517 1780 dialogi
566 1716 789 1777 ornatu,
842 1708 1224 1779 disputationis
1271 1715 1394 1761 ortu
1447 1715 1502 1760 et
1550 1727 1865 1779 progressu,

165 1778 401 1848 denique
451 1780 786 1851 singularum
823 1780 1061 1849 partium
1094 1787 1364 1833 concentu
1403 1778 1696 1850 diligenter
1735 1799 1866 1834 con-

165 1850 421 1905 siderato.
496 1850 666 1904 Cuius
716 1851 933 1904 artificii
984 1852 1124 1905 ratio
1181 1871 1347 1922 quum
1396 1851 1580 1904 multis
1635 1851 1867 1905 obscura

163 1923 327 1975 fuerit
359 1941 537 1992 neque
570 1921 862 1994 diligenter
889 1922 1284 1991 animadversa,
1311 1923 1502 1993 paucis
1540 1922 1868 1976 illustranda>

163 1992 408 2063 videtur,
447 2002 508 2047 ut
543 1993 749 2047 tirones
789 2002 998 2047 mature
1035 1993 1108 2047 ad
1145 2014 1264 2047 eam
1302 1994 1538 2046 animum
1576 1993 1861 2047 advertere

165 2073 542 2119 consuescant.
628 2066 847 2118 Etenim
911 2085 1034 2119 cum
1096 2065 1352 2137 primario
1402 2064 1664 2134 consilio,
1719 2065 1868 2136 quod

165 2135 222 2188 in
274 2136 503 2207 singulis
546 2137 885 2189 sermonibus
925 2144 1145 2190 secutus
1184 2145 1301 2203 est,
1354 2136 1714 2207 philosophus
1752 2135 1866 2190 fere

167 2205 274 2258 alia
321 2208 482 2260 etiam
533 2207 816 2260 coniunxit
847 2207 1036 2278 plura,
1078 2226 1215 2276 quae
1255 2208 1501 2276 quamvis
1541 2208 1758 2277 saepius
1797 2207 1866 2262 ab

163 2273 257 2330 illo
306 2278 482 2331 aliena
516 2278 857 2347 maximeque
910 2278 1126 2332 diversa
1162 2277 1483 2346 videantur,
1524 2285 1703 2331 tamen
1743 2298 1867 2332 cum

165 2347 260 2401 illo
310 2350 434 2420 ipso
484 2349 785 2402 arctissime
833 2350 1124 2403 coniuncta
1177 2357 1306 2402 sunt
1356 2349 1604 2418 adeoque
1643 2349 1715 2402 ad
1751 2350 1866 2404 eius

169 2418 584 2490 explicationem
657 2428 821 2489 atque
885 2421 1303 2474 illustrationem
1360 2421 1686 2474 necessaria.
1772 2420 1867 2476 Sic

166 2489 224 2543 in
298 2490 525 2544 Critone
601 2489 880 2544 Socratem
959 2491 1260 2545 defendens
1333 2492 1399 2545 ab
1465 2491 1559 2545 illo
1623 2492 1864 2561 crimine,

168 2580 277 2631 quo
314 2562 535 2616 iuvenes
572 2562 650 2614 ita
686 2563 996 2633 corrupisse
1037 2564 1340 2631 ferebatur,
1389 2571 1451 2617 ut
1497 2563 1712 2634 legibus
1765 2584 1866 2635 pu-

164 2633 322 2686 blicis
358 2641 674 2688 recusarent
709 2633 1092 2703 obedientiam,
1120 2635 1282 2688 simul
1318 2634 1424 2688 hoc
1462 2634 1596 2706 agit,
1625 2642 1687 2688 ut
1722 2635 1865 2690 bono

166 2704 285 2757 viro
333 2704 390 2758 in
426 2705 572 2758 omni
613 2705 754 2758 vitae
793 2706 1107 2760 conditione
1145 2706 1411 2760 iustitiam
1448 2706 1770 2760 servandam
1811 2714 1867 2760 et

165 2775 380 2847 legibus
427 2777 634 2847 patriae
687 2776 1096 2846 obsequendum
1145 2796 1261 2831 esse
1299 2777 1510 2830 doceat.
1586 2778 1653 2830 In
1686 2778 1865 2831 Phae—

167 2845 310 2900 done
328 2855 709 2918 praeterquam
730 2848 877 2916 quod
897 2849 1319 2902 immortalitatis
1340 2848 1504 2902 fidem
1526 2850 1864 2918 argumentis

168 2918 482 2986 confirmat,
520 2937 629 2972 non
679 2919 853 2973 solum
904 2920 1038 2973 alios
1088 2919 1354 2989 quosdam
1405 2919 1684 2974 doctrinae
1733 2940 1864 2975 suae

166 2988 319 3043 locos
356 2990 611 3060 explicat,
650 2990 748 3043 sed
786 2991 948 3044 etiam
977 2990 1219 3046 Socratis
1254 2992 1535 3045 morientis
1573 2992 1865 3064 imaginem

170 3067 294 3112 ante
343 3062 532 3114 oculos
578 3061 874 3132 legentium
910 3062 1082 3133 ponit.
1156 3063 1222 3116 In
1259 3063 1413 3117 libris
1453 3062 1522 3116 de
1560 3063 1865 3134 Republica

166 3131 326 3184 facile
363 3132 627 3203 ambigaS,
655 3139 835 3185 utrum
859 3133 927 3186 de
955 3134 1165 3186 iustitia
1202 3141 1257 3187 et
1291 3135 1491 3188 virtute
1527 3134 1854 3206 disputetur,

168 3220 237 3255 an
285 3201 352 3256 de
400 3203 604 3275 optima
653 3203 901 3274 civitate,
941 3206 1094 3259 cuius
1141 3206 1323 3278 imago
1366 3205 1634 3275 quaedam
1671 3205 1859 3259 adum*

167 3272 371 3327 bratur.
445 3273 557 3329 Sed
585 3293 694 3327 non
731 3283 818 3329 est
854 3275 1001 3346 quod
1036 3276 1196 3348 plura
1231 3276 1392 3331 huius
1429 3277 1579 3331 modi
1615 3276 1863 3346 exempla

167 3362 665 3414 commemoremus,
706 3365 842 3415 quae
881 3367 909 3400 e
948 3347 1177 3419 singulis
1216 3348 1328 3402 fere
1356 3348 1601 3403 Platonis
1642 3346 1859 3416 scriptis
