2158 3718
355 147 481 184 LXII
967 140 1410 181 PROLEGOMENA

392 271 574 325 erfecti
617 270 936 342 philosophi,
985 269 1077 337 qui
1112 269 1167 320 in
1203 269 1322 339 ipsa
1357 269 1465 322 vita
1501 276 1761 332 versetur,
1807 268 2034 343 legenti-

274 348 280 354 ‘
352 293 453 396 bus
498 351 622 395 ante
668 341 849 395 oculos
899 340 1029 411 poni
1084 339 1431 392 existimanda
1478 341 1559 393 sit.
1621 339 1851 410 Etiamsi
1895 341 2035 394 enim

350 413 684 485 philosophia
719 411 959 464 Platonis
994 409 1192 462 iudicio
1228 410 1462 464 cernitur
1495 412 1551 464 in
1576 419 1834 482 perpetuo
1858 410 2037 464 studio

350 484 639 556 sapientiae
677 492 834 551 atque
872 480 1130 534 acerrima
1154 481 1595 553 redintegrandae
1619 482 1862 534 idearum
1899 501 2029 553 cog,-

351 555 567 609 nitionis
615 552 921 624 cupiditate,
972 551 1211 620 adeoque
1256 551 1393 604 hanc
1429 552 1536 606 vim
1569 552 1747 616 habet,
1785 562 1845 605 ut
1869 553 1962 622 qui
1987 553 2035 605 ei

350 627 560 680 deditus
608 625 697 686 sit,
753 623 799 675 is
848 631 901 674 et
945 630 1191 674 aeternae
1239 621 1458 676 rationis
1512 622 1812 694 praeceptis
1860 641 2037 692 usque

351 698 680 766 obtemperet
724 702 777 746 et
821 712 876 745 se
917 692 1129 746 virtutis
1177 711 1240 745 ac
1279 692 1569 763 sapientiae
1606 713 1783 747 amore
1819 694 2036 748 beatum

348 786 468 821 esse
516 765 730 829 sentiat,
787 772 962 816 tamen
1005 782 1104 816 nec
1149 763 1449 817 Alcibiadis
1491 765 1730 819 oratione
1775 765 2036 819 eiusmodi

349 836 606 909 sapientis
649 835 937 905 imaginem
981 833 1254 894 informari
1289 834 1644 899 meminimus,
1683 853 1820 904 quae
1854 837 2035 907 potius

345 910 401 961 in
449 925 576 961 vero
621 924 984 979 germanoque
1034 903 1256 958 Socrate
1302 905 1640 978 depingendo
1683 906 1886 959 versari
1910 906 2035 959 eiri-

348 978 611 1034 stimanda
656 986 752 1042 est,
809 995 909 1029 nec
952 977 1166 1029 omnino
1211 975 1268 1028 in
1314 973 1600 1047 Symposio
1642 976 1701 1030 id
1744 995 1921 1029 unum
1947 977 2037 1048 agi

344 1059 613 1122 putamUS,
650 1056 711 1101 ut
744 1046 1046 1119 philosophi
1081 1047 1185 1101 isto
1221 1047 1380 1100 modo
1415 1046 1682 1100 informati
1708 1048 1914 1118 species
1939 1047 2037 1101 de-

344 1120 615 1192 pingatur.
672 1117 1037 1185 Quamobrem
1074 1118 1345 1188 aliquanto
1383 1126 1524 1171 certe
1558 1117 1919 1189 probabiliora
1951 1118 2035 1172 vi-

345 1193 556 1256 dentur,
597 1208 734 1260 quae
771 1188 1004 1242 breviter
1039 1189 1272 1258 quidem,
1311 1189 1407 1242 sed
1429 1207 1690 1260 perquam
1713 1197 1867 1242 acute
1905 1190 2035 1242 scri-

386 1263 453 1317 sit
495 1261 600 1314 Fr.
644 1257 880 1314 Astius
924 1259 1012 1313 De
1055 1260 1168 1313 vita
1211 1268 1266 1312 et
1310 1259 1522 1330 scriptis
1565 1259 1776 1314 Platon.
1820 1279 1876 1331 p.
1913 1260 2034 1313 309.

390 1332 621 1404 ymposii
675 1350 935 1384 summam
993 1349 1056 1384 eo
1103 1330 1331 1399 denique
1383 1330 1556 1383 redire
1603 1330 1917 1395 arbitratus,
1973 1340 2036 1382 ut

342 1424 502 1458 verus
538 1420 930 1475 germanusque
974 1420 1123 1455 amor
1159 1411 1429 1470 tamquam
1474 1402 1602 1455 viva
1637 1410 1690 1454 et
1724 1401 2035 1454 immortalis

341 1474 681 1547 philosophia
718 1473 1067 1536 describatur,
1104 1483 1241 1541 quae
1277 1471 1536 1524 referatur
1560 1472 1630 1524 ad
1652 1481 1925 1525 aeternam
1948 1471 2034 1524 di-

346 1547 630 1615 vinamque
685 1543 1096 1616 pulcritudinem
1150 1553 1310 1611 atque
1355 1562 1512 1595 verae
1560 1542 1786 1596 virtutis
1820 1543 2034 1596 laudem

341 1618 672 1688 propositam
709 1615 904 1668 habeat
943 1614 1046 1684 (die
1084 1615 1222 1667 echte
1257 1613 1425 1666 Liebe
1463 1616 1543 1666 als
1581 1616 1666 1667 die
1685 1615 2034 1667 unsterbliclze

340 1688 684 1759 Philosopkie
732 1686 1105 1750 darzustellen,
1154 1687 1312 1738 deren
1354 1685 1539 1738 Zweclc
1585 1686 1876 1757 waler-haste
1927 1686 2033 1737 Tu-

337 1760 696 1830 qendbildunq
743 1759 855 1809 und
901 1759 1060 1809 deren
1105 1752 1441 1827 Geyenstand
1477 1757 1560 1808 die
1595 1756 2033 1827 unveryc'inyliche

339 1829 696 1884 ziberirdische
737 1827 1017 1880 Scho'nlzeit
1059 1826 1171 1896 ist).
1250 1825 1456 1896 Nempe
1505 1835 1745 1896 spectant
1796 1827 2034 1899 profecto

340 1901 516 1954 omnia
551 1901 607 1953 in
647 1896 935 1969 Symposio
971 1898 1202 1967 denique
1238 1897 1308 1950 ad
1343 1897 1643 1951 divinarum
1678 1916 1856 1950 rerum
1882 1916 2030 1950 amo-

341 1991 454 2025 rem
491 1972 709 2039 eiusque
748 1969 984 2023 studium
1018 1968 1411 2040 informandum
1435 1975 1592 2037 atque
1618 1968 2032 2040 depingendum.

343 2042 533 2112 Neque
582 2051 759 2094 tamen
805 2040 1042 2093 Astius
1094 2039 1184 2093 illo
1238 2040 1395 2092 effato
1451 2057 1546 2092 suo
1595 2039 1903 2109 complexus
1952 2051 2034 2092 est

341 2114 535 2178 omnia,
584 2131 719 2182 quae
768 2111 838 2164 ad
871 2110 1129 2178 iudicium
1167 2109 1233 2163 de
1270 2118 1381 2164 toto
1417 2128 1578 2180 opere
1614 2109 1907 2181 prudenter
1940 2129 2028 2162 re-

339 2185 575 2258 gendum
610 2182 912 2236 necessario
947 2181 1283 2253 respicienda
1321 2189 1468 2245 sunt3
1518 2177 1696 2250 neque
1728 2180 1890 2234 etiam
1925 2180 2034 2234 ullo

340 2255 496 2309 modo
560 2253 883 2318 declaravit,
938 2271 1223 2322 quamnam
1274 2260 1488 2323 putaret
1545 2252 1681 2305 inter
1738 2251 2030 2306 orationem

344 2325 583 2380 Socratis
630 2333 701 2378 et.
726 2323 1028 2378 Alcibiadis
1080 2323 1404 2385 intercedere
1451 2322 1898 2376 necessitudinem
1941 2332 2031 2376 aut

339 2399 550 2467 qualem
596 2404 858 2449 statueret
901 2395 1134 2465 quinque
1178 2394 1418 2465 priorum
1454 2393 1750 2447 orationum
1786 2412 1908 2447 cum
1943 2412 2029 2447 re·-

337 2468 483 2538 liquo
526 2486 689 2538 opere
734 2485 934 2520 nexum
978 2474 1031 2520 et
1067 2465 1472 2519 cohaerentiam.
1531 2462 1872 2534 Quamquam
1909 2483 2030 2517 eum

336 2540 454 2592 iure
482 2537 751 2609 ‘suspicari
784 2536 910 2591 licet
934 2555 1055 2590 cum
1084 2534 1708 2589 Schleiermachero
1742 2535 2027 2606 plurimum

339 2609 592 2662 tribuisse
628 2608 852 2662 orationi
887 2606 1204 2669 Alcibiadis,
1253 2625 1417 2675 quum
1451 2607 1535 2670 iis,
1572 2625 1707 2675 quae
1745 2623 1908 2674 supra
1942 2624 2027 2658 re-

341 2681 574 2742 tulimUS,
611 2678 794 2748 paullo
830 2685 951 2748 post
987 2677 1322 2729 subiunxerit
1355 2676 1511 2729 haec:
1551 2678 1672 2738 „Im
1710 2675 2027 2747 Symposion

339 2751 476 2802 wir-d
512 2753 606 2802 der
640 2749 927 2801 vollendete
962 2747 1182 2799 Men-solz
1227 2747 1384 2799 selbst
1414 2747 1730 2817 yesclzildert
1765 2747 1846 2798 als
1880 2746 2027 2799 Ero-

340 2821 472 2872 tilcer
508 2821 620 2871 und
658 2815 955 2870 Weise2·.''‘'
975 2813 1086 2869 Sed
1132 2816 1406 2870 transiisse
1449 2816 1656 2870 iuvabit
1691 2816 1762 2868 ad
1805 2817 2025 2870 aliorum

339 2908 550 2960 quoque
594 2889 829 2941 virorum
872 2887 1146 2940 doctorum
1188 2886 1409 2951 iudicia,
1467 2906 1691 2956 quorum
1739 2888 2030 2940 auctoritas

338 2961 397 3013 in
440 2961 542 3014 hac
585 2977 774 3012 caussa
814 2977 919 3012 non
963 2966 1157 3011 temere
1198 2958 1519 3028 negligenda
1563 2967 1658 3012 est..
1730 2957 1949 3011 Etenim
1993 2978 2026 3010 a

343 3027 940 3085 Schleiermacheri
975 3028 1175 3082 ratione
1211 3048 1461 3099 magnam
1494 3038 1636 3082 certe
1660 3038 1867 3100 partem
1931 3047 2024 3081 en-

342 3102 433 3155 det
477 3101 639 3155 etiam
673 3099 741 3153 L.
778 3099 822 3153 I.
861 3099 1259 3163 Rficke1·tuS‚
1308 3100 1551 3168 quamvis
1595 3101 1652 3152 in
1697 3099 1814 3152 aliis
1857 3048 1928 3152 ab
1962 3117 2024 3152 eo

341 3173 558 3227 recedat
593 3171 916 3243 longissime.
953 3169 1011 3223 Is
1035 3171 1175 3223 enim
1198 3171 1253 3224 in
1279 3171 1406 3224 edit.
1433 3169 1656 3224 Conviv.
1681 3170 1819 3223 Plat.
1845 3189 1898 3241 p.
1920 3171 2023 3222 218

344 3262 464 3314 sqq.
507 3243 782 3296 Platonem
839 3250 1020 3295 censet
1062 3242 1117 3294 in
1164 3239 1447 3313 Symposio
1503 3242 1602 3295 sub
1647 3259 1874 3312 persona
1920 3237 2021 3293 So-

339 3316 500 3368 cratis
555 3313 895 3385 proposuisse
947 3313 1231 3383 imaginem
1285 3312 1579 3384 philosophi
1634 3312 1773 3364 omni
1826 3311 2026 3365 virtute
