2158 3718
402 129 506 179 130

1043 127 1459 178 PLATole

400 269 584 341 ἐπειδὴ
627 275 685 329 δὲ
731 276 1060 340 ἐδείπνησαν
1074 311 1089 337 ,
1135 270 1613 342 προςαιτήσουσα,
1672 271 1797 330 οἷον
1840 268 1908 340 δὴ
1954 271 2088 330 εὐω-

402 362 530 429 χίας
572 352 766 425 οὕσης,
823 356 1057 431 ἀφίκετο
1099 351 1135 421 ἡ
1180 357 1363 410 Πενία
1414 361 1508 412 καὶ
1551 349 1621 424 ἦν
1664 359 1786 430 περὶ
1831 353 1932 422 τὰς
1975 356 2091 414 θύ-

402 463 523 515 ρας.
573 438 603 497 ὁ
663 434 765 497 οὖν
822 438 1015 512 Πόρος
1070 441 1388 507 μεθυσθεὶς
1441 444 1540 497 τοῦ
1587 446 1879 512 νέκταρος,
1938 441 2091 507 οἶνος

402 522 511 601 γὰρ
555 521 707 581 οὔπω
753 516 854 596 ἦν,
900 530 975 589 εὶς
1018 519 1119 580 τὸν
1163 525 1262 579 τοῦ
1305 520 1434 588 Διὸς
1475 527 1655 593 κῆπον
1696 520 1961 590 εὶςελθών
1999 527 2090 598 βε·

520 698 1007 759 προςαιτῆσουσα]
1062 701 1189 743 Bodl.
1234 702 1331 744 Vat.
1353 699 1405 744 A.
1464 705 1644 756 Ang,w.
1684 704 1922 759 προςαιτῆς
1962 699 2092 759 οὖσα,

403 762 522 817 quod
552 773 970 812 commemoramus,
1005 765 1054 802 ut
1083 765 1312 814 apparent,
1353 771 1479 814 quam
1512 761 1648 803 amice
1684 775 1815 817 saepe
1841 762 1882 806 hi
1915 763 2091 806 codices

404 822 473 863 vel
509 820 549 862 in
581 818 741 874 apertis
777 820 996 861 erroribus
1027 817 1313 860 consentiant.

402 961 457 1004 ΙΙ.
476 959 626 1016 ρ.826.
649 960 804 1002 Dama
822 960 992 1003 scium
1011 961 1108 1015 περὶ
1129 955 1209 1013 ἆρ-

400 1024 489 1073 χῶν
511 1033 552 1074 p.
568 1017 669 1063 302.
694 1017 761 1061 ed.
778 1017 919 1072 Kopp.
953 1019 1036 1062 Qui
1057 1031 1208 1072 quem-

406 1075 640 1119 admodum
671 1088 756 1117 non
787 1088 871 1117 uno
895 1076 1024 1119 modo
1046 1076 1100 1118 de
1131 1074 1209 1117 hac

405 1135 651 1176 narratione
697 1138 914 1184 statuunt,
969 1135 1029 1176 ita
1077 1147 1131 1176 ne
1181 1134 1207 1175 ii

405 1191 610 1245 quidem,
642 1191 714 1243 qui
745 1192 1058 1234 recentioribus
1094 1198 1207 1234 tem-

406 1249 586 1304 poribus
644 1261 740 1290 eam
798 1249 1013 1292 illustrare
1065 1249 1206 1290 conati

407 1311 529 1358 sunt,
561 1307 670 1348 inter
702 1319 749 1347 se
780 1308 1063 1349 consentiunt.
1107 1306 1204 1351 Vid.

406 1369 579 1420 praeter
640 1363 774 1413 alios,
844 1375 955 1416 quos
1015 1363 1206 1407 laudavit

408 1423 625 1473 Astius,
662 1421 1050 1473 Sydenliamus
1088 1421 1203 1475 apud

407 1479 607 1521 Wolfium
638 1492 678 1532 p.
701 1477 755 1521 75
786 1491 906 1532 sqq,
941 1480 1094 1533 quibus
1125 1478 1204 1521 ad-

404 1537 557 1579 dantur
612 1535 1026 1579 Mendelssolun.
1070 1537 1201 1590 Oper.

404 1594 558 1648 philos.
583 1592 635 1636 T.
659 1594 690 1635 1.
709 1592 857 1646 p.148.
893 1593 1199 1647 schelling.

404 1653 595 1693 Brunon.
627 1664 668 1704 p.
704 1650 783 1695 188
813 1664 861 1704 sq
919 1653 1118 1693 Astius
1147 1650 1202 1692 ad

404 1708 444 1751 h.
465 1710 489 1752 l.
526 1708 792 1750 Albertus
821 1707 1061 1761 Iahnius,
1096 1709 1205 1750 Ber-

405 1779 483 1807 nas
510 1765 762 1814 Helvetius,
795 1766 1018 1807 Dissertat.
1053 1767 1205 1809 Plato-

405 1823 515 1874 nica,
546 1836 630 1876 qua
662 1828 750 1864 tum
784 1822 838 1864 de
869 1837 1024 1866 caussa
1055 1829 1099 1866 et
1128 1836 1205 1866 na-

406 1885 506 1923 tura
524 1879 765 1934 mythorum
785 1880 1105 1923 Platonicorum
1138 1882 1205 1923 di-

408 1943 627 1992 sputatur,
658 1943 746 1981 tum
778 1938 946 1991 mytilus
978 1939 1032 1980 de
1069 1942 1206 1980 Amo-

406 1997 464 2039 ris
494 2001 606 2046 ortu,
639 2001 758 2037 sorte
789 2001 833 2038 et
859 1996 1002 2038 indole
1021 1997 1062 2038 in
1087 1997 1204 2038 Con-

406 2054 520 2097 vivio
560 2054 756 2095 narratus
794 2054 1041 2107 explicatur.
1093 2054 1204 2095 Ber-

408 2123 490 2153 nae
533 2110 654 2155 1839.
692 2110 734 2154 8.
776 2111 934 2152 Gnst.
986 2111 1203 2154 Schwa-

407 2170 538 2210 nitz.
554 2168 789 2210 Observatt
816 2170 856 2210 in
870 2169 1065 2211 Platonis
1087 2170 1204 2211 Con-

405 2227 486 2268 viv.
509 2227 688 2276 Isenaci,
711 2225 832 2270 1842.
867 2225 906 2268 4.
941 2226 1115 2268 Sonim
1132 2239 1203 2268 er.

403 2283 492 2326 len.
521 2283 605 2325 Lit.
639 2283 750 2325 Zeit.
784 2297 821 2325 a.
858 2283 980 2329 1844.
1019 2283 1071 2327 Ν.
1103 2283 1203 2328 249.

405 2347 450 2383 et
478 2340 578 2385 250.
639 2341 724 2384 Qui
755 2354 906 2383 omnes
937 2342 979 2383 in
1010 2341 1205 2383 diversas

402 2403 552 2454 partes
581 2397 918 2452 disputaverunt.
977 2399 1069 2441 Nos
1102 2411 1206 2441 vero

403 2455 593 2498 nondum
642 2457 839 2510 poenitet
874 2470 1050 2509 eorum,
1093 2469 1205 2510 quae

402 2518 503 2556 ante
555 2512 633 2555 lios
686 2513 834 2568 viginti
883 2513 1018 2560 ferme
1068 2527 1204 2556 annos

405 2570 460 2613 de
496 2584 545 2613 te
588 2572 775 2613 maxime
821 2576 1103 2614 controversa
1147 2571 1202 2613 ad

403 2626 444 2669 h.
487 2630 512 2670 1.
558 2629 835 2670 commentati
871 2641 1042 2681 sumus,
1091 2642 1203 2682 quae

403 2684 575 2736 quidem
593 2686 719 2726 etiam
734 2698 844 2726 nunc
865 2691 1062 2739 repetere
1081 2690 1200 2727 tanto

402 2742 538 2794 magis
578 2742 714 2793 lubet,
757 2741 870 2794 quod
910 2755 961 2782 ea
993 2755 1077 2783 non
1108 2743 1201 2783 sine

402 2798 562 2839 laetitia
629 2798 1004 2840 animadvertimus
1071 2799 1199 2840 etiam

402 2853 482 2896 Ed
538 2854 772 2896 Zellero
817 2855 858 2896 in
907 2855 1035 2897 libroz
1101 2855 1200 2898 Die

401 2888 764 2965 Philosophie
787 2911 1198 2965 derGriechen,

402 2968 498 3011 Vol.
530 2968 585 3011 11.
615 2982 656 3023 p.
683 2968 763 3013 167
791 2981 884 3023 sqq.
918 2970 1065 3012 eximie
1097 2983 1198 3024 pro-

401 3026 504 3068 bata
542 3039 655 3069 esse.
726 3025 836 3067 Sunt
891 3031 1035 3069 autem
1077 3027 1196 3070 haec.

402 3084 593 3127 Primum
643 3082 817 3136 quidem
865 3089 1045 3137 apparet
1091 3084 1199 3127 lianc

401 3141 583 3183 fabulam
623 3154 675 3183 eo
714 3140 892 3182 consilio
934 3154 1032 3184 esse
1061 3142 1199 3184 inser-

399 3203 514 3251 tam,
579 3202 627 3240 ut
686 3198 839 3240 clarius
888 3198 1198 3252 intelligeretur

400 3255 517 3309 quod
577 3260 703 3299 antea
764 3254 931 3298 dixerat
989 3255 1196 3310 Diotima,

399 3314 602 3356 Amorem
633 3312 820 3356 medium
854 3325 953 3356 esse
981 3312 1092 3356 inter
1120 3314 1199 3358 de—

399 3382 450 3412 os
502 3374 631 3423 atque
679 3369 874 3413 homines
921 3369 1107 3424 ideoque
1156 3371 1196 3414 in

1290 970 1471 1000 numero
1503 957 1758 1002 daemonum
1792 958 1935 1003 haberi
1959 975 2094 1016 opor-

1292 1020 1402 1058 tere.
1466 1016 1683 1060 Quocirca
1712 1023 1759 1060 ut
1789 1023 1979 1072 pateret,
2021 1020 2092 1074 qui

1290 1073 1452 1116 factum
1485 1079 1616 1126 esset,
1645 1079 1695 1116 ut
1724 1082 1876 1117 natura
1906 1077 1994 1118 eius
2025 1077 2090 1118 in-

1291 1135 1358 1173 ter
1404 1131 1639 1185 perfectam
1701 1138 1745 1174 et
1795 1133 2093 1188 imperfectam

1290 1188 1476 1230 medium
1523 1189 1645 1242 quasi
1705 1192 1846 1232 locum
1906 1195 2091 1245 teneret,

1288 1245 1567 1300 philosophus
1598 1259 1696 1289 eum
1727 1247 1859 1290 filium
1879 1261 1978 1290 esse
2001 1249 2091 1290 ius-

1292 1304 1349 1344 sit
1394 1304 1498 1345 Pori
1551 1308 1596 1346 et
1635 1305 1821 1353 Peniae,
1861 1305 1997 1347 Consi
2047 1311 2093 1349 et

1291 1361 1583 1415 Paupertatis.
1643 1362 1741 1405 Qua
1759 1361 1932 1415 quidem
1952 1363 2093 1405 fictio-

1290 1431 1344 1460 ne
1384 1418 1488 1471 quid
1519 1419 1808 1472 significetur,
1853 1420 2003 1474 partim
2037 1434 2092 1464 ex
2156 1449 2158 1454 .

1291 1489 1344 1517 eo
1374 1476 1638 1529 intelligitur,
1675 1476 1792 1529 quod
1821 1477 1962 1518 Porus
1992 1477 2091 1520 Me-

1289 1532 1389 1574 tidis
1406 1534 1517 1574 filius
1540 1538 1736 1585 vocatur,
1750 1534 1901 1588 partim
1919 1534 2092 1589 exinde,

1289 1590 1406 1642 quod
1431 1590 1564 1632 Penia
1594 1597 1775 1632 vocatur
1809 1591 1861 1632 ου’
1884 1590 1992 1646 σοφὴ
2021 1592 2092 1633 καὶ

1289 1646 1470 1702 ἄπορος.
1531 1648 1702 1690 Etenim
1738 1648 1884 1690 Porus
1917 1650 2092 1692 Amoris

1288 1710 1412 1759 pater
1443 1719 1540 1748 esse
1571 1705 1748 1759 dicitur,
1790 1707 1888 1760 quia
1926 1706 1995 1749 hic
2024 1708 2092 1750 in-

1290 1763 1475 1804 satiabili
1515 1763 1703 1816 quodam
1755 1765 1978 1818 pulcrioris
2017 1777 2091 1806 sa-

1288 1821 1593 1875 pientiorisque
1633 1821 1746 1863 vitae
1775 1826 1944 1864 tenetur
1975 1821 2092 1864 desi-

1290 1877 1409 1920 derio
1449 1876 1646 1931 adeoque
1687 1878 1827 1921 omnia
1866 1884 2005 1921 tentat
2046 1884 2093 1922 et

1289 1935 1522 1989 experitur,
1554 1949 1640 1989 quo
1671 1935 1724 1977 ad
1747 1937 1882 1990 pulcri
1913 1941 1957 1979 et
1987 1937 2090 1979 boni

1287 1993 1609 2047 possessionem
1641 1993 1860 2047 perveniat
1888 1995 1952 2046 (v.
1981 1994 2091 2036 infra

1288 2051 1340 2093 D.
1375 2051 1446 2091 ubi
1477 2049 1694 2106 πόριμος,
1725 2051 1889 2092 consilii
1916 2056 2088 2105 potens,

1287 2107 1514 2163 vocatur)=
1556 2109 1689 2151 Penia
1717 2113 1864 2150 autem
1896 2108 2091 2152 eiusdem

1288 2171 1427 2208 mater
1466 2170 1559 2218 est,
1600 2166 1701 2219 quia
1739 2165 1855 2219 quod
1891 2166 2091 2220 cupitae

1289 2222 1533 2275 desiderat,
1574 2223 1616 2264 id
1656 2224 1749 2278 ipse
1778 2235 1863 2265 non
1892 2222 2088 2278 possidet

1288 2281 1485 2334 adeoque
1511 2282 1671 2323 multos
1706 2280 1804 2322 ideo
1834 2280 1997 2334 perfert
2026 2283 2090 2323 la-

1290 2340 1420 2380 bores
1465 2342 1593 2391 atque
1641 2350 1890 2380 aerumnas:
1939 2351 2090 2381 carere

1292 2396 1404 2438 enim
1437 2394 1659 2437 dicebatur
1699 2401 1827 2438 antea
1856 2396 2005 2450 pulcro
2036 2409 2089 2438 ac

1289 2454 1430 2505 bono,
1472 2457 1519 2494 ut
1559 2453 1673 2507 quod
1703 2458 1914 2507 perpetuo
1945 2457 2092 2496 secta-

1289 2517 1420 2553 retur.
1482 2511 1606 2554 Quae
1627 2523 1757 2564 quum
1780 2512 1840 2554 ita
1862 2510 1962 2563 sint,
1992 2516 2089 2553 tan·

1286 2573 1377 2610 tum
1408 2568 1550 2620 abest,
1580 2574 1628 2610 ut
1656 2569 1834 2622 cogitari
1863 2567 2003 2622 possit
2031 2567 2088 2610 de

1286 2626 1454 2679 placitis
1485 2624 1685 2678 Orphicis
1715 2630 1847 2678 atque
1878 2623 2083 2677 mysticis,

1285 2687 1350 2733 ut,
1381 2682 1462 2723 nisi
1493 2681 1606 2723 forte
1637 2683 1836 2723 consulto
1867 2682 2085 2724 caecutire

1284 2739 1444 2792 cupias,
1475 2738 1749 2780 manifestum
1780 2751 1880 2781 esse
1909 2738 2084 2791 debeat,

1284 2796 1447 2837 Porum
1488 2796 1587 2849 fingi
1624 2808 1780 2838 numen
1811 2795 1985 2849 aliquod
2015 2795 2084 2838 di·-

1284 2853 1449 2905 vinum,
1479 2866 1610 2894 verae
1640 2853 1959 2907 pulcritudinis,
2003 2853 2085 2896 bo-

1283 2910 1453 2962 nitatis,
1493 2912 1751 2964 sapientiae,
1801 2911 1923 2952 cuius
1966 2910 2083 2953 desi-

1283 2967 1404 3009 derio
1459 2972 1668 3023 perpetuo
1710 2971 1846 3011 Amor
1893 2972 2081 3021 tenetur,

1283 3038 1419 3079 capax
1458 3041 1461 3045 ·
1489 3025 1591 3067 illud
1659 3030 1788 3079 atque
1847 3026 2079 3079 particeps,

1281 3083 1468 3136 ideoque
1494 3082 1667 3125 Metidis
1685 3083 1819 3125 filium
1849 3083 2078 3137 appellarit

1281 3140 1461 3183 Peniam
1493 3146 1638 3182 autem
1669 3140 1886 3182 informari
1927 3141 2082 3181 mulie-

1281 3210 1400 3245 rem,
1445 3198 1704 3240 coelestibus
1744 3198 1826 3239 illis
1870 3197 2077 3252 pulcritu-

1282 3255 1414 3308 dinis,
1472 3255 1703 3306 bonitatis,
1759 3255 2079 3310 sapientiaeque

1280 3312 1404 3356 bonis
1443 3325 1619 3367 prorsus
1662 3311 1914 3355 destitutam
1954 3310 2078 3354 ideo-

1279 3382 1364 3424 que
1391 3369 1578 3424 inopem.
1617 3369 1761 3414 Quum
1795 3370 1924 3424 igitur
1942 3371 2077 3412 Amor
