2158 3718
344 198 416 247 το
979 193 1397 262 PLA'role

342 335 566 407 ι’έλληλοιΙ
588 342 713 395 ’τῶν
756 338 1023 394 τοιούτων
1049 340 1291 406 γίγνεται
1314 339 1597 410 ἐρωτικῶν,
1641 330 1719 393 ὧν
1750 335 2015 409 ἐπιστήμη

345 428 467 496 περὶ
508 421 728 495 ἄστρων
790 444 847 477 τε
891 419 1073 497 φορὰς
1117 424 1211 476 καὶ
1253 425 1517 477 ἐνιαυτῶν
1559 420 1708 494 ὥρας
1749 422 2019 495 ἀστρονο-

345 513 458 579 μία·
489 508 750 564 καλεῖται.ι
819 502 942 561 ’Έτι
983 509 1175 562 τοίνυν
1216 511 1307 561 καὶ
1337 510 1535 561 θυσίαι
1578 510 1756 562 πᾶσαι
1798 510 1889 562 καὶ
1935 506 2018 572 οἷς

343 590 580 665 μαντικὴ
624 599 898 646 ἐπιστατεῖ
943 620 1024 631 --
1067 593 1246 645 ταῦτα
1295 588 1346 645 δ’
1413 594 1557 645 ἐστὶν
1601 589 1633 658 ἡ
1679 595 1800 662 περὶ
1843 591 2020 656 θεούς

346 698 401 731 τε
439 679 549 731 καὶ
602 672 947 745 ἀνθρώπους
1003 671 1143 748 πρὸς
1169 748 1172 751 1
1196 672 1469 741 ἀλλήλους
1525 681 1783 730 κοινωνία
1820 709 1906 717 --
1949 674 2017 732 οὐ

346 763 468 831 περὶ
521 757 657 814 ἄλλο
716 762 767 813 τί
817 765 962 814 ἐστιν
1018 756 1051 825 ἢ
1100 761 1224 829 περὶ
1249 757 1490 829 ’Ἑρωτος
1531 759 1785 833 φυλακήν
1828 782 1884 816 τε
1929 762 2021 815 καὶ

347 845 508 899 ἴασιν.
551 846 704 901 πᾶσα
746 841 852 912 γὰρ
897 840 929 909 ἡ
975 842 1194 914 ἀσέβεια
1240 844 1388 918 φιλεῖ
1429 847 1752 914 γίγνεσθαι,
1804 842 1902 900 ἐὰν
1943 841 2019 915 μή

342 950 424 991 τις
469 929 545 997 τῷ
588 931 796 998 κοσμίῳ
827 925 1026 999 ’Ἔρωτι
1062 930 1372 999 χαρίζηται,
1415 929 1552 998 μηδὲ
1583 924 1717 998 τιμᾷ
1743 948 1800 983 τε
1846 925 2023 983 αὐτὸν

342 1016 435 1067 καὶ
477 1009 745 1089 πρεσβεύῃ
790 1018 847 1067 ἐν
890 1015 1057 1066 παντὶ
1100 1016 1269 1083 ἔργῳ,
1323 1009 1467 1065 ἀλλὰ
1515 1008 1614 1067 τὸν
1656 1017 1874 1084 ἕτερον,
1929 1014 2022 1068 καὶ

341 1099 462 1168 περὶ
504 1102 698 1166 γονέας
741 1099 833 1150 καὶ
875 1098 1082 1162 ζῶντας
1136 1099 1225 1150 καὶ
1271 1092 1722 1163 τετελευτηκότας
1765 1099 1860 1151 καὶ
1901 1099 2025 1168 περὶ

340 1178 533 1244 θεούς.
577 1177 616 1235 ἃ
645 1177 712 1247 δὴ
736 1185 1136 1251 προςτέτακται
1165 1182 1230 1257 τῇ
1260 1181 1511 1257 μαντικῇ,
1556 1187 1868 1236 ἐπισκοπεῖν
1894 1178 2024 1246 τοὺς

325 1260 575 1335 ’Ἔρωτας
630 1267 723 1319 καὶ
779 1262 1076 1338 ἰατρεύειν,
1132 1268 1226 1319 καὶ
1262 1268 1407 1319 ἔστιν
1451 1256 1525 1318 αὗ
1567 1260 1602 1331 ἡ
1647 1261 1885 1333 μαντικὴ
1928 1287 2023 1340 φι-

340 1352 461 1413 λίας
496 1351 650 1403 θεῶν
693 1352 783 1404 καὶ
827 1346 1154 1420 ἀνθρώπων
1195 1345 1526 1420 δημιουργὸς
1568 1350 1645 1417 τῷ
1675 1352 2020 1405 ἐπίστασθαι

340 1430 411 1487 τὰ
454 1431 576 1488 κατ’
626 1431 970 1505 ἀνθρώπους
1010 1431 1239 1504 ἐρωτικά
1254 1474 1267 1498 ,
1323 1429 1428 1487 ὅσα
1472 1435 1630 1486 τείνει
1672 1429 1812 1502 πρὸς
1851 1436 2024 1504 θέμιν

343 1520 435 1572 καὶ
477 1516 749 1588 ἀσέβειαν.
839 1514 998 1581 Οὕτω>
1037 1515 1252 1583 πολλὴν
1288 1518 1381 1570 καὶ
1403 1513 1663 1588 μεγάλην,
1706 1518 1922 1587 μᾶλλον
1964 1520 2022 1574 δὲ

348 1604 539 1656 πᾶσαν
581 1599 819 1673 δύναμιν
861 1606 966 1672 ἔχει
1008 1599 1309 1672 ξυλλήβδην
1333 1603 1434 1671 μὲν
1462 1598 1492 1656 ὁ
1520 1602 1631 1664 πᾶς
1655 1596 1844 1670 ”Ερως,
1889 1599 1919 1657 ὁ
1964 1604 2022 1658 δὲ

344 1689 465 1757 περὶ
511 1684 748 1756 τάγαθὰ
791 1684 928 1758 μετὰ
974 1685 1335 1763 σωφροσύνης
1381 1687 1475 1740 καὶ
1515 1683 1863 1752 δικαιοσύνης
1881 1683 2026 1742 ἀπο-

459 1839 555 1892 τιῦν
599 1851 872 1894 τοιούτων
918 1851 1187 1907 γίγνεται]
1239 1851 1455 1894 Stobaeus
1501 1852 1681 1905 Eclogg.
1714 1850 1845 1908 Phys.
1875 1865 1918 1906 p·
1950 1850 2020 1895 24.

343 1911 582 1963 γίγνονται,
622 1912 835 1964 probante
874 1910 910 1951 F
915 1910 1082 1951 ischero
1123 1915 1166 1952 et
1196 1909 1394 1962 Wolfio„
1413 1909 1491 1951 sed
1522 1923 1561 1951 v.
1591 1909 1712 1951 infra.
1777 1909 1883 1951 Dein
1915 1914 2020 1951 vett.

343 1967 462 2009 editt.
494 1982 550 2014 φο
581 1972 644 2015 οἷς.

458 2018 524 2067 ὧν
553 1982 826 2080 ἕπιστῆμη
857 2049 910 2059 -
942 2024 1218 2077 καλεῖται]
1251 2024 1375 2066 Haec
1406 2024 1534 2065 verba
1554 2022 1784 2065 Scinitziua
1814 2024 2024 2065 censebat

345 2097 444 2124 esse
475 2084 781 2136 suppositicia,
823 2084 921 2137 quia
952 2083 1145 2124 doctrina
1177 2081 1230 2122 de
1260 2082 1356 2122 anni
1387 2081 1719 2135 tempestatibus
1755 2093 1839 2123 uon
1870 2086 2023 2135 posset

343 2139 491 2181 referri
525 2140 578 2182 ad
612 2142 932 2183 astronomiam.
995 2140 1168 2181 Bastius
1200 2139 1330 2180 verba
1361 2138 1428 2179 καὶ
1459 2142 1661 2179 ἐνιαυτῶν
1690 2136 1804 2190 ὥρας
1836 2139 2022 2193 expungi

342 2198 541 2248 volebat.
596 2198 789 2252 Denique
821 2199 1027 2241 Creuzer.
1061 2196 1310 2250 Fragment.
1332 2197 1500 2238 Histor.
1525 2197 1602 2237 Gr.
1622 2209 1662 2250 p.
1693 2195 1787 2239 124.
1818 2198 2023 2239 ἐνιαυτῶν

310 2296 314 2300 ,
343 2253 505 2310 ὅρους,
538 2269 792 2298 annorum
826 2256 1114 2306 terminon,
1151 2254 1438 2295 coniectabat.
1470 2267 1512 2294 v.
1544 2267 1642 2295 ann.

456 2313 540 2352 καὶ
570 2315 766 2354 θυσίαι
798 2315 994 2365 πᾶσαι]
1028 2312 1078 2353 V.
1110 2311 1181 2351 καὶ
1210 2312 1257 2350 αἱ
1287 2314 1444 2352 θυσίαι
1471 2310 1663 2362 ἅπασαι,
1692 2309 1807 2364 quod
1840 2324 1865 2353 e
1895 2310 2022 2354 Bodi.

345 2372 500 2413 Vana.
526 2370 688 2413 VenE.
713 2369 940 2414 vind-12.
953 2371 993 2412 7.
1016 2369 1113 2413 Par.
1130 2370 1228 2410 DK.
1252 2370 1401 2423 Vat.p.
1434 2373 1659 2410 mutatum.

458 2430 511 2470 C.
573 2427 706 2468 ἀλλὰ
739 2428 834 2470 τὸν
865 2426 1068 2483 ἕτερον]
1104 2427 1177 2468 Sic
1207 2439 1316 2468 unus
1351 2427 1583 2476 &ob-aens,
1617 2430 1661 2468 et
1690 2425 1874 2467 sortasse
1895 2424 2019 2467 Vind.

339 2487 408 2537 2.,
451 2487 504 2529 de
541 2499 626 2539 quo
665 2492 808 2528 tamen
853 2487 949 2527 silet
991 2485 1224 2527 Bekkerus.
1291 2485 1448 2538 Vulgo:
1490 2482 1594 2524 ἀλλὰ
1632 2482 1729 2536 περὶ
1759 2481 1836 2523 τὸν
1864 2481 2041 2538 ἕτερον.χῚ

342 2545 463 2585 Unde
496 2545 663 2596 Pflugk.
698 2545 848 2597 Progr.
883 2542 1050 2584 Gedan.
1087 2557 1124 2583 a.
1162 2541 1288 2587 1835.
1316 2556 1359 2596 p.
1397 2542 1461 2587 10.
1508 2540 1672 2588 effinxit
1700 2538 2019 2593 περιττότερον.

339 2602 532 2643 Kochius
552 2600 608 2642 ad
631 2603 784 2643 Anton.
811 2601 994 2643 Liberal.
1016 2615 1056 2654 p.
1083 2598 1178 2644 132.
1213 2613 1323 2641 corr.
1357 2602 1564 2655 περιττῶς
1594 2597 1672 2638 τὸν
1700 2596 1858 2651 ἕτερον.
1903 2595 2021 2638 Her-

394 2733 462 2780 ὧν
492 2737 776 2791 ἐπιστήμη
798 2760 849 2768 -—
870 2736 1135 2793 ἀστρονο-

336 2799 431 2852 μία
457 2796 732 2849 καλεῖται]
754 2795 850 2836 Νοο
871 2796 1010 2835 sotum
1038 2809 1132 2837 eam

338 2853 574 2896 doctrinam
592 2882 603 2903 ,
645 2865 755 2904 quae
805 2852 912 2892 coeii
965 2858 1134 2893 meatus

336 2917 632 2962 astrorumque
660 2909 883 2950 ‘decursus
913 2909 1130 2960 observat,

335 2971 465 3012 Piato
484 2967 665 3019 ¹vocavit
696 2965 1020 3020 astronomiam,
1055 2967 1130 3008 sed

337 3027 460 3070 etiam
501 3024 722 3066 scientiam
764 3022 974 3065 variarum
1015 3029 1131 3066 tem-

334 3090 549 3140 pestatum
595 3081 747 3124 eodem
792 3081 962 3122 nomine
1012 3095 1132 3123 com-

335 3145 489 3197 plexus
521 3144 609 3192 θεῖς
653 3152 690 3179 ν.
735 3137 788 3179 de
820 3137 1003 3191 Republ.
1040 3139 1131 3181 VlI.

334 3216 375 3255 p.
398 3200 496 3244 527.
518 3199 554 3240 D
575 3210 666 3251 sqq.
724 3193 853 3239 Quod
885 3202 1028 3237 autem
1056 3197 1132 3237 ad-

336 3259 399 3299 dit
430 3254 736 3309 Eryximaehus
781 3251 886 3294 hanc
921 3251 1133 3295 definitio-

337 3328 433 3357 nem
483 3312 800 3364 astronomiae,
852 3315 983 3363 atque
1031 3324 1133 3352 mox

336 3373 465 3415 etiam
497 3370 783 3413 definitionem
814 3372 1047 3422 μαντικῆς,
1088 3368 1130 3409 id

279 3477 288 3489 .
337 3443 463 3473 nemo
495 3429 640 3483 inepte
659 3432 732 3470 aut
759 3431 920 3470 temere
943 3425 1032 3468 fieri
1063 3438 1132 3467 ar-

1219 2737 1476 2788 bitrabitur,
1531 2735 1602 2789 qui
1639 2735 1900 2789 reputaverit
1940 2735 2019 2778 ho-

1219 2795 1376 2834 minem
1402 2793 1544 2834 omnia
1566 2793 1619 2834 ad
1644 2794 1804 2835 amoris
1835 2794 1915 2836 vim
1943 2807 2020 2836 na-

1219 2856 1447 2904 tutamque
1477 2850 1687 2892 retulisse.

1279 2917 1362 2970 οἶς
1406 2920 1646 2975 μαντικὴ
1695 2922 1891 2976 gneum]
1950 2922 2016 2965 Ne

1218 2981 1312 3034 quis
1350 2980 1589 3046 articulQ
1609 2978 1842 3031 desideret,
1875 2982 2016 3022 solent

1216 3052 1390 3093 nomina
1430 3051 1470 3092 in
1518 3050 1584 3103 ική
1615 3050 1850 3093 desinentia
1882 3065 2013 3107 saepe

1218 3111 1278 3151 sic
1344 3123 1396 3151 eo
1461 3109 1623 3151 omisso
1693 3110 1900 3164 usurpari.
1971 3123 2010 3152 v.

1217 3166 1404 3209 Mattb.
1443 3167 1482 3217 §.
1522 3165 1620 3210 263.
1662 3168 1759 3208 con.
1803 3180 1935 3221 aupra
1965 3180 2008 3222 p.

1220 3224 1316 3270 186.
1346 3225 1395 3266 C.
1428 3223 1477 3267 Ε.
1509 3238 1549 3279 p.
1575 3223 1669 3267 187.
1703 3225 1754 3265 Α.
1787 3225 1842 3267 al.

1274 3310 1324 3352 C.
1389 3306 1418 3349 ιῖ
1469 3308 1529 3361 δὴ
1585 3309 2010 3364 προςτέτακται]

1217 3367 1360 3409 Verba
1399 3367 1641 3408 ἐπισκοπεῖν
1681 3367 1787 3413 τούς
1821 3368 2011 3423 Ἔρωτας

1213 3424 1283 3466 καὶ
1300 3423 1516 3483 ἰατρεύειν
1536 3437 1614 3480 per
1627 3425 1885 3482 epexegesin
1909 3432 2010 3480 pro-
