2158 3718
369 162 437 211 1ss
1003 161 1427 216 PLATONJS

362 304 740 379 ταλαμβάνειν
797 303 901 376 ἤδη
960 310 1263 378 μέλλοντας
1329 311 1583 366 δειπνεῖν.
1628 305 1805 374 εὐθὺς
1846 309 1897 365 δ’
1949 302 2047 367 οὖν

357 388 433 456 ὡς
475 395 611 448 ἰδεῖν
653 388 755 450 τὸν
794 390 1128 462 Ἀγάθωνα,
1157 382 1268 458 Ὦ,
1309 391 1520 468 φάναι,
1559 391 1929 467 Ἀριστόδημε,
1974 401 2050 460 εἰς

355 473 530 532 καλὸν
572 473 751 544 ἥκεις·
796 473 947 540 ὅπως
988 475 1428 544 συνδειπνήσεις·
1485 484 1531 534 εἰ
1577 477 1627 533 δ’
1680 474 1855 536 ἄλλου
1899 476 2047 544 τινὸς

354 565 513 615 ἕνεκα
559 552 762 628 ἦλθες,
823 562 1081 624 εὶςαῦθις
1122 558 1452 631 ἀναβαλοῦ,
1507 561 1581 628 ὡς
1622 565 1715 618 καὶ
1770 565 1916 634 χθὲς
1958 566 2048 631 ζη-

355 647 467 699 τῶν
521 663 607 707 σε,
663 650 755 699 ἵνα
818 646 1134 716 καλέσαιμι,
1193 643 1295 716 οὐχ
1352 644 1470 712 οἷός
1508 647 1560 701 τ’
1610 638 1644 715 ἦ
1687 649 1840 703 ἰδεῖν.
1898 646 2044 704 ἀλλὰ

354 726 640 799 Σωκράτη
686 725 822 799 ἡμῖν
866 730 985 794 πῶς
1025 726 1128 784 οὐκ
1173 724 1358 800 ἄγειςς
1441 733 1560 785 Καὶ
1601 729 1733 802 ἐγώ,
1777 735 1909 808 ἔφη,
1952 752 2047 804 με·

350 810 800 886 ταστρεφόμενος
841 810 1093 884 οὐδαμοῦ
1138 809 1248 886 ὁρῶ
1293 813 1575 887 Σωκράτη
1619 812 1902 887 ἑπόμενον.
1969 815 2044 874 εἶ·

350 915 460 952 πον
518 889 651 962 οὖν,
712 894 803 952 ὅτι
861 901 953 953 καὶ
1012 894 1187 963 αὐτὸς
1241 895 1380 970 μετὰ
1438 896 1782 972 Σωκράτους
1835 896 2042 972 ἥκοιμι,

347 1100 399 1148 p.
421 1095 466 1130 et
497 1102 610 1132 corr.
639 1050 690 1130 D
751 1088 993 1144 Receptam
1027 1090 1257 1133 lectionem
1288 1091 1513 1132 confirmat
1531 1087 1727 1139 ΡΙιοῐίιιε,
1757 1089 1829 1144 qni
1866 1091 1908 1134 in
1939 1105 2038 1135 voc.

345 1151 390 1188 οἱ
420 1144 529 1191 hunc
563 1148 701 1189 locum
735 1148 982 1218 exscripsit.
1011 1148 1125 1191 conf.
1154 1148 1338 1190 Porson.
1371 1147 1425 1190 ad
1466 1147 1581 1189 Med.
1614 1160 1653 1187 v.
1686 1145 1787 1191 734.

459 1203 633 1248 εὐθὺς
672 1203 714 1246 δ’
757 1199 881 1258 οὖι]
926 1199 1005 1246 οὖν
1045 1219 1132 1248 om.
1173 1206 1273 1247 Par.
1313 1205 1415 1247 DK.
1453 1205 1549 1246 Vat.
1587 1218 1625 1258 p.
1648 1219 1662 1256 3
1708 1217 1748 1246 ιιι
1778 1204 1884 1247 Bas
1929 1207 1966 1252 1.

343 1260 461 1305 Fior,
503 1275 543 1303 ιι.
586 1260 627 1302 δ’
671 1262 818 1304 abest
864 1261 980 1315 quod
1023 1268 1165 1304 tamen
1211 1267 1330 1304 recte
1370 1261 1646 1316 praecedenti
1678 1264 1755 1318 μὲν
1785 1264 2039 1318 respondet.

343 1319 452 1360 Dein
504 1319 632 1362 Bodl.
674 1333 752 1372 pro
791 1313 850 1372 ὦ,
890 1318 1048 1373 φάιηαι
1092 1319 1222 1362 habet
1261 1322 1323 1361 ὠν
1360 1319 1519 1375 φοὶιαι,
1560 1332 1672 1372 quae
1712 1321 1937 1364 manifesta
1968 1328 2036 1365 est

341 1377 613 1430 grammatici
643 1378 824 1419 alicuius
857 1377 1085 1420 correctio.

462 1433 606 1482 ὅπως
655 1432 1102 1491 συνδειηνῆσεις]
1151 1435 1223 1476 Sic
1260 1447 1371 1476 unus
1410 1433 1531 1475 Flor.
1575 1445 1616 1475 ιι.
1652 1433 1865 1487 probante
1902 1437 2033 1479 etiam

345 1490 566 1534 Bekkero.
629 1492 775 1534 Ceteri
809 1505 960 1533 omnes
991 1490 1314 1552 συιὸειτινῆσης.

461 1548 562 1604 οὐχ
601 1545 723 1597 οἷός
763 1547 806 1591 τ’
851 1544 878 1602 ἤ
919 1549 1084 1607 ἰδεῖν]
1125 1550 1176 1596 V.
1208 1554 1286 1604 ἠν,
1323 1548 1439 1605 quod
1472 1562 1497 1592 e
1530 1549 1632 1592 Ven.
1662 1553 1694 1591 t.
1727 1547 1864 1605 etpr.
1893 1551 2027 1597 Coisi.

342 1690 571 1746 participio
590 1696 658 1733 est
683 1690 1056 1743 accommodatus,
1088 1689 1146 1734 de
1229 1690 1366 1744 magis
1397 1690 1773 1733 accommodatum
1793 1703 1892 1734 ene
1910 1691 2031 1735 vide-

335 1761 425 1800 quo
455 1762 615 1801 genere
654 1749 859 1802 loquendi
900 1750 1144 1793 monuimus
1229 1748 1370 1790 batur.
1442 1749 1554 1792 Nam
1600 1749 1643 1790 in
1690 1748 1892 1791 invitandi
1939 1749 2031 1791 for-

335 1805 390 1846 ad
422 1806 559 1860 Gorg.
594 1820 635 1861 p.
667 1804 768 1849 492.
805 1807 853 1848 Β.
885 1806 1066 1849 Lachet.
1098 1821 1140 1862 p.
1227 1806 1355 1848 mulis
1386 1806 1548 1848 Graeci
1579 1811 1681 1860 post
1709 1802 1824 1852 ὅπως
1845 1805 2029 1849 inferunt

337 1863 433 1908 187.
475 1864 525 1905 A.
565 1863 703 1918 Legg.
746 1863 819 1907 ΙΙΙ.
861 1877 906 1918 Ρ.
947 1864 1047 1910 (389.
1090 1869 1138 1908 A.
1226 1863 1416 1905 futurum
1449 1871 1640 1918 tempus,
1676 1875 1890 1916 nunquam
1921 1877 2027 1906 con-

331 1919 472 1974 Legg.
512 1920 589 1964 lX.
629 1934 670 1975 p.
707 1920 809 1966 856.
848 1922 902 1964 E.
950 1921 1138 1966 Phaedr.
1225 1921 1461 1965 inactivum
1514 1920 1679 1963 aoristi.
1741 1920 1875 1975 Hipp
1923 1921 2026 1966 Mai.

331 1992 374 2032 p.
411 1977 514 2023 240.
554 1979 606 2020 C.
666 1979 782 2021 Hinc
827 1979 987 2022 Arist.
1030 1981 1136 2022 Avv.
1224 1992 1266 2038 Ρ
1310 1977 1410 2050 286;
1451 1979 1512 2020 Β·
1552 1975 1651 2020 ἀλλ’
1694 1975 1811 2024 ὅπως
1852 1981 2029 2048 παμρέσει»

330 2034 404 2079 45.
448 2034 553 2076 ὅποι
589 2042 785 2090 paratam
819 2035 949 2079 habet
983 2035 1136 2079 defen·
1222 2036 1297 2077 καὶ
1353 2034 1490 2084 αι’τός
1546 2035 1620 2076 καὶ
1677 2034 1838 2080 ἄλλους
1896 2035 1924 2075 ἅ
1928 2035 2022 2083 ἕως

331 2093 518 2136 sionem.
557 2093 669 2135 conf.
700 2095 924 2148 Kriiger.
957 2094 1012 2136 ad
1032 2095 1135 2137 Dio·
1221 2093 1494 2148 Aristoph.
1518 2095 1622 2135 Avv.
1649 2092 1753 2136 131·
1773 2089 1886 2148 neoc
1911 2091 2025 2141 Διὸς

330 2163 423 2207 nys.
459 2151 720 2206 Historiogr.
759 2165 799 2206 p.
837 2152 932 2196 119.
994 2152 1135 2194 Huius
1221 2150 1516 2204 τουλιιμπίου,
1563 2148 1678 2196 ὅπως
1717 2153 1897 2203 παρέσει
1942 2166 2022 2204 μοι

333 2208 668 2250 constructionis
707 2221 792 2251 non
832 2222 1052 2252 memores
1085 2210 1134 2252 li·
1219 2225 1290 2250 και
1320 2207 1369 2250 σὺ
1405 2208 1475 2249 καὶ
1504 2205 1557 2249 τὰ
1590 2207 1743 2248 πιιδία
1779 2205 2022 2275 λουσάμεια

332 2265 462 2307 brarii
517 2271 646 2319 atque
702 2266 835 2308 critici
893 2280 1133 2322 pronomen
1218 2264 1334 2323 πρό·
1376 2265 1511 2319 μέλλω
1542 2263 1627 2320 γὰρ
1657 2264 1804 2306 ἑστιᾶν
1833 2262 2019 2336 γόμφος.

328 2318 383 2364 οἷ
411 2336 495 2365 non
537 2336 622 2365 uno
663 2324 797 2366 modo
836 2331 1134 2380 corruperunt.
1218 2324 1311 2367 Nec
1350 2337 1455 2366 vero
1493 2329 1593 2378 post
1633 2324 1692 2369 εἰς
1734 2321 1866 2363 καλὸν
1902 2320 2022 2375 »ἵκεις

328 2381 396 2422 Ad
436 2381 780 2437 καταλαμβάνειν
817 2387 939 2436 patet
986 2383 1132 2425 subie-
1218 2395 1404 2434 comma,
1436 2380 1512 2422 sed
1534 2381 1768 2435 pleniorem
1798 2379 2020 2434 interpun-

326 2443 444 2480 ctum
484 2453 583 2481 esse
627 2438 972 2492 Aristodemum,
1020 2453 1131 2494 qnae
1216 2440 1398 2483 ctionem
1437 2437 1682 2507 ponendam
1716 2436 2017 2490 iudicavimus,

324 2495 497 2548 quidem
540 2510 754 2550 personae
792 2497 972 2542 variatio
1014 2497 1129 2540 adeo
1215 2509 1300 2551 quo
1349 2497 1491 2538 oratio
1543 2494 1789 2537 efficeretur
1835 2495 2019 2538 alacrior

326 2553 479 2595 crebra
511 2559 602 2606 est,
642 2559 690 2596 ut
730 2556 1027 2609 exemplorum
1048 2560 1129 2598 te-
1215 2559 1261 2595 et
1289 2554 1480 2596 vividior.
1537 2551 1648 2594 Nam
1681 2552 1738 2594 ita
1770 2550 1888 2598 ὅπως
1917 2567 2016 2592 mv·-

323 2610 527 2654 atimonio
563 2610 890 2665 haudquaquam
922 2611 1125 2666 indigeat.
1213 2609 1452 2663 δειπνήσεις
1505 2623 1589 2650 ιιοιι
1646 2621 1700 2650 ex
1746 2609 2012 2662 praegressis

378 2667 453 2712 εἰς
481 2667 646 2712 καλὸν
676 2667 850 2720 ἥκεις]
894 2667 931 2709 Ιι.
967 2683 1005 2710 e.
1037 2682 1125 2723 op-
1211 2668 1388 2721 pendet,
1419 2666 1495 2708 sed
1529 2678 1606 2721 per
1635 2678 1683 2706 se
1717 2677 1912 2707 seorsum
1945 2671 2013 2708 est

321 2728 565 2777 portune,
598 2730 647 2766 ut
677 2725 848 2766 Menon
882 2739 922 2778 Ρ.
956 2725 1026 2768 90.
1062 2729 1121 2766 A·
1207 2723 1522 2776 accipiendum.
1583 2722 1846 2763 Germanice
1886 2721 2010 2764 dixe-

318 2780 377 2826 εῑς
407 2780 536 2832 καλὸν
567 2779 672 2834 ἡμῖν
700 2779 841 2826 αὐτὸς
885 2779 958 2822 ‘'r-s
990 2796 1122 2836 πιιρε-
1205 2780 1286 2824 ris:
1326 2778 1431 2821 Ach
1472 2779 1643 2820 lieber
1672 2779 2006 2832 Αῐίοῐοᾶειιι,

316 2836 544 2886 καθέζετο.
575 2837 697 2891 Hipp
702 2837 839 2879 .Mai
875 2836 1036 2893 9286.
1058 2837 1120 2880 Ε·
1206 2835 1359 2879 recht
1412 2837 1642 2889 geiegen
1697 2836 2007 2881 erseheinat

317 2894 379 2940 εἰς
414 2892 548 2941 καλὸν
587 2851 1292 2965 ἢίιεις.11ιὶ(1ξ)286.0.(1ιι;
1323 2892 1448 2935 dass
1479 2892 1542 2934 du
1574 2893 2005 2948 mirjnmitspei·

315 2950 577 3020 Euthydem
621 2965 664 3006 Ρ.
705 2950 814 2994 275.
864 2949 1014 3005 ἧίιετον
1061 2953 1121 3003 εἰς
1204 2956 1333 2993 aest.
1412 2951 1458 2993 ln
1506 2963 1588 3004 qua
1635 2951 1829 2993 oratione
1875 2951 2002 2995 etiam

313 3024 365 3051 κα
358 3004 558 3061 ’λλιστομδ
589 3008 619 3051 i.
640 3022 676 3051 e.
711 3021 738 3050 o
749 3022 775 3063 p
787 3021 814 3062 p
826 3021 852 3050 o
863 3021 883 3051 r
894 3014 911 3050 t
922 3022 947 3050 u
960 3022 984 3049 ιι
997 3009 1007 3050 i
1019 3022 1040 3050 s
1050 3023 1071 3050 ε
1084 3009 1119 3050 i-
1203 3008 1443 3065 asyndeton
1498 3014 1566 3049 est
1619 3008 2002 3061 elegantissimum.

314 3079 408 3115 me
437 3065 531 3115 Tine
663 3064 804 3110 .122.
826 3069 880 3108 A.
911 3066 1114 3138 ΧειιορΙι.
1201 3067 1400 3120 Ineptum
1431 3065 1567 3116 soret,
1611 3065 1646 3106 ai
1678 3064 1847 3119 Agatho
1880 3065 2002 3108 dice-

313 3124 470 3178 Symp.
500 3079 659 3177 Lai-p
664 3121 830 3167 Deinde
855 3125 968 3181 v-ulg
998 3121 1116 3172 ὅπως
1199 3129 1289 3167 ret.
1331 3129 1640 3178 opportune
1677 3121 1914 3180 venisti,
1943 3127 2003 3168 ut

315 3178 630 3237 σινδειπνήσῃς
667 3180 855 3233 mutavi,
903 3193 988 3226 non
1028 3195 1113 3235 quo
1199 3181 1477 3223 nobiscum
1510 3193 1730 3232 coenes,
1761 3192 1871 3234 quae
1900 3193 1999 3223 ver-

312 3239 630 3285 coniunctivum
676 3237 826 3280 aoristi
872 3238 999 3291 primi
1039 3253 1114 3280 so·
1198 3239 1254 3280 ba
1285 3239 1419 3291 liquet
1448 3239 1605 3280 nuliam
1638 3242 1757 3279 certe
1775 3238 1997 3282 continere

313 3296 482 3344 loecum
538 3295 803 3350 putaverim,
865 3308 976 3355 quae
1036 3296 1114 3338 suit
1198 3295 1462 3337 Aristodemi
1494 3294 1799 3337 invitationem.
1842 3294 1996 3338 Quan-

311 3353 690 3405 grammaticorum
724 3352 992 3406 quorundam
1013 3354 1113 3422 opi·
1195 3366 1321 3407 quam
1380 3353 1684 3396 Hermanno
1741 3352 1880 3396 vinnm
1928 3356 1997 3395 est

311 3409 407 3462 nio;
450 3410 528 3453 sed
567 3409 685 3465 quod
718 3410 908 3453 stitutum
939 3410 1002 3452 rei
1031 3411 1110 3466 ipsi
1194 3412 1329 3453 multo
1361 3410 1626 3464 elegantiuS,
1667 3408 1703 3451 si
1743 3407 1861 3456 ὅπως
1898 3423 1996 3451 συν-
