2158 3718
753 143 1219 201 PHAEDop.103.
1274 119 1278 124 ”
1753 138 1860 193 253

149 351 155 355 ῃ
220 289 336 355 Cap.
376 287 452 338 LI.
526 285 644 336 Καί
691 302 774 346 τις
830 278 950 336 εἷπε
1003 285 1119 336 τοόν
1165 280 1465 351 παρόντων
1508 276 1755 341 οἰκούσας
1796 309 1857 318 -

79 369 224 434 ὅςτις
261 369 317 423 δ’
353 362 446 439 ἦν,
485 367 555 422 οὐ
593 367 788 436 σαφῶς
823 367 1104 437 μέμνημαι
1144 397 1200 406 -
1243 362 1401 435 Πρὸς
1435 366 1611 432 θεῶν,
1650 361 1756 417 οὐκ
1797 364 1861 416 ἐν

16 505 19 507 ,
78 464 197 520 τοῖς
239 453 497 525 πρόσθεν
541 451 676 522 ἡμῖν
724 451 911 519 λόγοις
956 448 1095 505 αὐτὸ
1139 448 1203 504 τὸ
1252 450 1513 503 ἐναντίον
1567 450 1683 500 τῶν
1728 447 1864 500 νυνὶ

81 539 403 610 λεγομένων
449 532 815 606 ὡμολογεῖτο,
868 536 931 590 ἐκ
976 538 1079 589 τοῦ
1120 534 1415 596 ἐλάττονος
1449 530 1514 587 τὸ
1550 536 1737 602 μεῖζον
1773 534 1863 601 γί-

76 629 322 692 γνεσθαι
366 622 459 675 καὶ
508 621 571 674 ἐκ
626 623 729 673 τοῦ
776 622 1026 690 μείζονος
1070 617 1133 673 τὸ
1181 615 1414 673 ἔλαττον
1426 658 1442 687 ,
1490 618 1585 673 καὶ
1622 615 1864 686 ἀτεχνῶς

76 704 224 776 ,αὕτη
273 702 417 759 εἶναι
462 703 496 775 ἡ
542 705 761 774 γένεσις
796 713 912 767 τοῖς
951 705 1255 773 ἐναντίοις,
1306 704 1370 758 ἐκ
1405 705 1521 756 τῶν
1560 702 1892 766 ἐναντίωνςμ

14 828 16 831 -
80 795 193 846 νῦν
239 790 307 844 δέ
337 810 431 860 μοι
481 791 643 843 δοκεῖ
673 790 968 858 λέγεσθαι,
1018 787 1104 842 ὅτι
1138 791 1307 842 τοῦτο
1345 785 1451 841 οὐκ
1488 785 1561 840 ἄν
1598 804 1732 841 ποτε
1767 787 1866 854 γέ-

80 895 254 930 νοιτο.
330 875 442 927 Καὶ
490 872 519 928 ὁ
575 874 882 943 Σωκράτης
927 871 1274 944 παραβαλών
1319 870 1423 942 τὴν
1469 870 1726 941 κεφαλὴν
1770 871 1866 924 καὶ

81 957 355 1028 οἰκούσας,
408 958 738 1028 Ἀνδρικῶς,
794 960 931 1026 ἔφη,
979 955 1501 1027 ἀπεμνημόνευκας·
1569 953 1639 1008 οὐ
1675 956 1866 1025 μέντοι
1894 967 1928 1007 Β

82 1045 298 1106 ἐννοεῖς
333 1040 395 1096 τὸ
436 1043 712 1111 διαφέρον
748 1046 850 1095 τοῦ
887 1061 948 1094 τε
983 1044 1095 1094 νῦν
1130 1040 1438 1110 λεγομένου
1474 1039 1568 1092 καὶ
1592 1042 1695 1092 τοῦ
1719 1038 1862 1092 τότε.

80 1128 207 1183 τότε
260 1125 365 1197 μὲν
417 1124 527 1196 γὰρ
578 1127 796 1194 ἐλέγετο
846 1127 908 1180 ἐκ
957 1129 1060 1178 τοῦ
1091 1126 1382 1179 -έναντίου
1427 1124 1749 1227 πράγματος
1803 1121 1866 1176 τὸ

78 1213 343 1274 ,ἐναντίον
388 1214 616 1280 πρᾶγμα
653 1212 980 1312 γίγνεσθαι,
1018 1212 1130 1263 νῦν
1167 1209 1256 1279 δέ,
1296 1207 1382 1262 ὅτι
1419 1206 1557 1262 αὐτὸ
1594 1206 1657 1261 τὸ
1698 1209 1866 1269 ἐναν-

75 1299 202 1350 τίον
249 1295 428 1366 ἑαυτῷ
478 1295 740 1349 ἐναντίον
790 1291 896 1348 οὐκ
944 1314 1017 1347 αν
1062 1311 1198 1347 ποτε
1243 1293 1490 1362 γένοιτο,
1529 1289 1662 1346 ου’τε
1698 1291 1761 1346 τὸ
1802 1293 1866 1345 ἐν

77 1379 214 1452 ἡμῖν
249 1378 383 1433 ου’τε
418 1377 481 1432 τὸ
522 1380 586 1433 έν
622 1383 690 1450 τῇ
729 1379 916 1449 φύσει.
992 1379 1118 1432 τότε
1155 1378 1259 1448 μὲν
1294 1398 1423 1447 γαρ,
1464 1398 1506 1430 ω
1548 1379 1697 1446 φίλε,
1736 1377 1867 1445 περι

191 1567 238 1607 Ρ.
262 1568 358 1608 103.
394 1566 586 1619 cap.L1.
618 1560 879 1619 πρόσθεν
914 1559 1069 1619 ημῖν]
1109 1566 1224 1607 Vett.
1258 1565 1375 1605 editt.
1417 1559 1689 1618 ἔμπροσθεν
1719 1563 1865 1603 invitis

80 1624 198 1666 libris
220 1623 394 1689 optimis
415 1622 536 1663 Bodl.
561 1623 659 1663 Vat.
682 1623 788 1663 Tub.
813 1621 941 1664 Coisl.
962 1623 1071 1663 Ven.
1084 1620 1183 1668 ΞΠ
1202 1622 1330 1663 Vind.
1345 1620 1384 1661 Φ
1403 1621 1499 1662 Par.
1521 1621 1556 1662 G
1576 1621 1689 1672 Aug.
1711 1620 1820 1662 Flor.
1837 1619 1866 1659 d.

74 1681 191 1724 aliis.
226 1679 307 1720 Pro
329 1672 448 1733 ἡμῖν
469 1686 625 1730 autem,
648 1679 792 1730 quod
783 1691 866 1718 lam
888 1691 913 1717 a
928 1678 1126 1719 Fischero
1150 1691 1203 1718 ex
1219 1679 1332 1732 Aug.
1354 1678 1597 1719 restitutum
1618 1675 1867 1717 confirmant

77 1735 384 1779 Vat.v·1nd.45
405 1736 500 1777 Par.
524 1734 588 1777 GI
607 1735 772 1784 Ambr„
792 1735 921 1788 vulgo
943 1727 1061 1788 ὐμῖν
1083 1735 1362 1778 scribebatur.

79 1905 124 1946 p.
157 1892 240 1933 879
262 1890 314 1932 D.
356 1890 520 1931 Politic.
549 1902 592 1943 p.
626 1891 709 1932 310
729 1890 778 1932 D.
820 1890 931 1933 Xen.

77 1947 186 1989 Hell.
223 1948 277 1987 II.
313 1948 362 1994 2,
398 1948 438 1988 9.
481 1948 582 1987 Eur.
618 1948 728 1987 Med.
761 1948 842 1988 317
878 1948 932 1987 al.

86 2001 282 2058 Τολμοῖν
313 2003 366 2043 de
393 2004 517 2044 rebus
539 2004 783 2043 inanimatis
805 2016 933 2043 usur-

79 2068 231 2115 patum
250 2059 476 2100 illustravit
493 2058 662 2100 Gatak
675 2073 738 2103 er.
754 2059 930 2102 Miscell.

79 2116 157 2160 IX.
190 2130 234 2170 Ρ.
272 2117 355 2158 318
393 2123 432 2156 et
470 2116 842 2169 Wyttenbach.
878 2117 933 2156 ad

116 2203 244 2282 ‘Cap.
254 2227 328 2294 ΕΙ,
347 2228 394 2271 Ρ.
407 2229 503 2269 103.
526 2219 667 2269 αὐτὸ
691 2223 748 2269 τὸ
773 2221 934 2269 ένοιν-

81 2285 211 2328 τίον
231 2306 284 2314 -
307 2277 366 2325 ἐκ
388 2282 490 2324 τοῦ
511 2282 582 2335 --]
605 2286 753 2324 Verba
775 2278 826 2325 ἐκ
848 2282 931 2325 τοῦ

87 2336 152 2384 ἐλ.
176 2353 315 2406 usque
333 2340 388 2380 ad
416 2333 468 2381 ἐκ
491 2338 585 2381 τῶν
606 2333 835 2382 ἐναντίων
856 2354 932 2405 per

86 2397 346 2452 epexegesin
386 2396 530 2437 addita
569 2405 668 2437 sunt
703 2398 933 2450 superiori-

81 2457 180 2497 bus.
247 2453 470 2493 Praeterea
509 2453 933 2494 animadvertendum

83 2512 210 2551 etiam
240 2518 322 2562 est,
351 2521 445 2550 cum
474 2501 592 2550 αὐτὸ
628 2503 681 2551 τὸ
712 2502 934 2552 ἐναντίον

4 2583 10 2591 ¹
70 2566 270 2622 (grade
298 2567 392 2607 das
421 2565 758 2619 Gegentheil)
789 2567 832 2606 in
854 2579 929 2606 no-

15 2644 25 2653 ι
83 2623 287 2664 minativo
316 2634 419 2662 casu
454 2623 642 2675 positum
677 2623 732 2663 sit
759 2630 933 2676 propter

80 2693 124 2720 v.
154 2673 458 2733 ὡμολογεῖτο,
490 2679 643 2719 deinde
671 2680 799 2719 etiam
828 2692 932 2719 con—

0 2726 1 2766 Ῑ
56 2756 57 2759 “
86 2736 359 2777 structionem
389 2735 650 2775 nominativo
672 2749 768 2776 cum
789 2735 930 2775 infini-

84 2793 172 2834 tivo
203 2792 462 2843 continuari,
491 2791 666 2860 perinde
696 2804 744 2832 ac
779 2794 816 2832 si
847 2804 931 2832 non

87 2842 394 2902 ὡμολογεῖτο,
425 2848 502 2888 sed
507 2840 715 2916 ἐλέγετο
743 2849 931 2900 positum

87 2912 217 2944 esset.
257 2924 311 2932 —
350 2905 470 2945 Istud
498 2897 549 2945 ἐκ
579 2903 672 2946 τῶν
702 2898 932 2947 ἐναντίων

87 2959 274 3013 explicat
301 2971 599 3024 praegressum
628 2951 765 3014 αὕτη.
809 2959 928 3002 Cete-

85 3029 179 3056 rum
199 3015 423 3067 respicitur
445 3017 500 3055 ad
520 3029 562 3069 p
588 3018 640 3057 70
661 3018 695 3056 D
717 3030 810 3068 sqq.

143 3064 500 3125 παραβαλων
539 3094 594 3100 -
635 3066 738 3125 τὴν
785 3070 931 3126 κεφ.]

85 3128 264 3194 capite
302 3128 527 3168 admoto.
568 3128 674 3167 Nam
710 3129 778 3168 ille
814 3142 932 3170 sum-

87 3186 221 3225 missa
241 3197 347 3225 voce
367 3184 530 3223 locutus
554 3192 659 3224 erat.

127 3233 443 3305 ΙἈνδρικῶς
467 3261 519 3268 -·
549 3234 770 3292 οἶπεμν]
803 3253 933 3293 gna—

88 3306 223 3337 viter
243 3319 296 3326 -
326 3309 428 3336 rem
456 3305 758 3336 memoriter
785 3304 934 3337 retu-

90 3352 222 3393 listi.
264 3353 410 3395 Solent
439 3354 548 3393 enim
578 3352 786 3394 vocabula
813 3365 838 3392 a
858 3366 934 3406 pu-

83 3421 176 3473 gna
197 3416 237 3448 et
256 3410 484 3450 certamine
512 3410 691 3463 repetita
711 3409 763 3449 ad
785 3408 934 3462 dispu-

91 3465 292 3514 tationem
313 3466 545 3509 transferri.
575 3467 681 3507 Voc.
699 3458 935 3519 ανδρικοῖις

1019 1888 1462 1943 Wyttenbaehius
1481 1889 1536 1929 ad
1556 1888 1598 1930 h.
1618 1888 1650 1928 l.
1670 1888 1864 1928 illustrat.

1020 1947 1151 1987 Usum
1172 1946 1359 1986 Platonis
1380 1953 1499 1985 notat
1519 1945 1685 1984 Pollux.
1710 1946 1751 1996 2,
1775 1945 1844 1988 20.

1075 2058 1123 2098 Β.
1158 2052 1285 2099 τότε
1325 2051 1427 2112 μὲν
1468 2049 1573 2111 γὰρ
1615 2049 1757 2110 ἒλέγ.
1792 2054 1864 2109 --]

1020 2115 1239 2155 Sententia
1257 2114 1363 2154 haec
1385 2119 1470 2154 est:
1495 2114 1665 2154 Antea
1686 2114 1863 2165 loque-

1018 2172 1199 2211 bamur
1229 2171 1288 2210 de
1316 2171 1472 2211 rebus
1505 2170 1795 2210 contrariis
1818 2176 1866 2210 et

1020 2227 1339 2278 disiunctis,
1365 2239 1501 2266 nunc
1522 2227 1581 2266 de
1602 2226 1717 2279 ipsa
1739 2237 1864 2266 con·

1020 2284 1180 2324 trarii
1230 2283 1410 2336 specie
1459 2283 1658 2335 agitur,
1714 2294 1867 2334 quam

1021 2352 1185 2390 neque
1207 2339 1260 2379 in
1282 2339 1429 2379 nobis
1453 2337 1725 2392 (expressam
1747 2352 1782 2378 s.
1801 2340 1865 2379 in-

1020 2393 1286 2447 haerentem)
1309 2408 1478 2446 neque
1509 2396 1561 2435 in
1581 2407 1750 2435 rerum
1772 2407 1864 2435 na-

1020 2459 1138 2493 tuia
1177 2452 1498 2492 contrarium
1551 2463 1776 2505 unquam
1815 2452 1867 2492 in

1021 2522 1075 2549 se
1133 2509 1413 2549 admittere
1475 2508 1865 2550 contendimus.

1018 2566 1301 2634 Distinguitur
1335 2564 1416 2605 hoc
1450 2565 1543 2605 loco
1579 2558 1632 2606 τὸ
1670 2557 1721 2606 ἐν
1749 2558 1866 2618 ἡμῖν

1020 2616 1241 2664 ε’ναντίον
1269 2627 1309 2661 et
1337 2614 1390 2662 τὸ
1414 2614 1464 2663 ἐν
1486 2620 1542 2690 τῆ
1565 2615 1707 2686 φύσει
1730 2613 1868 2662 ἐναν-

1019 2678 1134 2727 τίον,
1168 2684 1213 2718 ut
1243 2690 1372 2731 supra
1399 2677 1435 2717 D
1472 2691 1528 2719 ου
1565 2673 1712 2732 μόνον
1747 2670 1866 2718 αὐτὸ

1018 2730 1070 2776 τὸ
1111 2730 1319 2801 μέγεθος
1348 2756 1401 2763 —
1433 2727 1552 2776 αλλα
1593 2731 1679 2775 καὶ
1719 2727 1771 2774 τὸ
1816 2726 1867 2774 ἐν

1016 2787 1132 2846 ἡμιν
1181 2787 1389 2844 μέγεθος
1442 2792 1867 2856 commemorabatur,

1020 2861 1072 2888 ex
1101 2860 1183 2898 quo
1214 2848 1306 2887 loco
1338 2848 1441 2899 quid
1469 2849 1522 2887 sit
1546 2840 1598 2888 τὸ
1622 2840 1672 2888 ἐν
1694 2845 1750 2901 τῇ
1775 2840 1866 2899 φύ-

1019 2913 1089 2946 σει
1132 2897 1365 2951 έναντιᾝον
1394 2903 1520 2943 facile
1554 2903 1741 2956 intellegi
1774 2911 1869 2967 pot-

1019 2967 1103 3012 est,
1164 2961 1363 3000 nimirum
1426 2960 1592 3013 species
1656 2959 1867 3007 contrarii,

1019 3029 1127 3068 quae
1156 3029 1180 3055 a
1209 3018 1335 3057 rebus
1363 3017 1468 3070 ipsis
1497 3017 1708 3057 disiuncta
1729 3028 1777 3054 ac
1799 3027 1868 3054 se-

1017 3081 1170 3127 parata
1189 3086 1280 3127 pei
1303 3086 1358 3112 se
1378 3073 1649 3113 consistit.
1674 3071 1867 3110 Eundem

1017 3142 1143 3170 usum
1174 3129 1374 3182 loquendi
1407 3128 1539 3169 habes
1569 3128 1630 3168 De
1657 3128 1763 3180 Rep.
1794 3127 1866 3169 VI.

1017 3199 1061 3239 Ρ.
1085 3186 1225 3227 50113.
1258 3186 1314 3228 Χ.
1335 3199 1377 3239 p.
1398 3186 1521 3226 597ss
1543 3177 1721 3224 οὐκοῦν
1743 3195 1868 3235 τριτ-

1019 3241 1105 3283 ταί
1140 3255 1267 3291 τινες
1306 3243 1467 3283 κλῖναι
1502 3229 1647 3281 αὗται
1678 3238 1867 3305 ’γίγνον-

1019 3311 1112 3346 ται
1141 3298 1241 3366 μία
1243 3312 1343 3364 μεν
1374 3291 1425 3339 ἐν
1446 3295 1511 3351 τῇ
1536 3306 1707 3349 φνσει
1718 3285 1864 3359 οὖσα,

1020 3353 1107 3406 μία
1140 3350 1194 3396 δε
1222 3346 1284 3407 ἣν
1313 3348 1338 3395 ὃ
1368 3350 1545 3394 τέκνων
1574 3345 1866 3418 (εἰργασατο)

1019 3423 1061 3451 κ.
1080 3423 1119 3454 τ,
1138 3411 1175 3453 λ.
1201 3410 1339 3450 Parm.
1361 3423 1403 3463 p.
1417 3411 1495 3449 132
1514 3408 1547 3447 D
1570 3421 1627 3448 τα
1649 3421 1754 3473 μεν
1758 3404 1864 3471 εἴδη

1020 3465 1174 3507 ταῦτα
1191 3479 1341 3519 ωςπερ
1352 3455 1754 3518 παραδείγματα
1730 3474 1867 3505 εστα-
