2158 3718
299 158 720 212 APOLOGIA
759 157 1160 213 SOCRATIS.
1205 159 1265 210 P.
1308 161 1392 214 33.
1431 160 1515 213 34.
1553 157 1633 212 St.
1735 160 1834 212 135

141 305 415 376 [Ιοὶραλος
457 303 565 369 ὅδε,
611 304 639 360 ὁ
683 303 1030 376 Δημοδόκου,
1078 297 1143 360 οὗ
1184 298 1255 373 ἦν
1303 304 1516 373 Θεάγης
1559 304 1830 380 ἀδελφός·

141 386 232 443 ὅδε
275 411 330 444 τε
368 389 737 459 Ἀδείμαντος,
780 388 809 444 ὁ
851 387 1195 460 Ἀρίστωνος,
1243 383 1307 444 οὗ
1353 387 1594 464 ἀδελφὸς
1635 388 1827 445 οὑτοσὶ
1863 397 1935 450 34

142 475 420 543 ΙΙλοὲι-ων,
491 478 580 527 καὶ
639 472 1061 543 Αὶαντόὸωρος,
1130 466 1195 529 οὗ
1249 473 1668 543 Ἀπολλόδωρος
1736 471 1830 529 ὅδε

139 555 396 632 ἀδελφός.
457 561 549 611 καὶ
606 554 810 621 ἄλλους
863 557 1103 622 πολλοὺς
1157 557 1255 625 ἐγώ
1316 565 1412 629 ἔχω
1470 556 1600 628 ὑμῖν
1644 564 1829 620 εἰπεῖν,

139 634 216 695 ὧν
258 662 384 695 τινα
431 645 593 711 ἐχρῆν
634 641 876 712 μάλιστα
919 645 1019 712 μὲν
1064 650 1120 697 ὲν
1165 646 1243 713 τῷ
1289 645 1489 698 ἑαυτοῦ
1533 643 1679 712 λόγῳ
1724 663 1832 695 πα-

139 729 455 794 ρασχέσθαι
498 729 762 793 Μέλητον
803 726 1096 799 μάρτυρα·
1146 733 1190 782 εὶ
1230 731 1286 782 δὲ
1329 726 1456 783 τότε
1501 727 1829 790 ἐπελάθετο,

137 812 238 862 νῦν
285 815 694 881 παρασχέσθω,
735 809 834 878 ἐγώ
883 814 1222 884 παραχωρῶ,
1251 816 1358 866 καὶ
1402 817 1626 880 λεγέτω,
1681 813 1728 865 εἴ
1779 832 1827 864 τι

140 898 239 964 ἔχει
286 897 560 950 τοιοῦτον.
604 892 749 949 ἀλλὰ
795 893 1001 951 τούτου
1046 899 1161 950 πᾶν
1186 895 1519 951 τούναντίον
1561 892 1830 966 εὑρήσετε,

255 1085 305 1126 Ρ.
337 1085 406 1128 34.
471 1083 559 1125 δ’δε
602 1099 654 1125 τε
694 1082 900 1134 Ἀδείμα
884 1085 1060 1139 ιντος]
1100 1086 1154 1128 V
1188 1087 1256 1137 δέ,
1298 1087 1412 1139 qnod
1458 1102 1480 1128 e
1518 1087 1620 1130 Bas.
1651 1086 1692 1129 2.
1738 1086 1829 1127 Vat-

139 1142 246 1184 Ven.
279 1142 318 1185 b.
350 1141 478 1185 Vind.
510 1142 552 1186 4.
584 1141 703 1183 Flor.
734 1155 775 1182 8.
814 1141 908 1184 Par.
944 1141 1040 1183 Bc,
1073 1148 1296 1185 unitatum.

251 1197 1827 1271 Aiav166w905]Aid.Bas.1.Steph.Alnrl‹5on;insitis

139 1254 267 1297 codd.
326 1257 540 1310 plerisque
589 1256 801 1297 omnibus.
871 1257 979 1298 Dein
1028 1263 1130 1303 vett.
1176 1259 1297 1303 editt.
1346 1261 1395 1299 οὔ
1440 1235 1763 1311 Ἀπολλόδωρος
1804 1255 1826 1297 ὁ

136 1311 335 1368 αδελφός,
366 1316 481 1367 quod
514 1315 612 1355 boni
645 1327 795 1355 omnes
826 1321 1125 1366 aspernantur.

218 1402 226 1406 .
254 1370 352 1424 ἐγὼ
391 1374 484 1424 ἔχω
527 1369 658 1426 υμῖν
695 1372 890 1425 εἰπεῖν]
939 1372 985 1416 V.
1028 1374 1155 1427 ἔγωγε
1194 1376 1297 1426 ἔχω,
1337 1378 1512 1428 praeter
1541 1373 1668 1415 fidem
1700 1372 1830 1419 Bodi.

143 1429 238 1470 Vat.
275 1428 378 1470 Ven.
411 1429 451 1470 b.
487 1429 608 1474 vind.
640 1429 679 1472 1.
712 1429 828 1473 Fior.
861 1432 902 1470 d.
935 1444 976 1483 g.
1008 1429 1046 1473 h.
1076 1432 1179 1473 Par.
1211 1431 1356 1473 DST.

253 1487 392 1540 λόγῳ
430 1486 859 1541 παρασχέσθαι]
899 1488 972 1528 Sic
1011 1489 1135 1533 Bodl.
1172 1489 1308 1533 Coisi.
1349 1488 1453 1532 Ven.
1487 1489 1528 1530 b.
1560 1487 1683 1530 Vind.
1715 1487 1755 1532 1.
1785 1487 1826 1532 4.

139 1545 179 1589 6.
218 1544 335 1587 Fior.
367 1544 406 1585 d.
473 1545 554 1587 ..h
589 1546 688 1588 Par.
723 1544 865 1586 DST.
930 1545 1070 1600 Vulgo
1099 1549 1385 1604 παρέχεσθαι.

141 1686 191 1728 D.
243 1685 396 1726 Potuit
426 1697 528 1725 vero
559 1685 702 1724 τοίνυν
732 1683 797 1724 hic
813 1688 934 1727 tanto

139 1743 300 1784 rectius
356 1743 486 1795 poni,
545 1740 660 1793 quod
709 1740 934 1795 Socrates,

139 1804 420 1853 posteaquam
454 1804 600 1852 patres
631 1802 932 1842 nonnullorum

139 1858 443 1910 discipulorum
477 1869 651 1898 suorum
685 1865 937 1910 praesentes

138 1915 395 1965 nominavit,
435 1913 642 1967 deinceps
683 1915 809 1956 etiam
849 1916 934 1957 fra-

139 1978 228 2014 tres
272 1978 318 2014 et
358 1978 567 2025 cognatos
615 1972 825 2024 quosdam
867 1987 938 2016 re-

139 2034 305 2081 censet,
336 2035 383 2070 ut
410 2030 502 2084 ipse
532 2035 656 2071 antea
689 2030 902 2073 indicavit.

197 2086 612 2141 Νικόστρατος]
665 2087 729 2129 De
771 2089 859 2129 hoc
899 2094 943 2130 et

140 2147 195 2187 de
238 2145 532 2186 Theodoto
572 2145 670 2185 nihil
707 2147 943 2188 memoriae

141 2202 344 2245 traditum
382 2209 465 2253 est,
496 2208 703 2254 quantum
736 2215 815 2243 nos
847 2204 940 2255 qui·-

141 2261 240 2302 dem
274 2259 478 2302 sciamus.
507 2259 579 2300 De
610 2259 942 2311 Demodoco,

141 2317 331 2370 Theagis
370 2322 516 2370 patre,
559 2329 596 2356 v.
635 2315 859 2370 Theagem
899 2332 941 2371 p

141 2376 239 2420 127.
273 2374 322 2415 E.
386 2375 450 2415 De
486 2374 712 2422 Patale,
752 2375 942 2427 quinon

140 2431 469 2475 confundendus
516 2435 584 2472 est
632 2444 729 2472 cum
778 2445 942 2485 cogno—

142 2491 254 2532 mine
290 2490 470 2530 Periclis
501 2489 603 2540 filio,
635 2489 732 2530 nihii
758 2502 939 2542 usquam

141 2548 323 2601 legimus
375 2570 430 2578 -
511 2546 837 2588 Adimantus
878 2549 941 2588 in-

140 2605 350 2654 telligitur
403 2604 599 2645 Platonis
658 2604 813 2655 frater,
871 2605 942 2658 qui

141 2665 183 2704 in
227 2662 342 2703 libris
381 2662 436 2703 de
487 2662 710 2714 republica
763 2665 943 2714 loquens

141 2719 368 2762 inducitur.
417 2718 501 2760 vid.
552 2719 642 2761 libr.
681 2720 735 2761 11.
777 2734 818 2774 p.
855 2720 942 2764 357

141 2801 198 2809 —-
219 2776 318 2821 368.
351 2776 464 2820 vnl.
507 2791 547 2830 p.
581 2775 682 2820 548.
714 2778 764 2818 D.
796 2778 846 2822 Ε.
886 2780 940 2821 al.

141 2858 194 2865 -—
231 2833 575 2876 Aeantodori
617 2835 714 2876 alibi
755 2841 941 2877 mentio-

142 2905 238 2934 nem
282 2892 438 2932 factam
481 2905 579 2932 esse
618 2905 699 2933 non
746 2894 941 2935 memini-

143 2963 254 2991 mus.
277 2971 333 2979 —
365 2948 773 3002 Apollodorum
795 2955 939 2991 autem

143 3009 342 3048 novimus
373 3006 584 3047 hominem
619 3007 750 3049 fuisse
768 3008 942 3049 Socrati

145 3066 270 3116 longe
301 3064 630 3106 deditissimum.
662 3065 940 3109 v.Phaedon.

144 3135 184 3175 ρ.
222 3121 293 3164 59.
338 3124 395 3163 A.
430 3135 469 3173 p.
500 3122 599 3165 117.
632 3122 682 3162 D.
736 3121 941 3177 Sympos.

143 3193 184 3233 p.
206 3179 303 3222 172.
337 3185 387 3221 Α.
418 3179 516 3223 173.
546 3180 596 3220 Ι).
619 3179 668 3220 Ε.
698 3179 940 3234 Xenoph.

144 3236 274 3280 Mem.
305 3237 483 3288 ΙΙΙ.11,
504 3237 572 3282 17.
634 3236 837 3280 Ceterum
867 3254 943 3279 κα-

143 3294 381 3336 ταδεῖσθαι
430 3299 498 3337 est
544 3295 773 3347 aiiquem
825 3308 942 3349 pre-

145 3352 301 3394 cibus
339 3353 563 3394 vincere
609 3365 669 3392 ac
714 3365 942 3396 commo-

145 3421 289 3454 vete.
345 3409 456 3454 Nam
480 3409 689 3452 sententia
721 3409 824 3452 haec
855 3417 943 3454 est:

1022 1700 1123 1729 non
1155 1692 1343 1743 potest
1374 1686 1708 1729 Theodotus
1740 1687 1826 1728 Ni-

1021 1750 1331 1787 costratum
1394 1745 1615 1787 fratrem
1667 1757 1827 1798 roga-

1021 1816 1100 1855 re,
1139 1816 1202 1845 ne
1242 1817 1321 1845 me
1363 1808 1596 1846 accuset
1626 1808 1678 1845 et
1709 1814 1825 1844 con-

1021 1867 1102 1903 tra
1140 1875 1219 1903 me
1249 1866 1503 1905 testetur.

1079 1948 1132 1991 P.
1163 1946 1233 1990 34.
1293 1945 1537 2001 μάλιστα
1567 1948 1660 2000 μὲν
1689 1969 1745 1975 -
1776 1945 1825 1984 εἰ

1024 2005 1076 2045 δὲ
1124 2004 1256 2045 τότε
1316 2002 1656 2057 ἐπελάθετο]
1718 2002 1822 2043 Fre-

1026 2075 1164 2115 quens
1196 2066 1263 2103 est
1292 2062 1407 2103 istud
1438 2059 1630 2115 μάλιστα
1660 2062 1738 2114 μέν
1766 2083 1823 2091 -

1024 2121 1063 2159 εἰ
1094 2120 1142 2160 δέ
1172 2126 1215 2161 et
1245 2119 1282 2159 εἰ
1313 2120 1357 2159 δὲ
1384 2118 1464 2172 μή,
1501 2122 1565 2161 vei
1590 2119 1718 2160 etiam
1736 2115 1823 2167 μα’-

1023 2177 1149 2217 λιστα
1187 2180 1265 2231 μὲν
1296 2200 1348 2208 —·-
1380 2178 1440 2218 δέ.
1488 2191 1526 2220 ν.
1564 2176 1618 2218 ad
1658 2174 1824 2228 Euthy-

1025 2232 1356 2302 den1.·p.304.
1389 2235 1445 2274 A.
1487 2235 1559 2275 ubi
1600 2246 1711 2287 quae
1748 2232 1822 2273 ad-

1027 2293 1306 2344 scripsimus,
1357 2291 1409 2332 iis
1456 2304 1566 2332 nunc
1614 2289 1826 2332 accedant

1025 2349 1155 2403 Reip.
1193 2349 1318 2391 VIII.
1350 2363 1392 2403 p.
1409 2348 1509 2393 564
1545 2351 1593 2390 Β.
1632 2346 1825 2415 μάλιστα

1025 2410 1099 2461 μὲν
1130 2405 1246 2452 ὅπως
1275 2404 1333 2461 μὴ
1368 2408 1475 2460 ἐγγὲι
1475 2412 1650 2460 ησθον,
1696 2420 1750 2444 αν
1781 2405 1826 2444 δὲ

1025 2466 1132 2517 ἐγγέι
1133 2468 1312 2516 ’,ησθον
1362 2462 1478 2512 ὅπως
1525 2462 1598 2505 ο’τι
1639 2461 1825 2513 τάχιστα

1026 2545 1082 2551 -—
1105 2523 1422 2575 ἐκτετμῆσθον.
1455 2522 1646 2575 Sophist.
1666 2536 1706 2575 p.
1725 2519 1823 2563 246.

1028 2580 1075 2621 C.
1122 2577 1316 2632 μάλιστα
1354 2582 1451 2631 μέν,
1486 2582 1522 2620 εἴ
1551 2595 1608 2635 πῃ
1638 2577 1826 2619 δινατὸν

1026 2641 1103 2689 ἠν,
1140 2638 1246 2691 ἔργῳ
1276 2636 1496 2690 βελτίους,
1536 2637 1572 2676 εὶ
1615 2638 1657 2677 δὲ
1687 2640 1825 2676 τοῦτο

1025 2692 1083 2748 μή
1116 2693 1826 2748 371w021‚u.v.i.Legg.Vlll.

1027 2766 1066 2805 ρ.
1100 2751 1200 2795 880.
1233 2753 1283 2793 ι).
1315 2751 1415 2796 885.
1448 2752 1501 2795 B.
1531 2752 1614 2794 1x.
1650 2765 1694 2806 p.
1725 2751 1827 2795 853.

1028 2809 1080 2850 Ε.
1111 2809 1210 2854 988.
1245 2814 1294 2854 Α.

1084 2894 1181 2950 ἐγὼ
1215 2897 1550 2951 παραχωρῶ]
1583 2895 1621 2937 h.
1654 2910 1690 2939 e.
1729 2909 1824 2949 p-er

1026 2966 1103 2994 me
1142 2954 1190 2993 ei
1241 2952 1338 2994 hoc
1385 2956 1536 2996 iicet.
1604 2954 1824 2995 Videlicet

1025 3024 1113 3052 non
1144 3011 1301 3051 iicebat
1331 3025 1453 3054 reum
1496 3026 1544 3053 se
1586 3010 1823 3052 defenden-

1027 3075 1113 3109 tem
1159 3068 1434 3121 interpeilare
1475 3077 1518 3110 et
1557 3074 1730 3121 tempus
1768 3069 1822 3109 ad

1026 3125 1323 3167 defensionem
1356 3129 1394 3168 ei
1421 3137 1674 3168 concessum
1694 3133 1826 3179 atque

1026 3183 1252 3237 ciepsydra
1286 3183 1504 3226 definitum
1527 3184 1674 3226 alienis
1692 3184 1825 3226 rebus

1029 3244 1269 3282 conterere.
1330 3242 1486 3283 Fiebat
1516 3247 1661 3283 tamen
1691 3242 1825 3282 inter-

1029 3297 1147 3350 dum,
1180 3303 1226 3339 ut
1257 3299 1329 3351 qui
1349 3312 1542 3342 caussam
1574 3311 1694 3340 suam
1726 3310 1826 3351 per·

1030 3356 1232 3407 orabant,
1280 3357 1306 3398 ii
1368 3358 1496 3398 etiam
1552 3356 1824 3397 adversarios

1030 3414 1229 3456 iuberent
1278 3415 1391 3456 iuter
1429 3427 1548 3456 suam
1587 3414 1823 3455 orationem
