2222 3762
412 122 825 177 APOLOGIA
866 115 1266 175 SOCRATIS.
1311 120 1372 170 P.
1418 121 1501 171 23.
1544 116 1622 171 St.

1807 120 1874 168 89

164 273 524 343 Δδιμιιουργιῑνν
565 271 654 327 καὶ
699 270 809 321 τῶν
854 271 1178 329 πολιτικῶν,
1225 264 1428 320 Λύκων
1475 262 1716 331 δὲ-ὑπὲρ
1760 267 1869 316 τῶν

178 355 448 431 ῥητόρων.
496 351 628 418 ὥςτε
654 394 666 417 ,
711 350 846 422 ὅπερ
890 352 1196 423 ἀρχόμενος
1241 347 1339 418 ἐγώ
1389 351 1592 419 ἔλεγον,
1645 346 1875 417 θαυμά-

178 493 254 535 viri
307 490 448 543 docti,
511 492 640 532 veluti
697 489 728 529 S
752 490 761 530 Ι
785 501 810 529 u
831 489 842 527 i
865 493 883 529 t
903 502 926 529 e
946 501 981 528 r.

178 552 323 597 Lectt.
369 543 580 590 A'ndocid.
621 561 661 601 p.
700 547 769 590 96.
809 546 981 599 Droy-

177 621 287 650 sen.
318 608 358 648 in
390 605 670 654 Welckeri
706 604 820 645 Mus.
844 603 982 644 Rheu.

176 666 261 707 ΙΙΙ.
295 679 336 719 p.
353 664 451 707 190.
483 661 771 704 Ht‘ilscher.
806 663 845 701 in
881 662 981 701 Vita

177 723 336 776 Lysiae
374 735 415 775 p.
455 721 553 772 67..
601 720 839 770 Meletum‚
895 719 979 759 So-

178 782 310 826 cratis
338 786 659 829 accusatorem,
694 778 820 818 etiam
855 777 983 817 intel-

178 838 395 891 ligendum
433 849 530 877 esse
564 836 605 876 in
645 836 843 876 oratione
877 836 980 875 An-

178 894 401 936 docidis
454 895 516 935 De
566 893 786 946 mysteriis
833 891 873 942 ξ.
915 891 985 934 12.

178 953 250 997 35
288 952 360 996 63.
404 951 475 995 94.
525 952 594 991 ubi
639 949 768 991 homo
810 948 984 1001 quidam

180 1010 373 1052 eiusdem
450 1008 632 1050 nominis
707 1013 989 1055 memoratur,

178 1069 266 1121 qui·
285 1067 466 1120 primum
489 1064 662 1117 quidem
696 1077 736 1106 a.
756 1062 856 1106 415.
889 1074 986 1102 cum

177 1123 410 1173 Alaeibiade
444 1128 488 1164 et
521 1120 747 1163 Andocide
780 1120 985 1171 mvsteria

179 1181 465 1233 evulgaverit,
518 1193 568 1220 ac
613 1177 770 1218 deiude
808 1191 845 1220 a·
883 1175 984 1220 404.

178 1253 202 1280 a
237 1239 408 1288 triginta
443 1237 542 1276 viris
573 1236 794 1276 Salamina
829 1235 986 1280 missus

178 1297 236 1338 sit
292 1295 506 1336 Leontem
573 1293 855 1334 Salaminium
931 1291 986 1332 ad

178 1353 430 1408 supplicium
463 1351 752 1402 abducturus,
791 1353 831 1391 in
862 1351 983 1391 cuius

178 1411 340 1465 negotii
379 1410 631 1451 societatem
677 1409 886 1449 Socrates
923 1408 985 1448 in-

179 1470 242 1511 fra
291 1481 388 1522 cap.
428 1467 497 1510 20.
543 1480 583 1519 p.
623 1465 694 1508 32.
736 1466 784 1506 C.
834 1467 882 1506 l).
937 1478 985 1506 se

178 1539 352 1581 quoque
385 1526 630 1578 importune
661 1529 861 1564 vocatum
886 1536 985 1563 esse

180 1590 337 1626 narrat.
400 1587 457 1623 At
487 1584 597 1622 euim
625 1595 728 1624 vero
747 1581 856 1621 hunc
875 1593 983 1632 quo·

178 1655 264 1696 que
304 1643 356 1682 ab
389 1647 647 1681 accusatore
684 1639 881 1679 Socratis
921 1639 984 1679 di·

179 1712 351 1741 versum
385 1698 518 1738 fuisse
548 1699 617 1738 vel
655 1696 751 1738 inde
786 1696 985 1748 intelligi-

180 1765 276 1808 tur,
325 1755 441 1809 quod
487 1755 696 1795 Socrates
736 1755 775 1794 iu
820 1753 985 1805 Euthy-

181 1814 344 1868 phrone
381 1814 489 1854 Plat.
523 1814 546 1854 Ι.
583 1825 620 1852 c.
661 1812 767 1852 dicit
806 1823 985 1851 accusa-

181 1880 319 1913 torem
339 1871 478 1912 ¹istum
511 1882 635 1910 suum
663 1875 706 1910 et
726 1869 986 1911 adolescen-

181 1936 267 1974 tem
304 1942 403 1970 esse
433 1933 477 1968 et
502 1928 582 1968 sibi
617 1926 803 1968 noudum
839 1926 986 1979 cogni-

181 1993 287 2028 tum.
349 1988 499 2038 ltaque
535 1985 757 2026 fatendum
793 1992 876 2034 est,
909 1995 989 2024 nec

181 2047 300 2099 plura
333 2057 459 2097 quam
495 2043 608 2095 apud
631 2043 856 2083 Platonem
891 2054 988 2095 per—

183 2103 340 2154 scripta
372 2103 571 2154 leguntur
615 2099 669 2141 de
702 2099 872 2140 homine
904 2102 988 2139 isto

183 2162 283 2202 sciri
355 2172 434 2200 nec
493 2159 760 2210 exploratum
825 2157 986 2205 haberi,

182 2229 388 2286 quorsum
431 2215 543 2257 istud
588 2211 695 2265 ὑπὲρ
735 2215 818 2253 τῶν
864 2227 987 2265 ποιη-

186 2276 269 2315 τῶν
305 2268 552 2325 ἀχθόμενος
590 2272 866 2313 referendum
919 2272 985 2311 sit.

183 2333 274 2374 Nisi
313 2331 426 2372 sorte
459 2331 591 2378 tilius
613 2329 692 2370 suit
726 2329 872 2370 Meleti
904 2330 932 2368 i.
927 2328 987 2369 'li-

184 2404 260 2440 us‚
306 2389 376 2442 qui
418 2388 471 2429 ab
515 2386 802 2440 Aristophane
843 2386 990 2439 exagi-

184 2455 301 2490 tatus
334 2451 425 2496 est,
466 2444 583 2498 quod
622 2445 721 2485 ideo
764 2448 832 2484 est
877 2444 990 2482 veri-

185 2506 338 2556 simile,
370 2505 467 2556 quia
503 2504 542 2543 in
579 2502 866 2543 accusationis
904 2500 990 2541 for-

184 2566 312 2612 mula,
348 2560 575 2603 Phavorini
608 2566 751 2601 aetate
781 2558 920 2599 adhuc
953 2560 990 2598 in

184 2616 365 2674 μητρῴῳ
398 2623 643 2666 asservata,
690 2622 802 2658 teste
835 2616 989 2669 Diog.

187 2679 367 2721 Laert.
413 2677 463 2717 ll.
506 2675 590 2718 40..
628 2676 870 2728 appellatus
924 2678 992 2715 est

186 2735 382 2789 Μέλητος
430 2730 631 2786 Μελήτου
689 2729 900 2780 Πιτθεύς,
948 2737 991 2772 et

185 2795 278 2848 ipse
309 2794 444 2848 patris
477 2793 718 2832 aemulatus
746 2791 987 2845 exemplum

186 2854 335 2906 poesin
374 2851 453 2890 iam
503 2849 753 2889 adolescens
792 2847 990 2888 factitare

187 2917 368 2952 conatus
401 2914 480 2947 est.
543 2905 630 2945 Sed
666 2906 748 2946 vid.
790 2919 901 2958 quae
934 2905 988 2945 de

187 2967 252 3009 his
293 2967 420 3008 rebus
478 2963 682 3004 omnibns
733 2962 988 3004 doctissime

189 3029 508 3067 commentatus
549 3027 614 3062 est
646 3021 696 3061 C.
731 3020 807 3061 Fr.
853 3020 986 3061 Her·

190 3094 407 3124 mannus
442 3081 515 3120 De
546 3077 798 3119 Socratis
827 3089 986 3119 accu-

189 3140 476 3182 satoribus
510 3150 552 3190 p.
585 3135 614 3178 4
643 3149 736 3189 sqq.
760 3159 816 3167 —-
859 3142 988 3188 Any-

189 3203 291 3249 tus,
322 3194 627 3238 Anthemionis
659 3194 790 3247 filius,
820 3193 987 3248 βυρσο-

190 3254 322 3309 δέψηε·
357 3269 391 3296 s.
441 3252 668 3302 coriarius,
715 3257 764 3293 ut
805 3259 872 3295 est
918 3265 989 3303 ap.

189 3319 353 3357 auctor.
387 3311 524 3366 Epist.
557 3309 662 3351 VII.
704 3309 828 3351 Socr.
852 3324 898 3364 p.
917 3309 988 3354 30.

191 3377 236 3414 et
272 3371 416 3415 Schol.
459 3368 513 3410 ad
556 3368 668 3410 Plat.
702 3366 817 3411 Men.
849 3382 889 3422 p.
919 3367 987 3413 90.

1066 490 1123 529 A.
1171 489 1269 528 coll.
1316 484 1561 538 Xenoph.
1615 487 1740 539 Apol.
1776 486 1869 537 39„

1067 545 1104 586 h.
1146 559 1186 586 e.
1227 544 1383 597 opificii
1426 544 1596 585 coriarii
1643 544 1764 585 dives
1796 544 1876 584 do-

1069 605 1232 653 minus,
1260 602 1344 642 suit
1375 600 1572 642 Socratis
1605 601 1877 642 adversario-

1067 675 1162 702 rum
1207 662 1338 712 longe
1375 659 1634 711 acerrimus,
1679 665 1727 700 ut
1767 659 1878 699 Ho-

1067 719 1249 760 ratius
1287 718 1431 769 Satyr.
1463 717 1524 756 ΙΙ.
1556 717 1599 760 4.
1643 716 1753 757 hunc
1794 729 1877 757 non

1067 778 1158 817 sine
1202 775 1359 816 idonea
1395 787 1547 815 caussa
1579 775 1752 827 Anyti
1795 787 1879 815 re-

1067 847 1147 874 um
1183 832 1478 886 appellaverit.
1513 846 1549 875 v,
1583 833 1635 873 ad
1671 846 1710 885 p.
1738 831 1805 875 18.
1829 832 1877 872 Β.

1076 893 1218 934 Quum
1253 903 1357 930 vero
1390 903 1517 942 opum
1554 894 1598 931 et
1628 889 1874 931 divitiarum

1073 947 1364 998 magnitudine
1388 950 1551 988 valeret
1575 949 1802 1000 plurimum
1835 949 1878 988 iu

1075 1008 1274 1054 civitate,
1325 1010 1523 1057 tempore
1579 1006 1754 1057 triginta
1811 1013 1879 1057 ty-

1073 1074 1300 1104 rannorum
1334 1062 1375 1101 in
1396 1062 1572 1102 exilium
1594 1063 1758 1103 eiectus
1794 1069 1876 1103 est.

1073 1119 1205 1162 Quod
1245 1120 1303 1160 ita
1345 1121 1457 1159 ultus
1503 1125 1570 1160 est
1609 1125 1780 1171 postea,
1831 1125 1881 1160 ut

1073 1178 1388 1230 Thrasybulum
1439 1177 1657 1229 pristinam
1707 1174 1881 1219 liberta-

1072 1243 1159 1277 tem
1204 1236 1486 1275 vindicantem
1531 1236 1712 1275 multum
1754 1236 1875 1276 adiu—

1072 1298 1217 1342 varen
1266 1292 1380 1333 uude
1430 1292 1523 1332 eius
1563 1294 1798 1334 auctoritas
1839 1295 1879 1334 in

1073 1352 1246 1392 civitate
1288 1350 1423 1403 magis
1464 1351 1592 1392 etiam
1636 1357 1765 1391 aucta
1798 1358 1880 1393 est.

1074 1424 1114 1450 v.
1174 1407 1413 1461 Xenoph.
1484 1401 1658 1449 Hellen.
1726 1409 1776 1450 ΙΙ.
1836 1409 1878 1452 3.

1077 1467 1195 1520 lays.
1235 1467 1330 1507 adv.
1377 1469 1506 1518 Agor.
1530 1466 1581 1517 ,6.
1616 1466 1683 1510 78.
1726 1466 1878 1510 Diod.

1071 1522 1202 1566 XIII.
1225 1524 1295 1567 64.
1331 1499 1466 1565 Plan&
1492 1524 1628 1576 Epist
1659 1525 1744 1564 Vll.
1764 1526 1878 1568 med.

1072 1583 1225 1634 ltaque
1257 1583 1328 1622 ille
1361 1583 1535 1622 summis
1567 1581 1770 1623 admotus
1803 1582 1880 1623 ho·-

1073 1641 1249 1681 norihus
1290 1645 1378 1690 est,
1419 1652 1550 1690 quum
1578 1639 1694 1680 inde
1734 1655 1756 1682 a
1791 1641 1878 1681 Cli-

1072 1697 1234 1739 sthenis
1253 1701 1395 1738 aetate
1416 1699 1483 1738 vel
1504 1697 1732 1750 opificibus
1764 1711 1879 1739 rem-

1072 1755 1281 1808 publicam
1342 1768 1572 1807 capessere
1624 1756 1786 1797 liceret.
1837 1770 1875 1798 v,

1076 1814 1214 1854 Plat.
1253 1811 1426 1853 Menon.
1469 1826 1510 1865 p.
1556 1812 1625 1856 90.
1671 1814 1720 1854 Β.
1774 1814 1876 1856 Xe-

1073 1870 1225 1924 noph.
1265 1872 1392 1923 Apol.
1434 1869 1471 1921 §.
1505 1872 1572 1915 29.
1644 1871 1768 1914 Quae
1809 1885 1879 1912 res

1072 1930 1260 1969 animum
1293 1929 1398 1975 eius,
1430 1930 1507 1970 iam
1541 1934 1693 1969 natura
1727 1929 1778 1969 ad
1814 1929 1880 1969 fa-

1073 1993 1189 2027 stum
1222 1986 1473 2039 proclivem,
1507 1999 1686 2039 prorsus
1718 1987 1879 2039 impor-

1074 2051 1178 2085 tuna
1213 2044 1398 2096 replevit
1431 2046 1647 2097 superbia,
1685 2044 1728 2084 id
1761 2044 1876 2097 quod

1076 2104 1252 2144 evenire
1292 2103 1405 2142 solet
1448 2108 1589 2142 terrae
1639 2102 1758 2152 filiis,
1808 2102 1879 2154 qui

1075 2162 1192 2199 nullo
1234 2160 1389 2199 merito
1430 2171 1510 2198 sno
1550 2159 1604 2200 ad
1644 2159 1768 2199 altius
1816 2159 1880 2199 di-

1075 2217 1251 2266 gnitatis
1291 2216 1507 2267 fastigium
1551 2215 1804 2257 evehuntur.
1837 2229 1878 2257 v,

1078 2276 1190 2316 Men.
1235 2275 1260 2315 l.
1297 2286 1332 2313 c.
1404 2274 1558 2325 Itaque
1600 2275 1752 2315 mirum
1796 2287 1880 2314 non

1077 2338 1158 2382 est,
1191 2331 1304 2383 quod
1337 2331 1567 2372 Socratem
1608 2332 1647 2372 in
1689 2331 1880 2384 discipli-

1075 2403 1127 2430 na
1170 2397 1214 2430 et
1258 2388 1525 2429 institutione
1576 2390 1877 2442 discipulorum

1078 2448 1273 2499 exempla
1334 2447 1387 2486 ab
1435 2448 1682 2498 sutoribus,
1729 2447 1879 2498 fabris,

1077 2503 1294 2554 coriariis,
1327 2504 1421 2544 aliis
1454 2504 1708 2555 opificibus,
1751 2517 1880 2557 repe-

1078 2568 1243 2604 tentem
1263 2575 1417 2614 maguo
1438 2562 1539 2602 odio
1564 2562 1722 2611 habuit,
1756 2575 1881 2614 prae—

1078 2621 1228 2662 sertim
1289 2632 1416 2671 quum
1483 2623 1610 2661 etiam
1665 2619 1881 2672 sophistas

1078 2685 1285 2730 tanquam
1334 2683 1501 2729 pestem
1555 2684 1593 2719 el
1646 2678 1878 2731 perniciem

1077 2737 1266 2777 ciiitatis
1285 2735 1562 2776 vehementer
1584 2742 1880 2787 aversaretur3

1077 2794 1157 2836 suit
1187 2794 1297 2834 enim
1332 2792 1460 2834 homo
1491 2795 1619 2846 plane
1652 2794 1880 2834 democra-

1076 2852 1206 2901 ticus‚
1264 2852 1303 2891 in
1356 2865 1440 2903 quo
1499 2851 1788 2903 sophistarum
1839 2858 1883 2892 et

1077 2909 1427 2962 philosophorum
1478 2909 1617 2950 odium
1660 2923 1742 2949 nou
1803 2910 1883 2949 mi-

1075 2979 1195 3018 rum3
1238 2980 1278 3007 v.
1319 2967 1491 3008 Menon.
1525 2980 1564 3019 p.
1593 2965 1662 3010 91.
1699 2972 1729 3006 Α
1753 2991 1807 2996 -
1832 2967 1883 3007 C.

1077 3024 1218 3065 Tanta
1253 3031 1394 3066 autem
1437 3024 1516 3064 suit
1550 3025 1706 3071 ingenii
1740 3026 1880 3078 pervi-

1073 3083 1206 3134 cacia,
1241 3088 1286 3122 ut
1324 3082 1437 3124 Men.
1468 3080 1653 3125 92—94.
1687 3082 1738 3123 E.
1799 3081 1881 3123 So-

1073 3141 1176 3181 crati
1230 3152 1284 3180 ne
1327 3141 1461 3179 virtus
1502 3152 1583 3180 non
1624 3141 1761 3193 possit
1803 3140 1880 3180 do-

1074 3197 1207 3238 ctrina
1247 3201 1291 3237 et
1328 3197 1591 3238 institutione
1634 3198 1877 3250 comparari

1074 3255 1306 3304 metuenti,
1341 3266 1474 3306 quum
1499 3254 1601 3307 ipse
1631 3256 1758 3296 aliter
1789 3261 1881 3295 sta-

1075 3313 1226 3363 tuerit,
1264 3311 1601 3353 -minitabundus
1639 3314 1872 3353 acclamet:

1074 3383 1100 3410 0
1129 3369 1727 3417 Socrate,'teme1'·aria
1761 3382 1879 3410 cam

1912 273 1976 322 :24
