2158 3718
390 119 494 169 181)
1011 116 1425 169 PLATole

396 283 521 330 σαι,
578 259 791 335 ὅσαπερ
850 254 1016 326 οὗτος
1073 257 1218 339 ἤδει·
1280 260 1555 337 ἐφρόνουν
1613 260 1722 334 γὰρ
1769 260 1835 331 ὀὴ
1880 265 1966 318 ἐπὶ
1999 266 2072 340 τῇ

398 346 520 422 ὥρᾳ
575 345 898 419 θαυμάσιον
953 342 1110 402 ὅσον.
1167 346 1347 400 ταῦτα
1402 339 1504 403 οὗν
1557 349 1909 415 διανοηθείς,
1962 344 2074 422 πρὸ

402 435 503 488 τοῦ
548 430 649 488 οὐκ
692 426 908 494 εἰωθώς
948 425 1080 485 ἄνευ
1125 427 1455 486 ἀκολούθου
1499 431 1669 502 μόνος
1711 429 1826 502 μετ’
1893 429 2073 487 αὐτοῦ

400 519 709 588 γίγνεσθαι,
751 511 876 569 τότε
902 511 1247 584 ἀποπέμπων
1278 534 1379 569 τον
1401 511 1727 573 ἀκόλουθον
1753 513 1928 588 μόνος
1947 514 2075 573 σνν-

266 648 268 651 ,
314 615 356 665 Β
403 599 713 672 εγιγνόμην.
759 600 840 653 δεῖ
878 594 986 670 γὰρ
1032 594 1172 671 πρὸς
1211 595 1357 671 ὑμᾶς
1397 596 1581 654 πάντα
1621 599 1854 668 τάληθῆ
1877 606 2076 656 ειπεῖν

406 676 553 740 ἀλλὰ
594 688 873 756 προςέχετε
906 679 1007 738 τὸν
1051 684 1220 748 νοῦν,
1263 685 1357 738 καὶ
1397 688 1442 738 εὶ
1452 682 1788 782 ψεύδομαι,
1833 682 2076 755 Σώκρα-

406 790 510 834 τες,
551 767 798 838 ἐξέλεγχε.
839 763 1235 838 συνεγιγνόμην
1272 764 1398 840 γάρ,
1439 758 1480 821 ὦ
1525 765 1735 868 ἄνδρες,
1777 767 1965 873 μόνος
1973 765 2077 840 μό-

407 872 518 924 νῳ,
578 853 673 908 καὶ
723 849 880 922 ῴμην
936 849 1136 908 αὐτίκα
1190 850 1543 918 διαλέξεσθαι
1586 850 1759 908 αὐτόν
1797 874 1894 925 μοι
1931 850 2075 927 ἅπερ

401 933 476 992 ἂν
517 931 756 1008 ἐραστὴς
795 937 1073 1035 παιδικοῖς
1113 942 1174 991 ὲν
1214 937 1413 1008 ἐρημίᾳ
1441 938 1777 1009 διαλεχθείη,
1819 939 1911 993 καὶ
1937 941 2080 1008 ἔχαι-

403 1039 525 1094 ρον.
570 1017 788 1076 τούτων
831 1017 999 1075 δὀὐ
1045 1017 1199 1093 μάλα
1243 1024 1483 1091 ἐγίγνετο
1511 1021 1685 1088 οὐδέν,
1727 1018 1864 1076 ἀλλ’
1901 1042 2076 1094 ωςπερ

404 1102 594 1161 εἰώθει.
650 1106 964 1176 διαλεχθεὶς
1017 1101 1092 1160 ἄν
1145 1125 1244 1177 μοι
1297 1106 1390 1160 καὶ
1447 1103 1848 1178 συνημερεύσεις
1891 1100 2077 1176 ᾤχετο

403 1187 605 1246 ἀπιών.
663 1185 802 1261 μετὰ
856 1191 1038 1244 ταῦτα
1096 1187 1579 1261 συγγυμνάζεσθαι
1647 1187 2080 1263 προίκαλούμην

315 1287 358 1338 c
403 1269 583 1330 αὐτὸν
625 1275 719 1329 καὶ
763 1270 1262 1347 συνεγυμναζόμην,
1310 1270 1385 1338 ὥς
1422 1296 1477 1331 τι
1506 1277 1767 1332 ἐνταῦθα
1808 1275 2080 1348 περανῶν.

517 1435 790 1493 ἐφρόνουν
820 1435 922 1493 γὰρ
954 1436 1014 1490 δη
1049 1436 1138 1479 ἐπὶ
1167 1438 1235 1493 τ.]
1277 1435 1357 1491 δή,
1389 1436 1640 1490 scilicet,
1672 1420 1752 1492 pro
1783 1437 1868 1494 ἤδη
1897 1451 2083 1481 revoca·-

402 1500 495 1538 tum
524 1508 549 1538 e
580 1494 706 1537 Bodl.
744 1495 846 1538 Vat.
861 1493 913 1537 A.
939 1495 1089 1538 veae·
1091 1495 1238 1538 ,vind.
1250 1493 1291 1538 2.

515 1553 569 1594 Β.
629 1551 802 1607 ὥςπερ
844 1550 1065 1604 εἰώθει]
1107 1553 1208 1593 Par.
1227 1551 1274 1596 F.
1315 1549 1473 1605 εἰώθη,
1505 1565 1546 1594 v.
1575 1551 1741 1597 Buttm.
1775 1553 1855 1598 Gr.
1887 1553 2006 1596 Max.
2035 1554 2078 1604 §-

402 1610 470 1654 97
507 1610 584 1662 16,
628 1609 744 1651 unde
782 1609 924 1652 disces
955 1609 1061 1651 hanc
1089 1610 1244 1651 tertiae
1276 1623 1488 1663 personae
1516 1609 1701 1652 formam
1732 1624 1758 1652 a
1787 1612 2080 1664 grammaticis

404 1667 634 1710 recentiori
672 1667 901 1708 Atticismo
952 1667 1173 1720 assignari.
1214 1667 1326 1709 conf.
1368 1666 1519 1709 Matth.
1553 1668 1632 1709 Gr.
1665 1667 1698 1720 §
1737 1667 1832 1712 198
1866 1667 1910 1714 4.
1969 1669 2081 1711 Post

402 1723 650 1777 διαλεχθεὶς
682 1723 806 1765 Vind.
818 1724 858 1767 7.
888 1724 983 1768 Par.
996 1724 1049 1766 K.
1085 1725 1233 1769 Ambr.
1256 1725 1351 1767 Vat.
1374 1739 1417 1779 p.
1451 1724 1504 1765 ἂν
1535 1725 1752 1778 omittunt,
1784 1725 1900 1780 quod
1929 1726 2079 1768 Astius

401 1783 443 1823 in
473 1780 575 1822 ἄττ’
609 1781 861 1823 mutandum
892 1787 1057 1825 censet.

521 1839 571 1882 C.
629 1855 806 1896 ταυτῃ
842 1838 1075 1891 ἤνυτον]
1110 1837 1295 1891 γ’]’νιττον
1324 1838 1423 1880 Par.
1439 1838 1508 1888 F„
1539 1839 1652 1882 conf.
1683 1840 1860 1887 Dorvill.
1892 1840 1945 1884 ad
1965 1840 2077 1883 Cha·

399 1896 543 1995 Bit-ok
574 1895 673 1941 543
707 1896 777 1941 ed.
809 1896 931 1952 Lips.
990 1897 1097 1940 Mox
1136 1895 1289 1954 τάνδρὶ
1317 1896 1418 1939 Par.
1439 1871 1544 1939 DK.
1578 1897 1672 1940 Vat.
1697 1911 1738 1952 p.
1750 1929 1763 1952 ,
1802 1899 1918 1952 quod
1958 1898 2080 1942 dedit

441 1968 464 1997 e
496 1955 589 1997 ker.

1280 2094 1331 2137 τὸ
1356 2102 1550 2152 πρᾶγμα,
1571 2096 1666 2140 sed
1695 2096 1797 2139 lam
1824 2095 1890 2139 ad
1909 2097 2080 2153 ipsam

458 2097 511 2138 Β.
600 2094 714 2137 ἀλλ’
774 2072 950 2150 ὥςπερ
1009 2094 1200 2137 εἰώθει

1282 2167 1394 2197 rem
1457 2153 1904 2209 aggrediendum
1965 2160 2079 2198 esta

399 2153 731 2206 διαλεχθεὶς
758 2152 820 2194 ἄν
849 2152 970 2209 μοι]
1004 2154 1200 2196 Pertinet

400 2211 455 2253 ἂν
473 2211 527 2254 ad
557 2211 708 2267 ᾤχετο,
738 2211 798 2252 ita
816 2216 864 2252 ut
882 2211 1042 2253 indicet
1062 2211 1199 2254 actio-

401 2282 500 2312 nem
532 2282 610 2323 pro
630 2282 774 2312 rerum
799 2269 1045 2312 conditione
1076 2269 1199 2312 iden-

400 2326 533 2369 tidem
545 2328 790 2382 repetitam=
811 2340 832 2367 s
845 2339 871 2368 o
882 2328 894 2369 l
905 2340 929 2369 e
940 2327 967 2368 b
978 2331 1032 2369 at
1050 2327 1099 2368 id
1113 2340 1137 2369 e
1147 2340 1213 2379 n-l

400 2383 571 2426 tidem
631 2383 951 2436 discedere,
1010 2383 1065 2426 de
1113 2397 1198 2438 quo

400 2442 603 2495 loquendi
634 2455 794 2496 genere
813 2443 980 2496 optime
999 2442 1202 2484 disseruit

398 2499 552 2542 Rost.
581 2500 620 2550 §-
647 2499 741 2544 120.
761 2499 802 2543 5.
839 2513 876 2541 c.
935 2501 1086 2554 ltaque
1114 2511 1198 2541 non

400 2563 468 2599 est
509 2556 628 2610 quod
670 2570 768 2599 cum
808 2558 964 2600 Astio
1005 2558 1197 2611 corriga-

399 2626 495 2656 mus
534 2614 784 2667 διαλεχθεὶς
822 2613 936 2657 ἅττα
977 2630 1082 2668 μοι,
1127 2619 1201 2657 aut

398 2684 499 2713 cum
529 2684 616 2712 uno
638 2672 734 2713 cod.
758 2671 940 2715 Vindob.
972 2672 1024 2713 ἂν
1055 2672 1199 2713 delea-

398 2740 509 2770 mus.
568 2729 739 2771 Delevit
768 2733 914 2772 tamen
946 2730 1197 2771 Homme-

399 2785 527 2827 lius.

440 2832 506 2882 C.
564 2839 726 2882 ουδὲν
763 2838 864 2895 γάρ
905 2855 1002 2894 μοι
1032 2838 1196 2879 πλέον

398 2890 493 2950 ἤν]
553 2896 692 2939 nihil
741 2898 880 2940 enim
932 2896 1195 2953 proficie-

397 2956 529 3001 bam
593 2955 773 3009 lnfrap
778 2953 926 2999 222.
965 2955 1026 2996 D:
1067 2954 1196 3007 μηδὲν

395 3013 525 3055 πλέον
562 3011 683 3084 αυτῷ
728 3016 913 3067 γένηται.
983 3011 1090 3054 lbid.
1133 3011 1192 3054 E.

395 3069 523 3112 oudin
555 3065 635 3111 οὖν
663 3071 793 3111 πλέον
821 3068 940 3110 αὐτῶ
969 3069 1101 3110 ἔσται.

452 3126 585 3169 ἀλλὰ
614 3127 797 3170 ἰστέον
828 3112 954 3181 ἤδη,
996 3128 1049 3167 τί
1075 3128 1195 3167 ἐστι

391 3183 450 3227 τὸ
503 3184 758 3240 πρᾶγμα]
817 3184 1191 3238 wyttenbach-

388 3243 499 3284 Bibl.
538 3242 764 3285 Crit.'Vol.
786 3242 818 3285 1.
846 3242 965 3284 Part·
994 3243 1022 3284 1.
1056 3255 1096 3295 p.
1120 3243 1190 3286 50.

389 3305 434 3342 et
458 3300 551 3344 vol.
576 3300 651 3343 ΙΙΙ.
683 3300 734 3344 P.
755 3300 851 3343 ΧΠ.
880 3313 921 3354 p.
946 3298 1011 3343 12.
1045 3301 1190 3353 legen-

395 3357 496 3400 dum
528 3358 716 3401 censuit:
746 3356 844 3399 ἀλλ’
877 3358 989 3398 ἰτέον
1012 3356 1096 3410 ἤδη
1125 3356 1194 3397 ἐπὶ

1281 2224 1392 2265 qnae
1450 2213 1608 2255 locutio
1662 2213 1833 2254 Platoni
1891 2213 2078 2255 maxime

1280 2269 1551 2322 frequentata
1571 2275 1651 2312 est.
1684 2270 1812 2324 Atqui
1832 2281 1922 2312 rem
1940 2270 2081 2324 ipsam

1284 2327 1527 2370 Alcibiades
1566 2328 1650 2370 iam
1692 2333 1818 2369 autea
1848 2340 2080 2380 aggressus

1284 2390 1353 2426 est
1386 2387 1619 2440 explicare,
1650 2398 1730 2427 nec
1765 2397 1877 2426 nunc
1906 2384 2080 2428 demum

1283 2442 1335 2483 ad
1397 2456 1491 2485 eam
1546 2441 1838 2485 illustrandam
1897 2442 2079 2485 accedit.

1281 2500 1440 2542 Docuit
1471 2501 1582 2543 enim
1603 2499 1740 2542 adhuc
1767 2511 1918 2542 omues
1947 2504 2079 2551 artes,

1282 2557 1437 2610 quibus
1477 2558 1704 2600 Socratem
1742 2557 1797 2598 ad
1850 2557 1919 2598 sui
1956 2569 2079 2598 amo-

1282 2627 1376 2656 rem
1409 2616 1611 2669 pellicere
1641 2613 1918 2668 speravisset,
1949 2613 1990 2654 in
2021 2613 2080 2654 ir—

1283 2672 1411 2713 ritum
1443 2671 1663 2713 cecidisse.
1725 2670 1772 2711 Si
1801 2674 1942 2712 autem
1975 2669 2077 2712 haec

1282 2729 1414 2769 verba
1441 2727 1604 2770 referas
1643 2726 1699 2768 ad
1729 2729 1924 2781 proxime
1949 2740 2076 2781 prae-

1282 2784 1493 2837 cedentia,
1523 2797 1728 2837 quorsum
1759 2796 1862 2826 sane
1885 2784 2075 2826 referen-

1282 2840 1336 2882 da
1368 2847 1492 2891 sunt,
1523 2854 1701 2893 vereor,
1741 2853 1796 2882 ne
1825 2839 1930 2883 haec
1957 2845 2077 2884 tran-

1280 2898 1447 2940 sitionis
1469 2899 1653 2942 formula
1673 2898 1848 2953 gravior
1867 2899 1924 2940 sit
1943 2912 2075 2953 quam

1279 2969 1357 3010 pro
1388 2957 1624 2999 sententiae
1653 2957 1845 3007 ratione,
1877 2969 2077 3010 praeser-

1281 3014 1355 3055 tim
1387 3027 1517 3067 quum
1549 3027 1648 3070 pars
1678 3014 1739 3057 rei
1771 3014 1970 3067 exposita
2002 3015 2072 3055 sit.

1278 3071 1487 3123 Accedit,
1558 3071 1674 3125 quod
1735 3071 1910 3113 codices
1968 3084 2072 3113 mss.

1278 3134 1525 3171 constanter
1562 3133 1740 3171 tuentur
1776 3133 1966 3170 veterem
2010 3130 2074 3172 le-

1277 3187 1489 3238 ctionem,
1527 3191 1571 3229 et
1600 3185 1717 3240 quo'd
1750 3184 1855 3228 haec
1884 3186 1980 3239 ipsa
2010 3188 2074 3228 le-

1277 3245 1381 3296 ctio,
1412 3243 1545 3286 modo
1576 3244 1789 3286 subtiliter
1818 3243 2070 3297 explicetur,

1275 3302 1459 3355 egregie·
1489 3302 1690 3344 convenit
1737 3299 1818 3354 ipsi
1866 3299 2071 3342 orationis

1273 3363 1541 3412 argumento.
1611 3359 1781 3401 Etenim
1825 3355 2066 3400 declaratu-
