2222 3762
411 148 479 198 (54

1032 141 1507 200 PLATONIS

412 295 502 348 καὶ
528 291 690 347 αὐτοὶ
714 296 773 346 ἐν
793 293 858 368 τῇ
874 288 1314 365 Ἀριστοφάνους
1336 293 1611 361 κωμῳδίᾳ,
1651 289 1934 363 Σωκράτη
1979 290 2106 347 τινὰ

412 385 518 434 ἐκεῖ
550 373 999 452 περιφερόμενον,
1027 371 1321 451 φάσκοντοὶ
1360 396 1416 430 τε
1447 373 1779 448 ἀεροβατεῖν
1805 379 1897 431 καὶ
1930 373 2109 444 ἄλλην

415 596 609 645 δασκων,
647 595 765 649 quod
815 609 839 637 e
881 594 1008 638 Bodl.
1041 595 1145 636 Vat.
1175 594 1286 636 Ven.
1325 594 1368 636 b.
1412 594 1536 637 Vind.
1567 594 1609 639 4.
1640 594 1758 637 Flor.
1805 597 1846 638 b.
1887 597 1988 641 Par.
2023 594 2109 641 DS.

419 660 645 698 mutatum.

476 823 525 867 C.
581 821 642 863 ἐν
697 821 755 874 τῇ
796 817 1227 875 Ἀριστοφάνους

419 879 701 937 κωμῳδίᾳ]
753 881 800 922 ln
831 880 1024 921 Nubibus
1057 881 1225 933 primis,

416 954 530 994 quae
552 989 555 993 .
580 938 720 979 fabula
777 941 877 979 acta
939 943 1007 978 est
1056 938 1228 978 circiter

418 1003 624 1051 quattuor
656 1001 699 1037 et
716 997 861 1049 viginti
880 996 1000 1036 aunis
1014 1001 1115 1036 ante
1141 994 1224 1036 So-

419 1057 548 1098 cratis
561 1055 898 1103 damnationem,
921 1052 1173 1106 olymp.89.
1194 1053 1225 1095 1.

421 1113 638 1155 Archonte
658 1110 843 1164 lsai-cho,
883 1111 1112 1166 Dionysiis.
1145 1110 1227 1150 Vi-

419 1172 547 1213 detur
577 1175 721 1211 autem
755 1167 960 1210 Socrates
994 1170 1032 1209 in
1067 1169 1135 1210 illa
1164 1167 1225 1208 sa·

418 1231 515 1271 bula
561 1228 640 1269 huc
679 1232 722 1268 et
761 1227 859 1268 illuc
900 1227 1068 1267 delatus
1111 1238 1227 1276 esse,

420 1293 465 1329 et
494 1288 799 1338 interrogatus,
831 1284 934 1337 quid
956 1288 1124 1336 ageret,
1158 1295 1227 1324 re-

419 1343 648 1398 spondisse
680 1355 728 1383 se
752 1355 829 1396 per
849 1346 992 1383 aerem
1015 1341 1224 1382 incedere.

419 1402 640 1446 Quorsum
658 1400 844 1442 sortasse
862 1401 1078 1454 pertinent
1098 1400 1223 1440 etiam

419 1472 529 1513 quae
559 1459 599 1499 in
632 1458 870 1511 superstite
903 1457 1043 1499 fabula
1076 1459 1228 1509 legun-

419 1523 491 1559 tur
531 1529 571 1557 ν.
615 1516 698 1560 226
740 1528 862 1568 sqq.,
910 1515 1004 1566 ubi,
1042 1513 1142 1556 dum
1184 1514 1225 1555 in

423 1570 650 1630 κρεμάθρᾳ
690 1572 1022 1615 meditabundus
1065 1571 1230 1622 haeret,

423 1649 446 1674 a
481 1631 735 1686 Strepsiade
767 1635 971 1682 rogatus,
1004 1630 1105 1682 quid
1136 1641 1230 1670 mo-

425 1692 577 1742 liatur,
653 1688 912 1742 respondet,
988 1682 1228 1741 ἀεροβατῶ.

423 1749 697 1800 Quamquam
731 1746 902 1787 videtur
933 1752 1062 1800 poeta
1092 1747 1134 1787 in
1167 1747 1230 1786 al-

348 1816 356 1818 ”
425 1812 518 1848 tera
560 1805 744 1847 Nubium
790 1803 980 1846 editione
1030 1804 1231 1845 nonnulla

425 1876 504 1918 pro
546 1863 728 1904 consilio
769 1874 850 1903 suo
881 1861 1139 1913 mutavisse,
1176 1860 1231 1902 de

423 1934 508 1975 qua
554 1933 603 1963 re
662 1933 702 1960 v.
769 1924 942 1973 praeter
993 1919 1100 1960 alios
1149 1918 1227 1962 Fr.

424 1975 1226 2025 Volckm.Fritschium.Quaest.

425 2036 727 2090 Aristophann.
765 2049 804 2089 p.
849 2035 931 2079 131
974 2048 1064 2088 sqq.
1107 2039 1151 2076 et
1189 2046 1229 2087 p.

424 2094 510 2141 115
552 2107 645 2148 sqq.
684 2097 816 2147 atque
856 2093 1229 2134 Hermannum

425 2152 619 2196 Praefat.
672 2151 726 2193 ad
776 2149 950 2193 secund.
996 2148 1099 2192 edit.
1136 2148 1227 2192 Nu-

428 2212 547 2254 bium
581 2223 623 2263 p.
657 2208 760 2252 Xlll
793 2222 884 2262 sqq.
934 2206 1093 2249 Iniuria
1127 2221 1230 2250 vero

428 2283 484 2312 ex
506 2268 586 2310 hoc
607 2269 704 2308 loco
726 2269 994 2320 collegerunt
1012 2265 1090 2306 viri
1112 2265 1230 2307 docti

431 2325 729 2379 Aristophanis
790 2325 973 2366 fabulam
1023 2324 1232 2377 imprimis

428 2384 651 2434 effecisse,
683 2387 734 2424 ut
754 2381 960 2424 Socrates
978 2383 1107 2435 vulgo
1133 2387 1231 2422 tan-

428 2455 554 2496 quam
583 2452 782 2482 morosus
814 2444 858 2482 et
889 2439 1059 2492 ineptus
1091 2451 1232 2480 rerum

428 2499 617 2542 inanium
652 2501 870 2538 scrutator
900 2501 1132 2550 suspectus
1157 2495 1232 2536 ha-

429 2558 629 2606 beretur,
677 2555 876 2607 adeoque
921 2558 1120 2607 tanquam
1161 2565 1234 2594 so-

430 2614 575 2669 phista
604 2617 649 2654 et
661 2612 944 2653 calumniator
964 2610 1116 2665 capitis
1132 2622 1235 2664 sup-

429 2672 556 2727 plicio
587 2670 843 2711 afficeretur.
907 2668 1015 2711 Nam
1050 2673 1094 2710 et
1128 2669 1237 2709 mul-

430 2735 523 2779 tum
555 2727 762 2781 temporis
793 2726 875 2767 iam
907 2727 1149 2775 effluxerat,
1182 2737 1235 2766 ex

431 2799 520 2840 quo
551 2790 646 2826 acta
679 2787 772 2825 erat
801 2782 975 2835 Nubes,
1017 2789 1061 2825 et
1093 2782 1236 2824 fabula

431 2845 503 2891 illa
534 2855 618 2884 non
652 2845 863 2894 steterat,
902 2846 947 2883 et
986 2839 1234 2894 Aristopha-

431 2914 509 2946 nes
543 2901 637 2955 ipse
665 2911 749 2941 non
788 2897 833 2939 id
866 2903 1038 2953 egerat,
1073 2902 1121 2940 ut
1151 2897 1233 2939 So-

434 2959 540 3002 crati
595 2956 807 2999 innocenti
863 2961 1028 2998 tantum
1090 2954 1234 2997 odium

433 3016 668 3066 conflaret,
713 3025 838 3067 quem
879 3014 1107 3055 induxerat
1157 3025 1235 3067 po-

434 3076 520 3118 tius
567 3075 692 3126 louge
739 3070 863 3113 aliam
912 3072 968 3113 ob
1019 3083 1236 3114 caussam.

438 3131 827 3175 Etenimnniversa
862 3128 1048 3171 Nubium
1078 3129 1237 3177 fabula,

435 3190 471 3232 si
503 3201 653 3231 verum
685 3187 953 3241 quaerimus,
994 3199 1079 3228 non
1111 3187 1237 3229 alior-

436 3260 530 3289 sum
571 3245 769 3300 profecto
822 3244 1009 3298 pertinet
1049 3246 1127 3286 nisi
1168 3255 1239 3295 e0,

437 3310 486 3348 ut
531 3315 699 3346 morum
750 3301 1100 3356 depravationem
1160 3303 1246 3343 late

440 3362 638 3411 diffusam
671 3361 876 3413 imprimis
911 3372 965 3401 ex
994 3360 1150 3402 novitia
1174 3372 1245 3400 so-

439 3421 683 3475 phistarum
712 3423 756 3459 et
783 3418 1148 3471 philosophorum
1175 3418 1243 3459 in·

1282 3482 1312 3499 α,

1310 822 1534 864 stitutione
1563 835 1613 863 ac
1645 822 1883 876 disciplina,
1917 823 1970 864 ab
2002 822 2112 865 ado-

1310 881 1572 922 lescentibus
1612 880 1928 922 studiosissime
1975 894 2112 934 expe-

1311 939 1407 989 tita,
1429 939 1674 980 manavisse
1686 938 1953 983 ostendatur.
1984 939 2114 982 Quod

1311 996 1486 1050 quidem
1521 994 1723 1037 Comicus
1755 996 1813 1037 ita
1833 997 1972 1050 palam
1991 996 2115 1048 fecit,

1312 1060 1358 1095 ut
1392 1053 1671 1096 acerbissime
1699 1054 2005 1109 perstrinxerit
2037 1066 2116 1095 nu-

1312 1125 1390 1163 gas
1430 1116 1476 1154 et
1514 1110 1690 1153 fraudes
1739 1111 2023 1166 sophistarum
2073 1117 2117 1153 et

1311 1169 1594 1223 impostorum
1645 1170 1757 1211 illius
1811 1169 1971 1211 aetatis
2021 1182 2115 1211 om-

1313 1228 1453 1278 nium,
1498 1238 1657 1279 easque
1685 1227 1975 1280 spectantium
2006 1227 2116 1268 risui

1314 1285 1578 1339 exposuerit.
1639 1284 1798 1326 Partes
1846 1296 1953 1325 vero
2007 1285 2118 1325 isto-

1312 1355 1407 1385 rum
1448 1341 1775 1384 homuncionum
1814 1341 1884 1382 uni
1931 1343 2117 1384 maxime

1313 1400 1466 1443 tribuit
1506 1399 1690 1442 Socrati.
1763 1396 1893 1449 Quod
1941 1411 2016 1440 cur
2059 1400 2119 1442 ita

1312 1457 1561 1508 instituerit,
1595 1457 1676 1498 etsi
1707 1457 1832 1499 valde
1863 1461 2118 1500 controver-

1314 1529 1409 1556 sum
1441 1519 1521 1566 est,
1564 1518 1739 1566 tamen,
1768 1527 1825 1557 're
1868 1514 2118 1568 diligentius

1314 1573 1585 1616 considerata
1605 1573 1863 1626 saepiusque
1890 1573 2118 1626 pensitato,

1311 1633 1425 1673 hanc
1456 1631 1511 1672 ob
1543 1642 1743 1671 caussam
1785 1631 1838 1672 ab
1870 1643 1924 1672 eo
1953 1631 2118 1673 factum

1313 1689 1589 1731 arbitramur.
1642 1687 1813 1730 Oderat
1844 1688 1957 1730 enim
1989 1692 2120 1742 poeta

1315 1759 1466 1790 omnes
1499 1746 1670 1787 omnino
1691 1746 1853 1788 veteris
1867 1745 2120 1800 disciplinae

1315 1803 1586 1847 adversarios
1619 1807 1749 1856 atque
1781 1803 1985 1847 novitiae*
2014 1805 2121 1846 artis

1314 1863 1579 1916 rationisque
1609 1866 1815 1915 patronos
1845 1874 1896 1902 ac
1918 1859 2122 1904 defenso-

1315 1934 1409 1972 res3
1441 1919 1483 1962 id
1517 1918 1633 1973 quod
1667 1931 1795 1972 quum
1825 1919 1999 1961 aliunde
2029 1923 2122 1964 tum

1316 1992 1368 2021 ex
1399 1991 1481 2020 una
1513 1978 1702 2020 maxime
1725 1977 1947 2019 Ranarum
1978 1976 2123 2019 fabula

1313 2036 1491 2089 intelligi
1546 2037 1707 2090 potest.
1777 2034 1993 2079 Quocirca
2043 2035 2122 2076 fuit

1316 2107 1421 2135 sane
1450 2093 1530 2147 ipsi
1562 2105 1659 2134 cum
1681 2091 1865 2134 Socrate
1891 2104 2121 2135 commune

1318 2151 1466 2193 odium
1497 2152 1748 2192 acerrimum
1794 2151 2121 2204 praestigiarum

1318 2210 1514 2262 istarum,
1532 2208 1690 2262 quibus
1706 2207 1924 2262 sophistae
1938 2209 2000 2250 uti
2019 2220 2123 2249 con-

1320 2271 1563 2309 sueverant.
1596 2265 1688 2307 Nec
1702 2271 1846 2308 tamen
1868 2266 1905 2308 ei
1925 2277 2022 2309 cum
2038 2266 2123 2308 So·

1321 2330 1439 2366 crate
1480 2324 1595 2366 omni
1637 2336 1691 2365 ex
1733 2328 1856 2379 parte
1896 2324 2124 2366 convenie-

1320 2382 1406 2425 bat.
1468 2382 1553 2426 Qui
1596 2379 1712 2434 quod
1764 2392 1861 2422 cum
1911 2381 2125 2434 omnibus,

1319 2440 1390 2492 qui
1420 2438 1499 2492 ipsi
1521 2439 1691 2480 obviam
1715 2438 1927 2490 venirent,
1957 2451 2125 2482 sermo-

1321 2509 1398 2538 nes
1447 2495 1676 2544 miscebat,
1717 2494 1980 2547 disserebat,
2021 2509 2125 2538 con-

1321 2552 1801 2606 fabulabatur‚denique
1815 2551 2126 2607 philosophiam

1321 2611 1362 2651 in
1394 2610 1506 2652 vitae
1536 2610 1810 2663 quotidianae
1851 2611 1989 2653 lucem
2028 2624 2126 2666 pro-

1321 2668 1516 2718 ferebat,
1556 2681 1799 2721 quanquam
1844 2668 1887 2709 in
1927 2681 1981 2710 eo
2020 2682 2126 2710 con-

1321 2725 1497 2767 trarium
1515 2725 1610 2767 fere
1627 2731 1757 2779 atque
1784 2723 2007 2780 sophistae
2024 2740 2124 2780 spe-

1322 2783 1487 2836 ctabat,
1531 2788 1676 2825 tamen
1707 2782 1749 2824 id
1778 2785 1919 2837 ipsum
1951 2795 2126 2838 qnoque

1321 2843 1478 2895 poetae
1525 2840 1752 2883 videbatur
1790 2842 1951 2883 veteris
1997 2841 2123 2884 disci-

1321 2898 1464 2952 plinae
1494 2898 1730 2940 rationibus
1763 2897 1962 2950 officere,
1999 2912 2126 2954 prae-

1322 2957 1468 2998 sertim
1500 2969 1631 3009 quum
1672 2956 1743 2998 ille
1784 2957 1914 2998 etiam
1951 2955 2124 3011 Euripi·

1321 3013 1391 3065 de,
1425 3013 1628 3067 physicae
1660 3013 1898 3068 sapientiae
1925 3013 1965 3055 in
1996 3027 2126 3057 scena

1321 3071 1568 3124 laudatore,
1612 3075 1809 3114 uteretur
1846 3070 2124 3117 familiariter.

1322 3130 1602 3183 Quapropter
1630 3141 1712 3170 una
1733 3128 1891 3180 fidelia,
1924 3134 1972 3170 ut
1991 3131 2124 3182 aiunt,

1323 3186 1432 3229 duos
1465 3187 1679 3229 dealbavit
1700 3185 1905 3240 parietes,
1938 3187 2018 3229 hoc
2041 3193 2127 3240 est,

1322 3257 1405 3286 una
1445 3245 1683 3299 eademque
1721 3255 1852 3297 opera
1891 3248 1936 3285 et
1978 3244 2127 3299 sophi-

1332 3307 1422 3343 stas
1454 3303 1660 3357 corripuit
1690 3304 1735 3343 et
1759 3300 1987 3343 Socratem
2024 3315 2128 3344 exa·
2203 3296 2210 3305 ’

1330 3361 1502 3414 gitavit,
1543 3371 1627 3402 non
1669 3369 1757 3412 quo
1786 3357 1894 3401 hunc
1934 3359 2015 3402 illis
2051 3373 2130 3414 pa-

1330 3427 1422 3461 rem
1455 3417 1646 3469 haberet,
1677 3414 1755 3460 sed
1785 3414 1903 3471 quod
1929 3427 2027 3460 eum
2045 3416 2129 3460 alio
