2158 3718
349 166 457 217 2⁰⁰
983 164 1398 216 PLATONIS

351 308 625 384 ἡμετέρων
683 309 1050 381 παθημάτων
1103 307 1312 377 γνόντα
1368 309 1760 382 εὐλαβηθῆναι
1813 315 1907 367 καὶ
1955 310 2032 385 μὴ

350 390 495 450 κατὰ
542 391 646 463 τὴν
685 397 1012 466 παροιμίαν,
1053 389 1230 464 ὥςπερ
1254 387 1472 461 νήπιον,
1513 393 1788 451 παθόντα
1811 398 2037 466 γνῶναι.

485 475 628 556 Cap.
672 474 1029 534 XXXVIII.
1117 473 1398 543 Εἰπόντος
1424 477 1490 545 δὴ
1522 482 1699 535 ταῦτα
1726 483 1827 536 τοῦ
1861 478 2036 536 Ἀλκι-

263 574 306 625 G
353 561 571 635 βιάδου,
613 565 821 632 γέλωτα
862 564 1126 632 γενέσθαι
1169 563 1256 616 ἐπὶ
1300 564 1365 638 τῇ
1406 561 1690 637 παρρησίᾳ
1713 562 1904 631 αὐτοῦ,
1938 562 2031 620 ’ὅτι

354 644 531 704 ἐδόκει
587 650 665 702 ἔτι
723 648 992 719 ἐρωτικῶς
1046 649 1184 717 ἔχειν
1241 648 1339 701 τοῦ
1385 645 1750 747 Σωκράτους.
1794 645 1893 705 τὸν
1933 640 2036 705 οὖν

347 726 665 803 Σωκράτη,
709 726 931 806 Νήφειν
974 752 1071 800 μοι
1118 733 1319 794 δοκεῖς,
1363 730 1653 805 φάναι,ω
1694 730 2034 803 Ἀλκιβιάδη.

348 813 417 870 οὐ
468 810 578 886 γὰρ
623 809 697 869 άν
742 812 893 870 ποθ’
946 811 1090 871 οὕτω
1117 816 1350 892 κομψῶς
1375 812 1550 885 κύκλῳ
1575 813 2037 888 περιβαλλόμενος

349 897 632 974 ἀφανίσαι
686 904 964 972 ὲνεχείρεις
1019 891 1085 955 οὗ
1144 903 1300 954 ένεκα
1345 900 1524 953 ταῦτα
1568 896 1756 954 πάντα
1800 899 2036 973 είρηκας,

351 986 445 1038 καὶ
492 1005 567 1047 ως
607 989 667 1037 ὲν
709 990 965 1056 παρέργῳ
1009 980 1075 1050 δὴ
1122 985 1290 1051 λέγων
1332 986 1420 1038 ἐπὶ
1447 985 1699 1050 τελευτῆς
1722 980 1862 1040 αὐτὸ
1895 987 2037 1052 ἔθη-

352 1088 485 1134 κας,
551 1064 624 1131 ὡς
667 1064 735 1123 οὐ
779 1066 968 1123 πάντα
1011 1063 1215 1123 τούτου
1269 1072 1425 1122 ἕνεκα
1482 1064 1729 1138 εἰρηκώς,
1783 1070 1884 1124 τοῦ
1943 1058 2055 1140 ἐμὲ

258 1171 301 1221 1)
350 1155 444 1207 καὶ
481 1148 792 1222 Ἀγάθωνα
835 1150 1177 1223 διαβάλλειν,
1227 1151 1480 1222 οἰόμενος
1523 1154 1635 1206 δεῖν
1665 1154 1754 1222 ἐμὲ
1785 1156 1909 1224 μὲν·
1933 1154 2036 1209 σοῦ

351 1231 489 1308 ἐρᾶν
531 1238 624 1291 καὶ
667 1233 903 1308 μηδενὸς
947 1233 1142 1301 άλλου,
1181 1235 1486 1306 Ἀγάθωνα
1530 1237 1586 1290 δὲ
1628 1233 1738 1291 ὑπὸ
1763 1239 1863 1292 σοῦ
1907 1239 2035 1310 ἑρᾶ·

348 1323 496 1376 σθαι
555 1322 648 1375 καὶ
703 1318 834 1390 μηδ’
897 1317 997 1396 ὑφ’
1062 1319 1185 1386 ἑνὸς
1241 1316 1433 1376 ἄλλου.
1477 1316 1602 1374 ἀλλ’
1669 1318 1770 1376 οὐκ
1813 1323 2036 1388 ἔλαθες,

348 1401 498 1460 ἄλλα
543 1425 608 1459 το
653 1404 984 1476 Σατυρικόν
1027 1422 1128 1460 σου
1172 1406 1358 1476 δρᾶμα
1417 1406 1585 1458 τοῦτο
1643 1406 1736 1458 καὶ
1776 1405 2038 1472 Σειληνι-

347 1485 454 1545 κὸν
483 1485 803 1557 κατάδηλον
831 1494 1059 1559 ἐγένετο.
1103 1487 1253 1554 αλλ’,
1298 1480 1339 1541 ὦ
1372 1490 1496 1563 φίλε
1536 1485 1820 1556 ’Ayoiffwm
1865 1490 2038 1561 μηδὲν

348 1576 517 1628 πλέον
562 1571 717 1643 αὐτῷ
764 1578 1018 1643 γένηται,
1063 1569 1210 1628 ἀλλα
1257 1568 1708 1642 παρασκευάζου,
1753 1569 1903 1638 ὅπως
1943 1575 2034 1645 ἐμὲ

346 1659 440 1711 καὶ
487 1658 545 1712 σὲ
588 1660 779 1727 μηδεὶς
822 1653 1081 1734 διαβάλῃ.
1173 1652 1285 1712 Τὸν
1343 1676 1446 1712 ουν
1485 1653 1794 1726 Ἀγάθωνα
1849 1662 2035 1724 εἰπεῖν,

347 1742 465 1796 Καὶ
497 1737 658 1812 μήν,
715 1732 756 1796 ὦ
818 1739 1153 1812 Σώκρατες,
1210 1737 1538 1805 κινδυνεύεις
1587 1738 1786 1809 ἀληθῆ
1829 1744 2032 1812 λέγειν·

254 1837 299 1887 Ε
335 1816 717 1898 [τεκμαίρομαι
747 1826 803 1880 δὲ
832 1828 940 1890 καί,
975 1821 1048 1890 ὡς
1077 1828 1366 1893 κατεκλίνη
1392 1829 1450 1879 ἐν
1481 1831 1623 1896 μέσῳ
1663 1827 1798 1896 ἐμοῦ
1840 1846 1899 1881 τε
1941 1828 2035 1882 καὶ

349 1911 469 1975 σοῦ,
511 1913 605 1966 ἵνα
645 1912 814 1983 χωρὶς
857 1906 1004 1981 ἡμᾶς
1046 1907 1306 1987 διαλάβῃ.
1350 1906 1512 1965 οὐδὲν
1547 1900 1649 1964 οὖν
1689 1913 1854 1965 πλέον
1882 1908 2033 1981 αὐτῷ

459 2115 508 2156 C.
571 2114 783 2168 δοκεῖς,
817 2115 1016 2169 φάναι,
1051 2109 1085 2156 ὦ
1110 2114 1276 2169 ’AI-n]
1309 2114 1444 2168 φάναι
1476 2129 1561 2158 om.
1598 2116 1694 2158 Vat.
1716 2114 1770 2158 A.

345 2249 380 2292 v
411 2255 428 2292 t
457 2185 524 2294 ej
561 2192 717 2235 ἕνεκα
758 2197 939 2235 ταῦτα
979 2193 1052 2248 n.]
1091 2185 1193 2236 οὔδ’
1237 2193 1361 2235 vind.
1392 2193 1434 2238 2.
1477 2194 1577 2237 Par.
1610 2194 1723 2236 DK.
1767 2192 1866 2236 οὐδ’
1909 2192 2034 2237 Bodl.

382 2262 442 2292 a.
516 2285 526 2296 .

459 2330 510 2371 D.
571 2328 764 2385 μηδεὶς
794 2327 1050 2385 διαβάλῃ]
1085 2329 1212 2371 Haec
1242 2334 1311 2371 est
1340 2329 1469 2372 lectio
1502 2328 1697 2371 codicum
1720 2328 1845 2372 Bodi.
1869 2327 2031 2371 vana.

342 2386 444 2429 Par.
459 2386 562 2429 ΒΚ.
586 2387 733 2429 Ambr.
753 2391 863 2440 Aug.
878 2399 922 2429 u.
939 2400 990 2428 w.
1011 2387 1108 2428 Vat.
1125 2399 1213 2440 p.r.
1235 2386 1349 2429 Flor.
1363 2399 1446 2429 mc.
1483 2387 1597 2429 Vett.
1630 2386 1752 2429 editt.
1783 2385 2004 2443 διαβάλλῃ.

459 2458 511 2501 Ε.
573 2459 629 2500 ἔτι
653 2457 706 2500 'A
716 2474 755 2512 γ.
788 2473 921 2499 κατα
934 2473 956 2499 κ
969 2462 1051 2499 εῖσ
1064 2460 1137 2498 θα
1151 2460 1195 2509 ι]
1230 2458 1567 2500 κατακλίνεσθαι
1596 2457 1723 2503 vind.
1740 2457 1782 2502 2.
1814 2459 1918 2504 Bas.
1935 2458 1976 2504 2.
2006 2470 2009 2472 ’

342 2599 495 2652 Neque
514 2600 641 2642 aliter
666 2598 827 2641 Latini.
841 2597 880 2641 N
893 2613 916 2641 e
928 2613 954 2654 p
971 2612 997 2641 o
1010 2613 1031 2641 s
1059 2599 1144 2641 Vit.

346 2658 426 2698 Att
503 2656 577 2702 18:
640 2658 739 2699 sub
800 2657 1146 2710 singuiorum

344 2713 692 2766 imaginibus
760 2712 914 2755 facta
982 2714 1148 2766 magi-

344 2774 684 2822 stratusque
716 2782 896 2811 eorum
921 2782 1020 2810 non
1051 2783 1146 2811 ain-

345 2826 495 2880 plius
536 2826 837 2879 quaternis
885 2825 1147 2877 quinisve

344 2883 614 2924 versibus
645 2880 972 2935 descripsit,
1005 2881 1147 2936 quod

344 2939 434 2982 vix
496 2938 835 2982 credendum
887 2938 983 2990 sit,
1037 2944 1146 2980 tan·

346 3003 434 3040 tas
471 3010 560 3040 res
603 3000 711 3038 tam
759 2996 1014 3038 breviter
1057 3011 1148 3051 po-

346 3054 531 3097 tuisse
561 3052 851 3096 declarari.

403 3109 572 3164 ὥςπερ
615 3107 834 3164 νήπιον,
879 3108 1148 3152 παθόντα

345 3167 571 3225 γνῶναι]
631 3168 817 3210 Ductum
874 3169 1147 3221 proverbium

347 3231 416 3269 est
446 3241 500 3269 ex
529 3227 748 3269 Homer.
784 3223 904 3267 Iliad.
937 3226 1072 3268 XVlI.
1106 3240 1145 3267 v.

346 3284 417 3330 32.
451 3284 621 3326 etXX.
655 3296 696 3325 v.
732 3281 836 3327 198.
874 3284 969 3338 πρίν
1000 3300 1042 3324 τι
1071 3300 1148 3324 κα-

345 3341 392 3383 κό
403 3357 423 3381 ν
449 3344 646 3393 παθέειν,
677 3338 832 3395 ῥεχθὲν
862 3339 912 3381 δέ
927 3355 973 3382 τε
996 3338 1148 3393 νήπιος

346 3401 462 3456 ἔγνω.
493 3405 538 3443 et
568 3397 797 3443 Hesiod.
822 3396 939 3455 Ἕργ.
976 3411 1015 3440 v.
1038 3397 1146 3444 216:

1230 2595 1389 2640 παθὼν
1438 2598 1490 2640 δέ
1532 2613 1580 2640 τε
1628 2596 1781 2651 νήπιος
1828 2599 1944 2652 lyve».
1990 2611 2030 2638 v.

1232 2656 1413 2699 Schol.
1437 2655 1490 2697 ad
1514 2654 1552 2697 Ιι.
1571 2656 1596 2697 Ι.
1626 2654 1836 2696 Erasm.
1861 2654 2031 2709 Adsgg.

1232 2727 1271 2766 p.
1302 2712 1373 2755 29.
1406 2717 1451 2753 et
1485 2710 1814 2755 BlomfieId.
1856 2711 1910 2754 ed
1941 2714 2030 2754 Ae-

1231 2768 1363 2823 schyli
1396 2775 1621 2822 Agamem.
1655 2768 1801 2812 Gioss,
1834 2781 1874 2812 v,
1907 2769 2002 2814 170.

1231 2911 1377 2952 scite
1417 2914 1473 2952 et
1502 2859 2032 2965 artificiosetmvn.

1230 2966 1439 3011 Ruhnk,
1461 2966 1515 3008 ad
1536 2966 1650 3010 Tim.
1672 2981 1715 3022 p.
1739 2967 1835 3012 161.
1857 2992 1914 3000 -
1947 2967 2032 3011 κύ-

1230 3026 1330 3078 κλῳ
1360 3023 1862 3079 περιβαλλόμενος,
1901 3028 2031 3069 mul-

1231 3083 1302 3124 tis
1363 3082 1646 3124 orationis
1705 3083 1897 3138 ambag
1906 3083 2028 3126 ibus

1231 3151 1374 3181 usus.
1431 3151 1489 3172 -'-
1576 3097 1921 3194 διαβάλλειν,
1980 3147 2030 3183 ut

1231 3198 1331 3240 Lat.
1364 3196 1712 3251 disiungere,
1754 3198 2031 3241 estinimi—

1234 3267 1330 3297 cos
1371 3249 1643 3308 reddere,
1693 3260 1743 3296 ut
1779 3255 1908 3310 Reip.
1955 3257 2026 3299 vl.

1231 3327 1276 3368 p.
1296 3311 1395 3357 498
1427 3311 1478 3354 C.
1510 3313 1564 3354 ei.

1290 3400 1345 3443 D.
1401 3398 1492 3442 και
1520 3399 1642 3456 μηδ
1675 3397 1763 3453 ὑφ’
1796 3398 1916 3446 {voc
1943 3397 2030 3440 αλ-

1287 2852 1337 2897 C.
1418 2850 1564 2893 οὕτω
1625 2853 1870 2908 κομψῶς]
