2158 3718
305 0 525 45 ,ι”ῧᾛῆ
495 0 552 37 (ἐξ
559 0 646 37 '³³:¹th
636 0 727 37 &⁸33³
733 0 926 35 Ἴςρῧῆ

788 89 1048 134 ΡΗΑΕυο
1079 105 1124 148 p.
1147 91 1216 136 83.

1775 92 1881 146 ,183

1858 233 1883 252 (Ἰ

31 275 35 276 ⁷
109 230 146 300 ἢ
191 231 433 302 νοσήσας
478 230 514 301 ἥ
558 251 611 284 τι
656 229 949 293 ἀναλώσας
1013 227 1104 283 δια
1152 227 1248 292 τὰς
1297 230 1625 300 ἐπνθυμίας,
1674 229 1801 284 ἀλλ’
1850 253 1879 286 ο
1905 247 1936 288 C

111 314 339 369 πάντων
375 315 639 387 μέγιστόν
676 334 735 368 τε
772 312 949 367 κακὸν
986 315 1081 367 καὶ
1118 314 1353 384 ἔσχατόν
1392 315 1528 385 ἐστι,
1567 319 1735 369 τοῦτο
1775 317 1882 370 πά-

111 413 230 469 σχει
285 421 378 453 και
432 398 500 454 οὐ
553 402 825 467 λογίζεται
882 397 1038 452 αὐτό.
1123 401 1192 452 Τί
1224 403 1421 468 τοῦτο,
1471 402 1514 454 ὤ
1556 400 1880 471 Σωκρατες;

110 485 217 553 ἔφη
256 482 285 537 ὁ
323 485 520 553 Κέβης.
582 481 703 537 Ὅτι
738 482 887 554 ψυχὴ
926 482 1134 547 παντὸς
1171 481 1481 552 ἀνθρώπου
1519 483 1882 554 ἀναγκάζεται

109 565 221 637 ἅμα
257 588 317 622 τε
351 566 599 638 ἡσθῆναι
643 567 680 638 ἢ
716 572 1042 638 λυπηθῆναι
1091 568 1314 638 σφόδρα
1354 569 1448 623 ἐπί
1481 589 1558 641 τῳ
1596 570 1689 622 καὶ
1726 568 1882 639 ἡγεῖ-

110 658 273 720 σθαι,
321 653 451 723 περὶ
501 651 535 706 ὃ
581 652 653 707 ἂν
699 654 937 723 μάλιστα
974 642 1393 725 τοῦτο’πάσχῃ,
1439 659 1606 708 τοῦτο
1648 656 1882 723 ἐναργέ-

109 736 312 791 στατόν
349 756 407 790 τε
446 734 589 791 εἶναι
614 739 707 791 καὶ
734 737 1135 808 ἀληθέστατον,
1175 737 1279 808 οὐχ
1304 738 1484 803 οὕτως
1510 742 1655 809 ἔχον.
1705 743 1882 793 ταῦτα

109 822 170 876 δὲ
206 821 444 892 μάλιστα
482 820 629 876 *τὰ*
667 820 857 893 ὁρατά.
933 823 968 894 ἢ
1022 821 1117 888 οὕς
1175 823 1342 879 Πάνυ
1387 845 1467 893 γε.
1548 822 1777 878 Οὐκοῦν
1818 825 1880 879 ἐν
1928 888 1930 890 .

107 907 286 980 τούτῳ
323 911 399 978 τῷ
437 908 606 962 πάθει
643 908 881 978 μάλιστα
906 910 1225 962 καταδεῖται
1262 907 1411 978 ψυχὴ
1449 906 1560 962 ὑπὸ
1599 909 1877 979 σώματος;
1899 925 1934 965 D

105 1080 284 1121 videtur.
326 1081 454 1121 Recte
474 1081 572 1122 Bas.
597 1083 618 1120 1
644 1087 682 1120 et
704 1080 847 1135 Steph.
873 1071 988 1122 ὅσον
1009 1072 1085 1134 ἄν,
1110 1081 1225 1132 quod
1246 1087 1413 1134 praeter
1434 1081 1545 1124 Flor.
1570 1094 1591 1120 c
1614 1082 1711 1121 Zitt.
1733 1081 1830 1123 Par.
1843 1082 1878 1122 A

105 1142 245 1177 tuetur
267 1136 390 1177 etiam
415 1136 540 1180 Coisl.

218 1193 262 1235 C.
296 1205 573 1248 μεγιστον
594 1206 651 1235 τε
672 1186 873 1248 κακον]
901 1193 970 1234 Sic
991 1194 1112 1235 Bodl.
1135 1194 1231 1234 Vat.
1253 1195 1360 1235 Tub.
1383 1195 1491 1237 Ven.
1506 1194 1700 1237 HVind.
1720 1195 1758 1236 Φ
1782 1195 1877 1239 Par

107 1248 211 1291 CGI
232 1250 376 1291 Ambr.
399 1252 510 1303 Aug.
533 1252 646 1291 Vett.
681 1251 796 1295 editt.
819 1250 994 1293 κακῶν.

206 1297 327 1349 Ότι
366 1281 537 1361 ψυχῠή]
579 1309 630 1351 V.
650 1299 761 1349 ’Ότι
788 1301 817 1360 ἡ
847 1301 1003 1362 ψυχή,
1034 1308 1148 1360 quod
1169 1320 1264 1348 cum
1286 1307 1405 1348 Bodl.
1431 1306 1555 1348 Coisl.
1579 1307 1677 1350 Vat.
1702 1307 1808 1350 Ven.
1833 1308 1884 1350 Π

105 1364 211 1405 Tub.
225 1364 343 1432 Aug.
363 1363 458 1403 Par.
482 1362 516 1403 G
537 1364 683 1406 Ambr.
705 1370 927 1406 mutatum.

217 1413 315 1461 ἒπί
331 1418 418 1475 τῳ]
442 1421 666 1474 Perperam
690 1420 836 1474 Steph.
860 1414 940 1462 ἐπὶ
962 1420 1039 1478 τῷ,
1060 1434 1152 1461 cum
1174 1421 1259 1461 iam
1281 1421 1415 1461 Aldus
1440 1421 1702 1461 emendatam
1725 1420 1879 1462 habeat

106 1478 370 1531 Sssrlpturam.

219 1527 372 1575 εἶναι
413 1531 510 1575 καὶ
551 1509 978 1588 ἀληθέστατον]
1025 1534 1093 1576 Sic
1122 1535 1245 1577 codd.
1276 1507 1466 1588 plerique
1488 1547 1635 1575 omnes
1665 1535 1708 1574 in
1740 1534 1878 1586 iisque

101 1591 222 1633 Bodl.
248 1590 372 1632 Coisl.
395 1590 492 1633 Vat.
513 1591 621 1631 Ven.

103 1660 185 1690 τον
209 1641 348 1689 εἶναι.

646 1591 749 1639 ΞΠ
766 1591 871 1634 Tub.
896 1592 1004 1631 Flor.
1029 1592 1069 1632 d.
1102 1591 1242 1644 Vulgo
1263 1588 1482 1644 legebatur
1503 1588 1585 1632 καὶ
1608 1583 1878 1646 ἀληθέστα-

215 1697 281 1745 τὰ
303 1697 501 1759 ὁρατά]
528 1697 586 1744 τά
608 1717 701 1744 cum
723 1705 944 1746 Bekkero
936 1705 1094 1746 mserui
1116 1706 1169 1746 de
1200 1706 1441 1746 coniectura
1462 1704 1696 1745 Heindorfii
1725 1718 1873 1746 assen-

105 1762 233 1801 tiente
253 1761 507 1801 Hermanno

216 1817 264 1858 D.
298 1816 645 1859 καταδεῐται
665 1811 841 1872 ψυχή]
867 1819 918 1861 V.
931 1811 960 1873 ἡ
983 1811 1131 1873 ψυχή.
1156 1818 1389 1859 Articulum
1412 1820 1520 1859 bene
1543 1819 1739 1859 omittunt
1755 1818 1876 1862 Bodl.

101 1875 199 1915 Vat.
235 1873 361 1917 Coisl.
396 1875 501 1915 Ven.
525 1874 629 1921 ΞΠ
660 1875 765 1915 Tub.
803 1876 902 1915 Par.
926 1875 1088 1917 CGHL
1125 1876 1235 1918 Flor.
1258 1888 1345 1915 am
1381 1876 1476 1917 Zitt.
1529 1874 1728 1926 Sequitur
1765 1875 1875 1914 enim

101 1923 195 1973 ὑπὸ
219 1942 445 1996 σωματος.
486 1931 684 1983 Alioquin
709 1932 845 1973 eVat
869 1932 995 1975 Vind
1022 1932 1060 1973 Φ
1083 1932 1175 1974 Par.
1199 1931 1277 1973 GL
1300 1933 1444 1973 Ambr.
1470 1940 1509 1971 et
1530 1944 1614 1972 rec.
1638 1931 1758 1974 Bodl.
1781 1924 1874 1972 ὑπὸ

103 1986 187 2029 τοῦ
210 1981 422 2041 σώματος
445 1987 571 2028 fuerit
591 1989 896 2042 recipiendum

101 2131 216 2171 dum.
258 2130 377 2170 Istud
405 2122 500 2170 ἀπό
529 2136 669 2168 autem
701 2142 753 2169 ne
782 2130 877 2181 quis
900 2130 942 2168 in

104 2180 197 2228 ὑπό
220 2186 466 2226 mutandum
488 2193 560 2225 aut
587 2198 663 2238 pro
687 2198 735 2227 eo
757 2187 942 2238 positum

103 2244 312 2297 opinetur,
332 2243 374 2282 in
395 2242 639 2282 huiusmodi
661 2242 763 2282 locis
786 2242 943 2281 indicat

102 2300 282 2340 alicuius
315 2300 374 2338 rei
404 2299 669 2340 occasionem
700 2298 766 2338 vel
790 2311 942 2352 oppor-

104 2358 344 2405 tunitatem,
376 2368 457 2396 non
488 2356 625 2408 ipsam
657 2367 829 2395 causam
855 2354 942 2394 effi-

36 2452 45 2457 ,
102 2415 298 2457 cientem.
339 2425 381 2455 v.
412 2413 683 2452 Hermann.
723 2413 778 2452 ad
809 2411 940 2464 Soph.

102 2471 165 2510 El.
189 2470 257 2511 65.
299 2470 446 2520 Itaque
475 2469 579 2508 haec
607 2469 669 2508 ita
699 2477 944 2509 convertas:

102 2527 277 2567 indem
336 2526 414 2574 sie
473 2526 728 2576 bedenkt,
799 2525 941 2575 dass,

33 2619 34 2622 ,
104 2581 810 2636 wennjemandsehrheftig
833 2581 944 2622 sich

102 2640 248 2680 frent
309 2639 433 2679 oder
492 2638 750 2691 fiirchtet,
800 2661 852 2667 ——-
894 2651 944 2677 er

103 2695 248 2736 nicht
268 2695 398 2749 (etwa
418 2693 520 2748 nur)
545 2696 625 2735 ein
649 2708 702 2735 so
725 2707 942 2748 grosses

102 2752 261 2793 Uebel
289 2765 390 2792 von
422 2752 582 2791 daher
614 2752 840 2793 erleidet
862 2758 939 2791 etc.

101 2809 324 2850 Praeterea
365 2809 678 2850 animadvertes
714 2807 940 2849 τοσοῦτον

104 2879 214 2905 nunc
235 2866 455 2905 minuendi
472 2866 613 2918 potius
635 2877 760 2916 quam
782 2877 940 2916 augen—

104 2922 146 2961 di
168 2921 519 2973 significationem
540 2921 714 2970 habere,
746 2922 816 2972 qui
835 2933 939 2960 usus

103 2978 279 3018 latuisse
321 2978 483 3017 videtur
523 2978 784 3029 interpretes.
854 2977 939 3016 Nec

104 3042 245 3074 tamen
276 3045 371 3074 rara
398 3040 497 3073 sunt
534 3034 623 3072 eius
661 3032 866 3086 exempla.
898 3046 938 3073 v.

104 3091 293 3143 Sophist.
326 3103 369 3143 p.
398 3091 479 3129 ⁶217
500 3090 546 3130 E.
588 3089 647 3128 De
676 3089 779 3141 Rep.
811 3089 864 3128 X.
894 3102 935 3142 p.

105 3144 948 3190 60813.Schaeferfflraefat.adiu

106 3205 207 3244 lian.
231 3203 298 3245 Or.
319 3217 362 3256 p.
386 3202 479 3243 ΧΗ.
515 3200 656 3241 Iexic.
682 3200 877 3254 Xenoph.
900 3202 948 3241 Τ

110 3261 180 3300 lV.
204 3274 248 3313 Ρ.
274 3262 356 3301 320
398 3266 436 3298 et
478 3258 529 3298 de
570 3257 698 3297 simili
739 3270 817 3296 usu
857 3258 947 3298 Iat.

105 3323 313 3356 tantum
355 3316 542 3355 Manut.
575 3314 626 3353 ul
659 3311 790 3353 Cicer.
814 3313 947 3379 Epist.

105 3375 138 3415 l.
168 3374 208 3413 7.
238 3373 376 3426 Vulgo
410 3372 449 3411 in
486 3371 639 3411 talibus
670 3369 772 3409 locis
803 3382 951 3422 μονον

107 3429 368 3482 intellegunt,
387 3429 506 3468 cuius
533 3428 648 3467 vocis
669 3426 780 3465 notio
804 3427 951 3476 utique

1029 2130 1318 2183 proximorum
1352 2131 1571 2170 verborum
1605 2118 1874 2183 oppositione

1030 2187 1279 2234 continetur,
1315 2199 1422 2237 quae
1445 2199 1536 2226 eam
1559 2185 1685 2226 habet
1707 2186 1805 2234 vim,
1830 2195 1875 2226 ut

1029 2241 1258 2283 τοσοῦτον
1298 2255 1392 2282 cum
1441 2235 1635 2283 τονώσει
1684 2255 1873 2296 pronun-

1028 2299 1215 2339 tiandum
1237 2299 1303 2341 sit.
1323 2312 1368 2339 v.
1380 2298 1650 2342 Schaefer.
1662 2299 1871 2341 adLamb.

1027 2356 1124 2397 Bos.
1148 2369 1191 2421 p.
1218 2357 1300 2396 308
1323 2368 1388 2406 sq.

1087 2412 1132 2453 C.
1165 2404 1288 2453 Ὅτι
1323 2404 1477 2465 ψυχὴ
1515 2405 1736 2460 παντὸς
1777 2404 1872 2453 οἷν-

1030 2462 1286 2522 θρωπου]
1330 2470 1439 2508 Ante
1481 2461 1614 2522 ψυχή
1646 2476 1686 2507 et
1721 2466 1869 2520 σῶμα,

1029 2525 1166 2565 sicubi
1201 2526 1434 2577 generatim
1471 2525 1682 2574 dicuntur,
1720 2535 1870 2576 saepe-

1030 2593 1203 2621 numeio
1236 2581 1455 2621 alticulum
1488 2581 1621 2621 omitti
1656 2580 1736 2618 iam
1769 2579 1871 2618 alibi

1030 2638 1307 2679 ostendimus.
1353 2636 1422 2677 Sic
1435 2637 1607 2702 paullo
1622 2643 1742 2688 post:
1784 2648 1868 2676 κα-

1028 2693 1246 2735 ταδεῑται
1268 2686 1398 2747 ψυχὴ
1424 2686 1521 2734 ὑπὸ
1545 2686 1775 2758 σώματος,
1798 2692 1872 2731 ubi

1029 2751 1155 2817 vulgo
1185 2751 1336 2815 legitur
1367 2748 1652 2790 καταὸεῐται
1684 2741 1713 2801 ἡ
1738 2741 1869 2802 ψυχὴ

1028 2801 1123 2848 ὑπὸ
1155 2800 1381 2860 σώματος.
1426 2805 1522 2846 Sed
1541 2805 1763 2845 verissime
1794 2806 1869 2844 ob-

1027 2864 1213 2904 servavit
1253 2861 1521 2904 Heindor,f
1566 2862 1620 2901 ad
1659 2875 1702 2914 p.
1737 2862 1792 2903 64
1820 2861 1866 2912 Ε,

1029 2921 1094 2961 ubi
1123 2921 1206 2960 duo
1239 2920 1410 2959 nomina
1440 2919 1580 2969 aliquo
1612 2918 1737 2957 modo
1761 2918 1869 2958 intel

1026 2991 1072 3016 se
1100 2978 1243 3016 iuncta
1274 2976 1430 3028 pariter
1466 2974 1639 3014 definita
1675 2976 1761 3014 sint
1797 2982 1870 3013 aut

1027 3032 1258 3079 indefinita,
1289 3031 1511 3071 articulum
1540 3031 1629 3070 fere
1652 3038 1725 3070 aut
1745 3043 1866 3082 prae-

1025 3089 1097 3140 figi
1118 3088 1286 3138 utrique
1303 3095 1374 3127 aut
1392 3088 1444 3126 ad
1468 3095 1755 3152 utmrumque
1715 3086 1867 3129 omitti.

1020 3143 1222 3193 Quocirca
1242 3138 1362 3197 31]ῐὴ
1389 3138 1520 3196 ψυχὴ
1545 3157 1638 3184 νπο
1671 3141 1755 3183 τοῦ
1780 3135 1868 3183 σώ-

1020 3213 1166 3254 ματος
1204 3201 1429 3241 dicendum
1467 3201 1545 3239 fuit
1588 3206 1660 3239 aut
1689 3199 1865 3238 articulo

1022 3258 1217 3307 utrinque
1240 3258 1399 3298 abiecto
1431 3249 1562 3310 ψυχὴ
1589 3248 1684 3297 ὑπὸ
1709 3252 1864 3309 σώμα-

1022 3327 1113 3361 τος.
1155 3314 1416 3364 Quamquam
1450 3313 1551 3352 llaec
1579 3313 1648 3352 lex
1683 3325 1763 3351 nou
1801 3318 1863 3350 est

1023 3371 1128 3409 adeo
1159 3370 1456 3422 immutabilis⁷
1490 3377 1532 3408 ut
1565 3380 1645 3408 nou
1684 3368 1863 3407 subinde

1025 3426 1286 3478 neglegatur.
1313 3440 1351 3466 v.
1375 3426 1504 3478 Legg.
1527 3425 1581 3466 X.
1605 3438 1647 3477 p.
1670 3425 1751 3464 896
1779 3424 1821 3463 C.
