2222 3762
293 130 693 187 PLATONIS
733 129 1219 185 APOLOGIAM
1258 127 1663 185 SOCRATIS.
1766 131 1832 182 25

141 274 384 329 Socratis
433 273 711 326 verissime
762 292 880 326 esse
930 291 1242 344 expressam
1293 290 1324 323 a
1362 270 1707 324 Cicerone
1743 270 1833 324 De

141 346 327 398 Divin.
377 345 422 397 Ι.
471 347 555 397 54.
607 344 690 397 his
741 345 951 398 verbis:
1026 345 1174 397 Hoc
1226 343 1544 395 nimirum
1597 349 1705 394 est
1757 341 1834 393 il-

138 414 282 484 lud,
338 414 518 484 quod
569 414 648 467 de
705 416 996 469 Socrate
1034 414 1462 483 accepimus,
1503 412 1833 482 quodque

138 488 218 540 ab
269 487 421 558 ipso
473 486 538 538 in
590 485 795 541 libris
851 486 1382 541 Socraticorum
1421 503 1628 555 saepe
1666 483 1832 537 dici-

136 565 280 624 tur,
319 577 459 610 esse
495 560 789 610 divinum
829 561 1156 628 quiddam,
1196 554 1383 626 quod
1422 555 1834 608 daemonion

136 628 491 699 appellat,
542 628 651 680 cui
699 648 971 701 semper
1025 630 1179 700 ipse
1243 627 1598 699 paruerit,
1658 646 1833 679 num-

137 708 338 768 quam
387 698 804 770 impellenti,
867 720 1083 771 saepe
1131 698 1525 753 revocanti.
1614 697 1833 750 Etenim

40 808 44 811 -
132 770 399 824 intellexit
435 771 523 823 ille
563 770 861 837 δαιμόνιον
898 772 1092 825 mentis
1124 770 1509 824 divinationem
1537 768 1829 837 quandam,

135 861 244 910 qua
292 842 347 894 in
396 843 557 896 rebus
606 842 852 897 obscuris
905 851 960 896 et
1007 843 1227 896 incertis
1277 841 1455 894 acrius
1506 841 1730 894 sentiret
1779 847 1834 892 et

133 923 410 983 tamquam
455 913 716 967 divinitus
775 914 1145 985 praesagiret,
1216 911 1348 983 quid
1393 911 1702 964 faciendum
1748 912 1832 963 fu-

132 983 461 1055 giendumve
498 993 671 1052 esset,
712 993 773 1037 ut
809 985 938 1038 inde
977 985 1134 1053 quasi
1168 985 1475 1036 futurorum
1514 990 1832 1036 eventorum

133 1055 364 1127 auguria
422 1052 658 1125 caper'et.
718 1076 770 1108 v.
830 1055 1152 1124 Xenoph.
1202 1054 1371 1107 Mem.
1423 1054 1468 1107 I.
1524 1057 1569 1106 1.
1625 1055 1658 1105 2
1708 1072 1829 1122 sqq.

130 1125 329 1194 Itaque
365 1125 531 1179 habet
578 1124 713 1179 illud
746 1127 996 1197 profecto
1038 1126 1420 1196 cognationem
1458 1123 1730 1194 quandam
1768 1143 1833 1176 ac

130 1195 539 1250 similitudinem
575 1217 698 1250 cum
737 1202 877 1264 θείᾳ
913 1203 1088 1265 μοίρᾳ
1124 1196 1394 1264 PlatoniS‚
1436 1214 1600 1264 quam
1637 1194 1726 1247 hic
1761 1196 1831 1248 iis

131 1267 399 1337 attribuit,
441 1269 537 1338 qui
575 1268 836 1340 singulari
869 1268 1103 1338 quadam
1139 1268 1346 1340 ingenii
1382 1266 1642 1320 felicitate
1682 1265 1833 1320 ducti

128 1339 186 1392 in
234 1339 478 1393 consiliis
527 1340 641 1393 suis
679 1340 958 1410 capiendis
996 1349 1158 1411 atque
1209 1337 1572 1408 exsequendis
1623 1345 1833 1391 rectum

131 1429 427 1481 verumque
476 1420 923 1480 assequerentur3
973 1433 1024 1466 v.
1076 1410 1146 1463 ad
1195 1409 1476 1463 Phaedon.
1526 1430 1579 1481 p.
1628 1411 1722 1462 85.
1766 1407 1830 1462 C.

131 1481 215 1534 ed.
255 1484 307 1536 3.
383 1481 549 1550 Quod
606 1481 826 1552 quidem
863 1491 1019 1536 tanto
1057 1482 1401 1536 verisimilius
1435 1481 1514 1533 ita
1552 1481 1829 1548 statueri8‚

129 1551 279 1622 quod
327 1573 394 1607 ex
442 1553 742 1607 Memorab.
794 1555 1052 1626 Xenoph.
1100 1555 1202 1608 IV.
1242 1556 1305 1621 3,
1350 1555 1414 1606 12
1451 1583 1523 1591 -
1563 1555 1645 1606 14.
1694 1553 1830 1606 satis

129 1632 277 1678 certo
314 1624 664 1696 intelligitur,
719 1624 1002 1679 Socratem
1051 1627 1160 1678 tale
1199 1624 1544 1678 daemonium
1581 1643 1692 1676 non
1728 1624 1832 1678 sibi

127 1695 231 1749 soli
267 1697 613 1765 vindicasse,
654 1696 754 1749 sed
792 1698 910 1751 aliis
952 1716 1168 1768 quoque
1205 1696 1480 1750 tribuisse.
1557 1693 1831 1762 Quoniam

128 1774 310 1820 autem
345 1769 452 1822 ista
487 1768 816 1839 praesagitio
853 1788 1031 1822 rerum
1067 1770 1372 1822 futurarum
1408 1767 1466 1819 in
1501 1767 1673 1839 ipsius
1713 1767 1829 1818 ani-

127 1857 215 1891 mo
263 1840 484 1894 casibus
538 1837 719 1893 dubiis
772 1847 828 1892 et
877 1841 1100 1894 incertis
1137 1839 1506 1893 incidentibus
1560 1838 1673 1891 fere
1712 1845 1829 1891 erat

124 1909 497 1964 vehementior
534 1918 589 1962 et
625 1910 960 1980 evidentior,
1020 1931 1158 1982 quae
1208 1910 1404 1964 clarius
1441 1909 1708 1962 indicaret
1744 1916 1826 1962 at-

125 2000 231 2051 que
269 1989 637 2036 commoneret
674 1982 804 2053 quid
840 1984 991 2036 factu
1029 1984 1292 2055 optimum
1330 1988 1506 2050 esset,
1545 1988 1691 2034 certe
1728 1980 1827 2033 mi-

125 2052 269 2105 nime
306 2054 500 2106 mirum
528 2052 691 2107 debet
727 2054 993 2122 accidere,
1018 2052 1183 2124 ‘quod
1213 2053 1498 2107 daemonio
1537 2052 1628 2105 isti
1663 2051 1827 2105 etiam

127 2143 315 2177 vocem
361 2125 551 2178 tribuit
596 2132 762 2194 atque
811 2125 1111 2178 identidem
1170 2144 1361 2178 vocem
1423 2123 1662 2176 divinam
1722 2123 1828 2176 sibi

125 2194 387 2267 obtigisse
422 2195 578 2248 dixit.
653 2196 797 2248 Nam
835 2196 1081 2269 similiter
1102 2216 1202 2249 nos
1230 2213 1448 2265 quoque
1476 2194 1543 2248 de
1568 2194 1826 2248 interiore

124 2266 290 2318 animi
335 2283 470 2319 voce
521 2268 610 2320 vel
659 2265 727 2319 de
773 2286 908 2320 voce
959 2267 1325 2321 conscientiae
1370 2266 1523 2335 loqui
1573 2266 1824 2320 solemuS.

124 2337 246 2390 Nec
277 2356 407 2390 vero
442 2338 671 2391 multum
727 2337 1067 2392 difficultatis
1120 2338 1315 2407 habet,
1376 2336 1526 2407 quod
1571 2337 1731 2390 Plato
1771 2344 1827 2389 et

122 2407 438 2479 Xenophon
476 2408 544 2461 de
570 2410 622 2463 vi
659 2417 712 2463 et
750 2410 996 2463 efficacia
1019 2409 1288 2464 daemonii
1325 2416 1550 2462 eatenus
1587 2408 1729 2460 inter
1766 2427 1824 2461 se

124 2478 484 2548 dissentiunt,
539 2480 688 2551 quod
737 2481 827 2534 ille
874 2482 1252 2534 consentiente
1301 2479 1567 2533 Cicerone
1615 2479 1824 2542 scribit,

124 2549 408 2605 Socratem
447 2571 479 2603 a
516 2551 802 2605 daemonio
841 2572 939 2606 suo
979 2572 1140 2623 saepe
1163 2559 1498 2618 revocatum,
1531 2569 1825 2620 numquam

123 2621 415 2692 impulsum
470 2642 590 2677 esse
627 2631 697 2691 (v.
737 2624 899 2695 Apol.
940 2644 995 2694 p.
1035 2626 1120 2677 31.
1158 2623 1221 2677 C.
1260 2624 1332 2680 D.
1368 2644 1422 2694 p.
1462 2625 1547 2675 40.
1586 2623 1731 2675 A—
1757 2620 1822 2676 C.

124 2692 359 2747 Phaedr.
415 2714 469 2764 p.
519 2696 638 2748 242.
688 2693 752 2748 C.
807 2695 1033 2748 Theaet.
1080 2717 1133 2767 p.
1179 2697 1297 2750 151.
1337 2696 1411 2749 A.
1462 2693 1738 2748 Alcibiad.
1777 2694 1822 2747 I.

123 2786 177 2835 p.
221 2766 340 2820 103.
378 2774 447 2818 A.
491 2768 608 2819 124.
647 2765 711 2820 C.
752 2766 959 2838 Theag.
997 2788 1050 2837 p.
1087 2768 1200 2821 128.
1235 2768 1307 2821 D.
1347 2766 1475 2835 al.);
1514 2766 1604 2819 hic
1642 2773 1823 2819 autem

123 2844 413 2906 utrumque
462 2838 665 2891 factum
716 2858 836 2893 esse
884 2846 1142 2908 testatur⁷
1197 2847 1258 2891 ut
1303 2841 1472 2893 Mem.
1524 2836 1627 2890 IV.
1665 2838 1731 2905 8,
1775 2841 1819 2890 ].

126 2906 447 2979 φάσκοντος
494 2909 669 2963 αὐτοῦ
722 2908 1119 2981 (Σωκράτους)
1180 2910 1242 2964 τὸ
1299 2907 1596 2978 δαιμόνιον
1645 2912 1823 2970 ἑαυτῷ

125 2984 539 3047 προσημαίνειν,
579 2979 615 3032 ἅ
652 3002 708 3034 τε
747 2984 865 3034 δέοι
906 2985 994 3035 καὶ
1033 2980 1069 3034 ἆ
1106 2980 1182 3048 μὴ
1221 2984 1341 3036 δέοι
1376 2978 1653 3049 πράττειν,
1694 2979 1819 3033 6151.

131 3054 189 3117 1,
228 3054 279 3103 4.
317 3051 363 3103 Ι.
407 3054 469 3120 1,
528 3053 609 3104 19.
658 3053 780 3106 coll.
808 3053 1185 3108 ‘Plutarch
1231 3054 1319 3107 De
1372 3051 1551 3107 Genio
1605 3051 1819 3107 Socrat.

124 3143 174 3191 p.
220 3124 342 3176 181.
381 3129 451 3176 A.
488 3123 554 3174 B.
641 3125 787 3178 Nam
841 3125 1071 3196 primum
1111 3124 1327 3194 quidem
1367 3124 1654 3193 utriusque
1687 3122 1819 3176 scri-

163 3193 296 3246 toris
336 3194 658 3247 sententiam
718 3195 864 3249 nullo
904 3197 1124 3267 negotio
1163 3215 1286 3250 cum
1323 3197 1817 3250 Tennemanno

124 3213 338 3318 {Iiston
380 3266 586 3319 Philos.
626 3266 691 3318 T.
727 3267 801 3320 ΙΙ.
830 3288 880 3337 p.
920 3270 1003 3320 33.
1045 3266 1121 3319 ita
1159 3265 1562 3334 conciliaveriS‚
1602 3273 1663 3318 ut
1698 3264 1816 3318 Xe-

126 3335 457 3405 nophontem
489 3344 741 3408 putemus
770 3358 851 3406 ea,
894 3357 1031 3408 quae
1056 3358 1162 3391 vox
1201 3338 1470 3393 daemonii
1509 3336 1813 3407 spectabat,
