2158 3718
389 185 492 222 LIV
1012 183 1458 221 PROLEGOMENA

385 310 710 374 laudatores,
753 310 907 365 initio
955 310 1091 362 sacto
1139 328 1173 360 a
1220 318 1488 379 postremo
1533 319 1756 363 oratore.
1830 309 2074 364 Verusne

387 390 537 435 vates
572 382 667 445 fui,
712 380 901 450 inquit,
936 397 1102 447 quum
1137 379 1368 434 dicerem
1404 400 1488 434 me
1526 380 1708 434 ultimo
1743 379 1857 434 loco
1893 380 2075 433 dicen-

389 462 496 506 tem
529 452 774 522 inprimis
811 450 878 503 ab
913 449 1198 520 Agathone
1233 449 1290 503 in
1320 450 1573 523 'magnam
1607 451 1813 505 consilii
1841 451 2077 522 inopiam

389 523 683 576 coniectum
729 521 828 574 iri?
889 518 1155 573 Nimirum
1199 519 1246 574 is
1293 532 1436 575 certe
1474 532 1582 574 tam
1618 523 1857 592 pulcram
1893 532 1946 575 et
1987 539 2076 575 co-

386 594 593 665 piosam
627 590 816 644 habuit
851 591 1155 657 orationem,
1193 601 1254 644 ut
1289 610 1396 644 non
1418 593 1697 647 habiturus
1722 593 1908 646 videar
1930 593 2075 662 quod

388 664 565 718 dicam
606 663 810 715 melius·
870 661 1032 716 Licet
1077 663 1220 719 enim
1267 671 1470 728 cetera,
1518 682 1656 733 quae
1693 663 1854 727 dixit,
1903 664 2080 716 minus

388 734 585 788 fuerint
607 731 956 796 admirabilia,
995 741 1172 787 tamen
1197 741 1479 804 postrema,
1506 751 1642 803 quae
1666 733 1906 806 protulit,
1944 734 2080 787 adeo

386 825 472 858 me
508 805 868 876 perculerunt,
913 813 973 856 ut
1018 823 1188 874 paene
1231 823 1360 875 prae
1404 814 1551 857 metu
1587 823 1649 858 ac
1685 805 1887 876 pudore
1923 805 2079 857 aufu-

386 894 586 946 gerem,
609 874 942 998 (praesertim
977 893 1142 944 quum
1169 872 1504 947 Gorgianum
1538 887 1701 945 caput
1735 875 1864 928 mihi
1899 876 2080 930 obten-

389 946 516 1001 dere
552 945 605 1000 vi
647 955 837 999 eretur.
893 945 1142 1000 Intellexi
1176 945 1343 1018 igitur
1386 955 1585 1000 temere
1631 965 1718 1000 me
1754 946 2080 1016 promisisse,

387 1020 472 1071 nie
509 1025 561 1071 et
593 1017 773 1087 ipsum
794 1015 1085 1085 -vobiscum
1119 1017 1338 1070 laudare
1373 1016 1509 1070 velle
1546 1027 1795 1081 amorem,
1832 1016 2083 1086 quoniam

389 1106 563 1144 essem
597 1089 726 1142 artis
762 1088 1050 1141 amatoriae
1083 1088 1303 1158 perituS.
1345 1086 1562 1158 Quippe
1596 1096 1910 1158 putaveram
1932 1087 2083 1157 equi-

387 1159 511 1215 dem
546 1178 674 1213 vera
710 1178 827 1213 esse
864 1158 1089 1212 dicenda
1125 1160 1191 1212 de
1229 1177 1439 1228 quaque
1474 1178 1549 1222 re,
1589 1177 1727 1227 quae
1766 1158 2084 1212 celebranda

387 1238 544 1294 esset,
584 1238 638 1285 et
671 1230 770 1285 hoc
807 1229 1003 1284 debere
1041 1239 1312 1299 tamquam
1333 1229 1742 1283 fundamentum
1783 1229 2080 1282 laudationi

389 1301 685 1356 subiectum
729 1320 873 1371 esse,
923 1320 991 1355 ex
1036 1300 1119 1354 his
1163 1301 1297 1372 ipsis
1342 1318 1468 1354 vero
1513 1299 1640 1373 eligi
1676 1309 1923 1372 oportere
1958 1299 2082 1371 pul-

389 1371 614 1425 cerrima
649 1371 923 1441 electaque
960 1390 1120 1441 quam
1157 1371 1433 1442 aptissime
1465 1371 1726 1442 componi.
1764 1370 1922 1424 Nunc
1957 1389 2085 1424 vero

389 1443 635 1515 apparuit
686 1461 792 1496 non
845 1444 901 1496 in
954 1442 1057 1497 hoc
1111 1443 1370 1496 contineri
1417 1443 1657 1512 pulcram
1701 1441 1781 1494 rei
1825 1441 2084 1511 cuiusque

385 1514 776 1578 laudationem,
835 1514 932 1567 sed
984 1513 1162 1584 potius
1216 1512 1274 1565 in
1327 1532 1390 1566 eo
1443 1513 1624 1577 cerni,
1696 1520 1758 1566 ut
1816 1512 1864 1566 ei
1925 1531 2085 1582 quam

388 1585 622 1639 maxima
657 1594 712 1638 et
783 1585 1203 1639 raestantissima
1238 1583 1611 1647 attribuantur,
1661 1582 1773 1637 sive
1818 1602 1946 1637 vera
1981 1583 2086 1636 sint

390 1655 503 1710 sive
538 1655 688 1710 falsa.
746 1605 1010 1710 §inritum
1045 1655 1381 1727 propositum
1425 1655 1532 1708 iam
1577 1673 1703 1708 sane
1737 1654 1839 1708 hoc
1874 1654 2085 1708 videtur

388 1726 633 1780 omnibus
669 1745 806 1790 esse,
844 1735 904 1779 ut
939 1745 1174 1780 amorem
1198 1726 1423 1795 quisque
1447 1725 1694 1779 videatur
1717 1724 1933 1794 quidem
1965 1725 2083 1777 lau-

388 1797 535 1861 dare,
574 1797 669 1850 sed
704 1816 812 1849 non
847 1815 1034 1851 revera
1067 1797 1271 1849 laudet:
1310 1797 1452 1848 unde
1489 1816 1584 1849 vos
1608 1796 1666 1848 id
1691 1795 1986 1861 studuistiS,
2025 1805 2086 1848 ut

387 1867 476 1922 ille
511 1867 970 1938 praestantissima
1006 1886 1250 1936 quaeque
1293 1866 1395 1920 sibi
1432 1866 1649 1938 propria
1684 1867 1952 1920 videretur
1987 1865 2083 1919 ha-

387 1939 533 2003 bere,
579 1938 645 1991 iis
684 1938 903 2002 scilicet,
955 1938 1048 2008 qui
1093 1938 1292 1992 nullam
1327 1937 1500 2008 ipsius
1546 1937 1954 2008 intelligentiam
1988 1936 2084 1989 ha-

389 2010 592 2084 beant&
619 2008 803 2063 Huius
839 2027 965 2062 vero
1001 2009 1255 2063 laudandi
1291 2008 1420 2062 artis
1457 2009 1631 2062 fateor
1665 2027 1754 2061 me
1789 2009 1947 2079 plane
1982 2007 2083 2061 im-

388 2080 621 2152 peritum
658 2099 797 2134 esse.
855 2079 1048 2149 Itaque
1085 2080 1210 2133 date
1244 2079 1375 2133 mihi
1410 2079 1529 2142 hoc,
1566 2087 1628 2131 ut
1662 2088 1841 2133 vestra
1874 2078 2081 2132 ratione

391 2151 646 2206 derelicta
681 2169 799 2204 meo
835 2151 942 2204 iam
976 2170 1125 2205 more
1162 2152 1355 2216 dicam,
1402 2170 1469 2204 ne
1503 2152 1639 2204 forte
1662 2149 1828 2204 -vobis
1865 2149 2086 2203 debeam

389 2222 694 2276 ludibrium.
731 2222 879 2276 Vera
916 2222 1058 2276 enim
1094 2222 1160 2275 de
1199 2242 1260 2276 eo
1297 2221 1614 2292 praedicabo
1651 2221 1766 2274 sine
1796 2221 1940 2274 omni
1964 2239 2086 2274 ver-

390 2293 580 2347 borum
616 2312 678 2346 ac
717 2295 1095 2348 sentent-iarum
1130 2302 1337 2347 ornam.
1401 2291 1763 2359 Quamobrem
1808 2291 1964 2345 sinite
1999 2311 2085 2344 me

390 2373 514 2419 ante
549 2365 728 2418 omnia
750 2363 801 2416 A
847 2364 1095 2419 athonem
1130 2383 1306 2436 pauca
1340 2364 1604 2433 quaedam
1638 2363 1965 2434 interrogare
2002 2371 2084 2415 at-

391 2455 494 2505 que
530 2455 643 2489 rem
688 2435 981 2506 paulisper
1025 2435 1325 2505 disceptare
1373 2434 1701 2498 disserendO,
1749 2432 2083 2504 quandoqui-

393 2507 515 2561 dem
550 2506 706 2574 aliter
739 2507 921 2560 dicere
957 2525 1064 2560 non
1087 2525 1322 2578 possum.
1364 2504 1578 2572 Quibus
1602 2504 1909 2576 praemissis
1934 2504 2083 2557 dein-

391 2596 518 2648 ceps
562 2577 689 2630 inde
726 2597 759 2630 a
794 2596 848 2648 p.
891 2578 1009 2630 199.
1050 2575 1115 2631 C.
1161 2596 1332 2646 usque
1367 2577 1436 2628 ad
1466 2595 1520 2647 p.
1556 2577 1676 2629 201.
1711 2573 1775 2629 C.
1820 2574 2084 2628 subtiliter

391 2648 548 2701 docet
602 2658 838 2701 amorem
883 2667 1093 2718 semper
1137 2648 1208 2700 ad
1253 2646 1678 2714 aliquidreferri
1714 2663 1889 2714 neque
1925 2643 2083 2698 abso-

390 2718 501 2770 lute
537 2735 635 2787 per
671 2736 729 2770 se
776 2717 998 2788 cogitari
1041 2736 1217 2787 posse.
1281 2715 1406 2782 Quo
1454 2733 1706 2770 concesso
1740 2714 2085 2788 Agathonem

394 2787 645 2840 continuo
684 2804 748 2840 eo
782 2787 996 2857 redigit,
1034 2797 1095 2840 ut
1131 2787 1291 2841 etiam
1330 2786 1592 2858 largiatur
1626 2804 1860 2841 amorem
1890 2785 1976 2849 iis,
2013 2786 2083 2838 ad

392 2876 531 2926 quae
567 2857 849 2919 referatur,
888 2857 1103 2927 penitus
1141 2875 1339 2919 carere,
1376 2857 1576 2928 quippe
1613 2864 2008 2928 quae-appetat
2032 2865 2085 2910 et

393 2927 750 2998 concupiscat.
798 2927 979 2994 Quum
1015 2947 1143 2982 vero
1179 2927 1396 2999 Agatho
1431 2927 1547 2998 ipse
1584 2926 1807 2981 dixisset
1852 2946 2084 2981 amorem

394 3017 512 3053 esse
547 2999 782 3052 omnium
817 3000 1121 3069 pulcrorum
1159 2999 1484 3061 effectorem,
1520 3007 1778 3070 protenus
1813 2998 1937 3051 inde
1973 2999 2081 3051 col-

394 3070 528 3141 ligit,
553 3069 839 3142 Agat-hone
865 3070 1080 3138 quidem
1103 3090 1209 3124 non
1233 3071 1544 3134 reluctante,
1570 3070 1644 3134 id,
1672 3068 1741 3122 ad
1770 3069 1914 3138 quod
1938 3088 2084 3122 amor

395 3141 674 3203 referatur,
712 3140 842 3194 nihil
866 3141 1009 3194 aliud
1033 3161 1150 3195 esse
1174 3160 1333 3211 quani
1370 3141 1614 3211 pulcrum
1639 3159 1864 3209 eumque
1898 3141 2082 3210 pulcro

398 3230 576 3265 carere
611 3211 837 3280 ideoque
873 3231 972 3265 nec
1008 3212 1185 3282 ipsum
1221 3213 1465 3283 pulcrum
1503 3213 1606 3265 dici
1643 3230 1817 3282 posse.
1855 3210 1944 3263 Ex
1975 3229 2080 3279 quo

398 3283 590 3336 deinde
635 3300 791 3352 porro
835 3283 1130 3346 concludit,
1186 3285 1257 3336 ad
1303 3282 1548 3353 pulcrum
1596 3281 1841 3351 quoniam
1883 3282 2079 3334 bonum

398 3372 604 3425 quoque
644 3353 922 3424 pertineat,
972 3355 1407 3409 amorem-etiam
1444 3354 1595 3407 bonis
1635 3372 1814 3406 carere
1851 3352 2079 3419 ideoque
