2158 3718
245 61 345 156 188

962 106 1279 152 PLAToms
1305 84 1314 91 “

242 264 424 314 κειμαι
460 244 498 316 ἢ
535 246 599 300 ἐν
635 250 711 318 τῷ
737 245 990 319 πρόσθεν
1026 248 1148 317 βίῳ.
1201 249 1312 316 καί,
1339 245 1413 311 ὥς
1438 250 1603 317 ἔοικε,
1639 251 1752 302 τῶν
1777 249 2004 304 κύκνων

242 329 391 383 δοκῶ
429 331 776 402 φαυλότερος
812 330 948 401 ὑμῖν
986 327 1129 384 εἶναι
1165 329 1267 401 τὴν
1303 333 1607 404 μαντικήν,
1647 333 1727 402 οἵ,
1777 331 2005 388 ἐπειδὰν

243 417 582 486 αἴσθωνται,
631 416 717 471 ὅτι
763 418 853 471 δεῖ
895 413 1101 479 αὐτούς
1146 415 1486 488 ἀποθανεῖν,
1534 416 1766 490 ᾄδοντες
1810 420 1903 472 καὶ
1941 421 2005 474 ἐν

157 517 212 560 85
241 503 317 569 τῷ
354 500 608 571 πρόσθεν
646 502 849 575 χρόνῳ,
888 503 1012 556 τότε
1039 499 1107 571 δὴ
1134 505 1366 557 πλεῖστα
1391 505 1483 557 καὶ
1508 504 1746 574 μάλιστα
1782 501 2004 574 ᾅδουσι,

240 585 569 656 γεγηθότες,
609 586 694 640 ὅτι
738 588 1006 657 μέλλουσι
1043 585 1194 657 παρὰ
1229 585 1328 641 τὸν
1362 588 1504 642 θεὸν
1541 586 1790 658 ἀπιέναι,
1829 581 2005 658 οὗπερ

244 671 351 724 εἰσὶ
395 670 757 741 θεράποντες.

833 673 891 725 οἱ
942 671 1003 726 δὲ
1060 670 1354 743 ἅνθρωποι
1402 673 1494 727 διὰ
1540 672 1602 727 τὸ
1649 671 1839 728 αὐτῶν
1883 673 2008 737 δέος

241 759 343 810 τοῦ
379 757 635 811 θανάτου
674 757 906 811 καὶτῶν
932 758 1160 812 κύκνων
1197 759 1662 828 καταψεύδονται,
1701 761 1799 813 καί
1831 775 2006 829 φασιν

241 838 447 905 αὐτοὺς
481 845 838 912 θρηνοῦντας
874 840 972 896 τὸν
1008 840 1261 897 θάνατον
1286 842 1397 899 ὑπὸ
1434 845 1611 914 λύπης
1638 844 1875 916 ἐξᾴδειν,
1915 844 2008 898 καὶ

241 925 310 981 οὐ
347 930 684 998 λογίζονται,
724 927 810 982 ὅτι
846 925 1016 984 οὐδὲν
1054 928 1256 1000 ὄρνεον
1293 928 1435 1003 ᾄδει,
1476 927 1611 983 ὅταν
1648 933 1812 999 πεινῇ
1849 927 1885 1000 ἢ
1922 929 2007 1000 ῥι-

240 1021 335 1082 γοῖ
366 1011 402 1082 ἤ
439 1033 564 1067 τινα
601 1011 780 1084 ἄλλην
817 1014 1004 1085 λύπην
1041 1019 1300 1086 λυπῆται,
1341 1013 1474 1070 οὐδὲ
1509 1012 1648 1085 αὐτὴ
1674 1014 1711 1084 ἤ
1735 1034 1794 1068 τε
1820 1011 2008 1085 ἀηδῶν

353 1189 399 1228 Ρ.
422 1188 493 1232 85.
523 1185 620 1230 καὶ
642 1183 907 1244 μα’λιστα]
931 1187 1013 1231 καὶ
1033 1168 1347 1245 μέγιστωΡειτ.
1369 1190 1416 1232 L.

353 1250 385 1314 ἢ
405 1253 577 1315 ῥιγοῖ]
603 1259 752 1301 Nullus
773 1262 866 1302 cod.
890 1256 1005 1318 ῥἰγῷ
1023 1260 1165 1304 habet.

240 1417 428 1471 Thucyd.
460 1419 531 1459 111
563 1417 632 1458 53.
664 1419 689 1483 2
717 1414 818 1459 νῦν
828 1411 881 1459 δε
904 1410 1082 1483 φοβού-

240 1475 372 1528 μεθα
400 1467 463 1528 μὴ
495 1467 777 1528 αμφοτὲρων
808 1467 1081 1529 ἡμαρτήκα-

241 1543 342 1585 μεν.
376 1531 472 1571 Alia
499 1531 616 1571 dabit
649 1530 879 1572 Elmslei.
909 1532 964 1572 ad
993 1531 1078 1571 Me-

233 1589 365 1629 'deam
387 1589 488 1630 310.
516 1587 602 1627 Nec
631 1586 795 1628 abludit
823 1587 930 1628 Plat.
953 1589 1079 1642 ΗίΡΡ.

241 1645 340 1688 mai.
390 1657 435 1712 p.
465 1645 547 1686 296
576 1646 614 1685 A
663 1642 986 1699 φοβοῦμαι,
1036 1644 1086 1687 τί

240 1693 350 1746 ποτ’
372 1689 435 1743 αὖ
439 1698 667 1771 λέγομεν.

299 1757 374 1810 οἳ,
431 1751 681 1800 ἐπειδὰν
729 1756 1077 1812 αἴσθωνται]

242 1816 504 1867 „Notissima
527 1822 604 1867 est,
623 1815 678 1855 ad
700 1828 824 1868 quam
847 1815 915 1855 hic
936 1816 1083 1856 alludit

243 1873 454 1924 Socrates,
484 1879 673 1913 veterum
703 1872 858 1926 opinio.
901 1873 1023 1923 Vide,
1047 1873 1083 1913 si

241 1931 346 1971 tanti
377 1938 454 1979 est,
488 1942 598 1982 quae
628 1929 800 1982 collegit
833 1929 1082 1970 Davisius

241 1988 295 2028 ad
318 1986 412 2028 Cic.
440 1988 567 2030 Tusc.
596 1986 716 2040 Disp.
741 1987 770 2027 Ι.
794 1985 895 2029 30.“
936 1985 1083 2027 FOR-

242 2044 418 2088 STER.
442 2044 606 2093 Quibus
628 2043 895 2084 addeDion.
921 2042 1083 2095 Chry-

242 2109 366 2144 sost.
387 2114 428 2154 p.
443 2102 526 2142 223
548 2101 614 2140 ed.
629 2101 817 2153 Emper.‚
837 2101 908 2151 qui
925 2112 1084 2153 cygno-

240 2171 332 2198 rum
374 2163 543 2198 cantum
584 2157 838 2198 luculentius
862 2158 1083 2206 describit,

242 2221 282 2256 et
317 2216 541 2258 Aristot.
582 2214 690 2255 Hist.
720 2215 848 2255 anim.
873 2216 904 2254 Ι.
928 2227 969 2268 p.
1002 2215 1082 2255 615

242 2273 309 2316 ed.
342 2272 419 2315 Bk.
471 2271 799 2324 Elegantissime
837 2271 918 2311 hoc
952 2284 1082 2324 argu-

240 2337 430 2369 mentum
449 2334 681 2369 tractarunt
702 2331 733 2371 Ι.
759 2329 809 2368 Η.
835 2328 968 2368 Voss
991 2327 1082 2381 My-

239 2386 398 2440 tholog.
439 2386 593 2426 Briefe.
634 2386 680 2427 T.
709 2387 761 2428 II.
804 2398 847 2438 p.
878 2386 957 2424 112
987 2398 1078 2436 sqq.

241 2444 514 2483 Hamaker.
544 2442 676 2485 Lectt.
698 2442 940 2484 Philostrat.
962 2454 1004 2494 p.
1031 2443 1083 2483 10

241 2512 334 2552 sqq.
386 2506 426 2539 et
476 2501 693 2540 Isaacus
753 2498 1079 2551 Peerlkamp.

239 2557 418 2597 Dissert.
439 2557 500 2596 de
521 2563 674 2595 cantu
697 2556 865 2608 cygni.
880 2555 1079 2607 Groning.

243 2613 365 2654 1824.
391 2615 430 2654 8.
474 2613 559 2652 Nec
598 2625 697 2653 vero
739 2613 904 2651 inanem
950 2612 1083 2651 fuisse

239 2670 366 2709 istam
396 2675 587 2709 veterum
619 2670 670 2708 de
701 2675 825 2708 cantu
848 2679 1081 2719 cygnorum

243 2727 484 2779 opinionem
539 2725 642 2765 satis
677 2725 760 2763 iarn
803 2724 945 2763 testati
983 2731 1082 2762 sunt

241 2783 499 2822 recentiores
519 2780 722 2821 naturalis
740 2781 943 2820 historiae
967 2792 1082 2819 scru-

241 2844 415 2889 mores,
448 2839 519 2888 qui
548 2850 682 2889 genus
713 2837 925 2889 quoddam
955 2836 1079 2888 cygni

240 2896 336 2948 feri,
364 2907 488 2947 quem
508 2895 631 2933 etiam
648 2894 899 2933 musicum
923 2900 963 2932 et
984 2905 1023 2931 m
1037 2906 1082 2931 e-

242 2950 629 3005 lanomynchon
651 2949 888 3003 appellant,
911 2950 1082 3002 reperiri

242 3010 523 3063 scripserunt,
586 3008 658 3057 qui
705 3015 873 3046 cantum
924 3007 1084 3046 emittat

243 3066 463 3117 querulum
513 3064 703 3116 quidem,
769 3063 845 3103 sed
903 3063 1082 3102 eundem

244 3124 466 3164 dulcedine
496 3135 545 3161 ac
576 3120 836 3161 mollitudine
859 3133 937 3160 sua
959 3120 1083 3172 plane

243 3179 547 3222 admirabilem.
585 3178 717 3227 Quem
740 3177 908 3228 quidem
933 3178 1082 3216 veteri-

247 3238 327 3277 bus
350 3237 566 3290 cognitum
588 3235 722 3275 fuisse
751 3247 803 3274 ex
835 3245 883 3273 eo
906 3233 951 3272 fit
976 3234 1081 3272 veri-

247 3293 394 3342 simile,
422 3293 535 3345 quod
557 3305 649 3332 cum
674 3291 761 3331 fere
782 3291 825 3329 in
847 3290 1083 3330 borealibus

246 3351 489 3404 regionibus
511 3355 709 3400 moretur,
743 3355 879 3388 tamen
904 3347 1084 3386 subinde

247 3409 371 3448 etiam
401 3420 495 3448 oras
526 3405 860 3446 meridionalium
882 3410 1084 3443 terrarum

245 3465 404 3509 invisit.
444 3465 527 3505 Res
563 3463 688 3504 hodie
729 3474 810 3502 non
843 3462 1005 3514 ignota,
1033 3462 1084 3501 de

1167 1430 1250 1470 qua
1282 1431 1320 1459 v.
1342 1417 1630 1458 Bechstein
1660 1414 1940 1469 Naturgesch.
1964 1417 2008 1458 d.

1166 1475 1303 1527 Vogel
1323 1474 1538 1515 Deutschl.
1560 1475 1612 1515 II.
1634 1487 1677 1527 Ρ.
1700 1474 1796 1515 581.
1831 1472 2008 1513 Pallas

1166 1531 1400 1572 Nordische
1420 1531 1614 1583 Beitrz‘ige
1635 1531 1708 1571 ΙΙΙ.
1731 1542 1772 1583 p.
1796 1531 1847 1570 10
1878 1536 1917 1568 et
1938 1530 2009 1572 IV.

1167 1601 1209 1642 p·
1233 1589 1273 1631 8.
1299 1588 1437 1628 eiusd.
1460 1588 1629 1628 Aeltere
1650 1587 1933 1629 Reise—Ausz.
1955 1587 2005 1626 11.

1167 1658 1212 1700 p.
1243 1647 1282 1686 7.
1322 1643 1534 1686 Buffon.
1573 1644 1640 1686 ed.
1681 1642 1882 1685 Cuvier.
1927 1643 2005 1684 Co-

1167 1701 1251 1743 lon.
1281 1714 1319 1743 a.
1345 1703 1467 1750 1840,
1499 1701 1550 1741 de
1579 1701 1730 1743 avibus
1751 1700 1846 1740 Vol.
1870 1701 1940 1740 III.
1963 1713 2006 1754 p.

1169 1759 1251 1800 345
1292 1771 1384 1809 sqq.
1445 1757 1598 1800 Oken.
1639 1756 1919 1810 Naturgesch.
1959 1757 2006 1798 T.

1167 1816 1280 1858 VIII.
1314 1828 1356 1869 p.
1381 1815 1462 1855 482
1492 1827 1583 1866 sqq.
1627 1814 1730 1854 Uno
1762 1827 1801 1854 V.
1834 1813 2009 1855 Troils

1168 1873 1293 1913 Reise
1324 1871 1431 1911 nach
1468 1871 1610 1911 [sland
1644 1884 1686 1937 Ρ.
1721 1871 1801 1911 115
1822 1883 1885 1922 sq.
1927 1869 2006 1910 P10

1169 1926 1253 1971 καὶ
1273 1929 1473 1970 πλεῖστα
1502 1925 1586 1969 και
1607 1922 1812 1981 μαλιστα
1842 1927 2005 1968 Blom-

1170 1986 1313 2030 field
1349 1984 1539 2027 Glossar.
1574 1985 1628 2024 ad
1664 1984 1817 2027 Aesch.
1856 1985 2008 2037 Agam.

1174 2044 1282 2084 1419
1306 2042 1531 2107 legendum
1554 2042 1753 2081 censebat
1774 2038 1856 2082 καὶ
1877 2041 2009 2082 πλεῖ-

1170 2111 1257 2141 στα
1297 2095 1380 2141 καὶ
1419 2092 1649 2140 κάλλιστα
1693 2098 1843 2139 collato
1882 2097 2009 2138 Por-

1171 2170 1278 2199 son.
1305 2157 1358 2196 ad
1380 2156 1477 2196 Eur.
1496 2155 1762 2198 Pl10en.878.
1785 2153 2008 2197 Coniectu-

1169 2227 1215 2254 ra
1255 2225 1488 2279 sanequam
1526 2213 1718 2266 elegans,
1762 2213 1838 2254 sed
1867 2212 2008 2253 minus

1170 2271 1424 2311 necessaria.

1223 2329 1269 2368 P.
1291 2328 1362 2369 85.
1382 2315 1557 2380 οὗπερ
1582 2319 2007 2392 εἰσὶθεράπον-

1167 2400 1191 2425 τ
1203 2398 1223 2426 ε
1235 2381 1277 2437 ς]
1292 2384 1495 2438 Moxipse
1512 2385 1611 2424 dicit
1627 2382 1711 2425 τοῦ
1726 2375 2009 2431 ’Λπόλλωνος

1170 2434 1316 2490 ὄντες.
1348 2442 1408 2482 De
1430 2441 1580 2494 cygnis
1603 2440 1788 2494 Apollini
1807 2440 2009 2479 ministris

1169 2512 1210 2539 v.
1233 2498 1396 2539 Gallim.
1428 2499 1579 2550 Hymn.
1610 2499 1650 2537 in
1675 2497 1886 2537 Delumv.
1909 2497 2006 2538 249

1171 2556 1254 2596 Cic.
1297 2557 1424 2595 Tusc.
1467 2557 1495 2598 l
1537 2556 1606 2594 30.
1675 2553 1863 2595 Aelian.
1902 2552 2007 2594 Hist.

1170 2612 1298 2653 anim.
1322 2613 1373 2653 II.
1397 2613 1450 2652 32
1475 2617 1515 2650 et
1536 2611 1651 2650 XIV.
1669 2612 1735 2650 13.
1760 2609 1862 2649 Inde
1883 2609 2009 2661 cygni

1171 2668 1295 2707 etiam
1317 2668 1359 2706 in
1385 2680 1421 2706 n]
1423 2668 1521 2707 nnis
1545 2666 1732 2731 Apollini
1752 2665 1901 2707 additi.

1252 2720 1350 2765 καὶ
1398 2721 1506 2764 τῶν
1554 2717 1780 2764 κύκνων
1833 2734 2005 2762 κατα-

1168 2773 1514 2833 ψεύδονται]
1572 2779 1612 2821 h.
1659 2792 1695 2819 e.
1745 2779 1899 2818 etiam
1949 2779 2010 2818 de

1167 2838 1350 2889 cygnis
1400 2837 1545 2876 falsa
1593 2835 2007 2876 comminiscun-

1169 2904 1261 2934 tur.
1293 2894 1425 2946 Legg.
1447 2893 1541 2932 VII.
1565 2906 1606 2959 p.
1618 2892 1744 2933 821ss
1766 2898 2010 2943 καταψευ-

1170 2944 1362 3003 δόμεθα
1384 2973 1435 2978 -
1458 2951 1673 3003 μεγαλων
1695 2947 1842 2990 θεῶν.
1875 2948 2006 3001 Legg.

1169 3005 2007 3060 111.p.7ooE.l)eRep.111.p.39oD.

1227 3057 1488 3117 ἐξᾴδειν]
1535 3062 1783 3117 Stephan.
1826 3061 2008 3115 explicat

1171 3130 1461 3160 extlemum
1505 3132 1714 3167 canere,
1758 3118 2007 3158 cantandi

1172 3186 1280 3217 arte
1322 3178 1557 3229 defungi
1635 3176 1807 3216 Rectius
1848 3175 2005 3214 Hein-

1172 3234 1327 3275 dors.:
1361 3234 1620 3273 cantando
1652 3244 1831 3272 vocem
1856 3231 2003 3270 emit-

1172 3299 1247 3330 tei
1260 3305 1295 3333 e.
1319 3291 1418 3331 Mox
1440 3291 1491 3330 de
1515 3291 1647 3330 forma
1670 3283 1808 3358 ριγοῖ,
1832 3299 1905 3339 pro
1925 3299 2007 3337 qua

1172 3346 1298 3401 Golg.
1320 3361 1362 3401 p.
1385 3349 1466 3388 517
1487 3347 1521 3387 D
1565 3347 1698 3385 Attice
1727 3340 1840 3400 ῥἰγῷ
1873 3345 2006 3397 scrip·

1172 3409 1257 3444 tum
1311 3411 1396 3458 est,
1447 3403 1544 3443 vide
1592 3402 1895 3443 Buttmann.
1936 3401 2004 3443 Gr.

1171 3461 1296 3514 ampl.
1320 3461 1366 3500 T.
1392 3462 1421 3502 I.
1446 3473 1487 3514 p.
1509 3460 1607 3503 489.
