2158 3718
352 140 772 196 APOLOGIA
812 139 1215 197 SOCRATIS.
1256 143 1319 195 P.
1363 146 1444 197 27.
1488 144 1567 199 St.
1731 149 1825 201 107

138 285 457 359 ἡγούμενον
477 287 657 362 φάναι
681 290 770 357 ἐμὲ
804 285 979 353 θεοὺς
1005 280 1076 342 αὖ
1107 286 1372 360 ἡγεῖσθαι
1394 291 1578 359 πάλιν,
1617 295 1830 362 ἐπειδή·

138 393 239 442 περ
282 394 341 442 γε
385 375 655 443 δαίμονας
677 370 950 442 ἡγοῦμαι·
997 379 1042 428 εἰ
1086 373 1138 426 δ’
1192 367 1264 429 αὖ
1301 397 1354 430 οι
1382 378 1640 448 δαίμονες
1673 382 1829 434 θεῶν

137 460 328 521 παῖδὲς
385 462 486 510 εισι
541 455 715 512 νόθοι
769 460 913 520 τινὲς
967 454 997 523 ἢ
1054 463 1109 511 ἐκ
1165 462 1400 535 νυμφῶν
1456 460 1489 528 ἢ
1547 467 1602 517 ἔκ
1661 485 1828 518 τινων

136 535 351 601 ἄλλων,
387 533 464 594 ὧν
507 539 573 607 δὴ
619 543 709 595 καὶ
754 544 1022 607 λέγονται,
1070 546 1150 606 τίς
1186 543 1259 599 ὀὶν
1303 543 1630 616 ἀνθρώπων
1673 551 1829 602 θεῶν

133 627 236 694 μὲν
277 628 482 689 παῖδας
527 622 717 694 ἡγοῖτο
765 623 936 688 εἶναι,
985 624 1161 691 θεους
1204 632 1259 682 δὲ
1302 629 1422 699 μή,·
1464 629 1670 701 ὁμοίως
1715 654 1823 703 γαρ

134 704 207 762 ἂν
250 703 469 763 ἄτοπον
513 709 624 775 εἴη,
686 707 860 781 ὥςπερ
915 706 988 764 ὀὲν
1041 710 1090 764 εἲ
1131 733 1212 777 τις
1253 718 1435 768 ἵππων
1473 719 1574 786 μὲν
1618 720 1822 780 παῖδας

133 789 327 859 ἡγοῖτο
388 790 421 860 ἢ
479 797 573 848 καὶ
630 789 775 849 ὄνων
828 790 959 858 τοὺς
1014 792 1307 863 ἡμιόνους,
1368 803 1573 863 ἵππους
1633 804 1689 854 δὲ
1737 804 1830 855 καὶ

134 873 300 940 ὅνους
352 874 428 946 μὴ
485 876 679 946 ἡγοῖτο
726 876 883 933 εἶναι,
928 877 1051 932 ἀλλ’
1064 920 1075 941 ,
1130 904 1170 932 ω
1218 883 1467 948 Μέλητε,
1526 882 1626 938 οὐκ
1681 888 1829 939 ἔστιν

73 1034 89 1043 ο
134 958 284 1025 ὅπως
326 960 393 1016 σὺ
440 965 616 1016 ταῦτα
653 961 775 1032 οὐχὶ
801 960 1257 1031 ἀποπειρώμενος
1285 962 1440 1034 ἡμῶν
1469 966 1695 1044 ἐφράψω
1726 967 1829 1036 τὴν

133 1044 356 1118 ,ῥαφὴν
372 1046 596 1112 ταύτην,
626 1042 907 1112 ἢιέπορῶν
938 1043 970 1100 ὅ
1000 1067 1050 1099 τι
1064 1052 1443 1118 ὲγκαλοῖςὲμοὶ
1468 1051 1686 1118 ἀληθὲς
1707 1052 1831 1107 αδί-

133 1145 308 1199 κημα·
354 1150 504 1191 οπως
547 1131 602 1182 δὲ
648 1128 717 1183 σύ
756 1149 882 1183 τινα
920 1134 1145 1194 πείθοις
1183 1130 1257 1186 ἂν
1301 1137 1392 1187 καὶ
1438 1135 1669 1207 σμικρὸν
1695 1141 1828 1192 νοῦν

249 1349 298 1388 D.
358 1347 536 1391 θεούς
573 1365 627 1405 γε
672 1347 987 1407 ἡγούμεθα]
1034 1354 1147 1399 Vett.
1191 1354 1311 1398 editt.
1360 1359 1462 1405 pout
1489 1350 1717 1407 ἡγούμεθα
1748 1356 1826 1398 ad-

130 1404 241 1506 dunlt³
259 1401 534 1508 ewcgbqlnod
570 1423 657 1451 om.
694 1410 955 1454 ssod1.-.Ven
990 1413 1031 1452 b.
1068 1413 1162 1456 Vat.
1197 1413 1321 1453 Vinci.
1356 1413 1396 1455 1
1425 1411 1467 1455 4.
1500 1413 1539 1456 6.
1574 1413 1691 1455 Flor.
1725 1428 1761 1454 c.

245 1477 293 1505 ar

131 1620 173 1660 p
205 1608 275 1652 28.
315 1614 364 1649 A.

164 1661 407 1708 Ουκοῦν
444 1667 598 1719 εἴπερ
640 1665 779 1718 δαίμ.
825 1663 926 1723 ἠγ.]

126 1721 376 1765 Conditioni
394 1724 619 1778 primariae
633 1725 831 1766 subiecta
851 1727 932 1766 du-

128 1782 227 1834 plex
257 1782 505 1823 secundaria
537 1782 726 1824 conditio
748 1788 830 1835 est,
863 1785 930 1824 cui

127 1837 284 1893 duplex
314 1839 553 1892 respondet
581 1839 802 1893 apodosis.
856 1842 930 1882 Sic

127 1896 335 1965 periodus
366 1899 601 1939 intricatior
631 1899 898 1951 explicanda.

192 1947 253 1995 ὦν
283 1952 343 2010 δὴ
375 1955 458 1996 καὶ
490 1955 765 2026 λέγονται]
793 1957 928 2006 (ἔοι-«ν.

129 2027 183 2082 p.
201 2012 299 2056 453
318 1971 388 2056 ηΕ.
446 2010 570 2055 πάλιν
601 2009 645 2054 δ’
677 2014 720 2055 εἰ
745 2012 812 2054 ἐπὶ
846 2015 929 2054 τῶν

128 2065 270 2111 αὐτῶν
287 2073 443 2122 τεχνῶν
459 2071 645 2125 λέγομεν,
676 2064 816 2125 ὦνπερ
850 2073 930 2113 νῦν

127 2126 182 2182 δή
233 2144 269 2171 κ.
313 2144 344 2169 τ.
385 2131 418 2171 λ.
470 2131 634 2173 Phaed.
682 2145 725 2200 p.
768 2131 838 2175 76.
881 2136 929 2170 A.

127 2183 192 2256 ἢ
181 2185 244 2227 ’ἐν
283 2184 420 2242 τούτῳ
457 2184 632 2242 (χρόνῳ)
674 2184 929 2237 ἀπόλλυμεν,

127 2259 243 2299 ῳπερ
273 2246 340 2285 καὶ
371 2243 654 2297 λαμβάνομεν.
689 2245 864 2289 lachet,
888 2259 927 2299 p.

127 2303 226 2351 192.
249 2301 299 2343 B.
363 2303 452 2344 Sed
485 2304 621 2344 otium
655 2304 776 2345 nobis
807 2302 927 2344 fece-

128 2368 226 2402 runt
268 2358 510 2404 Fischer.
552 2360 604 2402 ad
644 2360 812 2402 Weller.
843 2360 928 2403 III.

126 2419 168 2462 1.
202 2431 244 2473 p.
273 2418 343 2461 99.
399 2417 683 2460 Schaefer.
727 2418 780 2459 ad
826 2419 930 2458 Dio-

124 2489 218 2575 1:5⁸
223 2475 574 2587 εὲξὴὲῗωῧέᾒ
603 2477 785 2576 νὁὶξΓ.
755 2489 793 2529 ⁹
826 2475 927 2578 {23

124 2591 179 2632 ad
212 2590 433 2632 Demosth.
472 2591 526 2631 de
559 2592 718 2634 Coron.
783 2592 926 2636 271.

125 2648 197 2693 24.
230 2649 299 2690 ed.
321 2649 373 2692 R.
402 2648 685 2691 Heindorf.
716 2649 927 2702 adGorg.

125 2705 287 2761 p..249
320 2706 372 2748 ad
409 2706 671 2762 Phaedonp
677 2708 776 2752 ..91
813 2710 926 2748 Ast.

125 2764 178 2806 ad
223 2763 358 2817 Legg.
401 2779 441 2818 p.
481 2763 578 2808 188.
620 2765 806 2808 Matth.
846 2765 926 2805 Gr.

124 2822 162 2876 ξ.
196 2821 297 2866 595.
342 2821 507 2863 Eadem
530 2823 728 2875 loquendi
759 2823 928 2864 ratione

125 2881 190 2920 usi
236 2884 334 2920 sunt
385 2881 512 2920 etiam
565 2883 797 2934 scriptores
838 2880 926 2920 La-

125 2938 214 2986 tini,
248 2937 301 2977 de
333 2938 489 2990 quibus
521 2937 617 2978 vide
652 2938 926 2979 Bromium

125 2994 182 3036 ad
213 2995 387 3038 cornel.
420 2993 527 3047 Nep.
555 2995 717 3039 Cimon.
738 2995 811 3036 111.
829 2995 867 3048 §-
887 2995 926 3038 1.

212 3049 358 3093 ὄνων
419 3049 552 3092 τοὺς
615 3047 926 3106 ἡμιόνους]

127 3109 271 3150 Mulos
303 3122 382 3151 cur
422 3117 657 3160 memoret
697 3111 736 3151 in
779 3112 926 3164 aprico

125 3172 206 3208 est.
269 3167 325 3208 Hi
359 3167 466 3208 enim
511 3181 642 3220 quum
677 3169 926 3221 parentibus

125 3229 300 3265 utantur
350 3223 533 3277 dupiicis
564 3227 762 3276 generis,
802 3227 926 3279 equis

124 3288 168 3322 et
197 3282 351 3333 asinis,
391 3280 486 3322 nihii
518 3288 636 3324 certe
667 3281 747 3324 hoc
779 3294 925 3325 exem-

124 3339 194 3391 plo
233 3339 373 3393 aptius
420 3341 473 3380 ad
523 3340 822 3381 declarandum
867 3341 926 3391 id,

124 3395 264 3448 quod·
292 3408 401 3440 nunc
453 3394 717 3450 declaratur,
761 3399 924 3451 prolem

1017 1611 1108 1652 sine
1159 1611 1407 1664 parentibus
1466 1615 1646 1667 cogitari
1686 1627 1819 1668 posse

1015 1670 1185 1709 nullam.
1266 1669 1418 1721 ltaque
1474 1684 1555 1712 non
1604 1672 1822 1714 assentior

1018 1725 1371 1768 Biumleinio
1423 1727 1462 1768 in
1500 1729 1684 1772 Jahnii
1732 1733 1816 1769 An-

1015 1785 1097 1825 nai.
1132 1783 1268 1826 Novv.
1307 1784 1532 1837 Suppiem.
1579 1788 1702 1829 Fasc.
1744 1786 1820 1827 IV.

1014 1855 1050 1883 a.
1094 1842 1219 1886 1840.
1254 1857 1294 1897 p.
1326 1842 1410 1886 545
1443 1858 1504 1897 sq.
1551 1842 1655 1886 τούς
1697 1840 1818 1898 ἡμιό-

1013 1911 1121 1940 νους
1168 1915 1245 1955 pro
1297 1904 1559 1953 glossemate
1631 1902 1818 1952 habenti,

1014 1959 1203 2001 licetine
1239 1958 1543 2001 Hermannu
1561 1975 1600 2002 m
1636 1972 1818 2001 consen-

1014 2018 1190 2059 tientem
1213 2012 1385 2057 habeat.
1434 2018 1522 2060 Sed
1553 2032 1633 2060 nec
1664 2013 1690 2071 ἢ
1721 2022 1821 2069 post

1015 2068 1162 2127 ἡγοῖτο
1225 2075 1627 2126 exterminandum,
1691 2076 1819 2115 sicuti

1014 2133 1298 2173 volueruntJ
1325 2133 1379 2173 H
1406 2133 1577 2183 Voss.⁹
1604 2132 1818 2174 Schiei—

1015 2189 1315 2232 ermacher.
1352 2195 1394 2230 et
1425 2191 1671 2232 Forster.
1710 2188 1817 2230 Nam

1012 2252 1131 2288 recte
1163 2245 1476 2291 Fischerus.
1537 2247 1660 2297 „Sed
1693 2241 1817 2301 ἡμίο-

1015 2317 1085 2343 νοι
1124 2303 1206 2345 dici
1248 2310 1429 2358 possunt
1460 2311 1504 2347 et
1543 2306 1690 2346 ἵππων
1721 2309 1816 2344 παῖ-

1015 2361 1086 2402 δες
1115 2367 1159 2402 et
1195 2356 1311 2403 ὄνων
1348 2361 1518 2412 παῖδες,
1559 2377 1687 2416 quum
1732 2375 1816 2402 non

1015 2420 1152 2460 solum
1203 2432 1256 2461 ex
1296 2434 1409 2473 equo
1451 2427 1496 2462 et
1542 2422 1687 2472 asina,
1738 2420 1817 2461 sed

1014 2477 1144 2518 etiam
1186 2491 1240 2519 ex
1278 2480 1398 2519 asino
1448 2486 1492 2520 et
1530 2491 1637 2530 equa
1678 2490 1816 2531 gene-

1015 2540 1160 2576 rentur
1197 2541 1240 2576 et
1270 2536 1491 2591 copsiiium
1527 2535 1707 2577 dicentis
1739 2534 1817 2576 de—

1013 2593 1168 2642 claret,
1202 2605 1298 2634 eum
1331 2594 1566 2646 genitores,
1596 2606 1679 2634 non
1713 2593 1817 2634 item

1013 2650 1243 2703 genitrices
1289 2653 1502 2693 muiorum
1552 2664 1816 2692 commemo-

1013 2719 1109 2748 rare
1143 2709 1251 2749 vene
1283 2720 1333 2748 ac
1364 2709 1541 2751 debere.
1547 2710 1572 2732 “

1073 2778 1171 2805 ουκ
1219 2765 1367 2806 ἔστιν
1429 2762 1573 2807 ὅπως
1631 2763 1695 2807 σύ
1735 2766 1811 2820 --]

1013 2823 1144 2864 ταῦτα
1174 2822 1227 2864 ad
1261 2819 1610 2878 ἀποπειρωμενοε
1629 2824 1814 2866 referas.

1014 2878 1095 2921 his
1128 2894 1162 2924 s,
1209 2880 1302 2922 hac
1333 2884 1551 2923 ratione
1584 2895 1678 2923 nos
1710 2889 1821 2923 ten-

1013 2942 1153 2978 tans.
1185 2938 1431 2992 Xenoph.
1475 2941 1583 2982 Oec.
1634 2940 1707 2989 19.
1748 2940 1818 2983 13.

1013 2990 1228 3064 ἀποπειρᾷ
1274 3011 1359 3047 μου
1412 2998 1479 3038 καὶ
1524 2997 1678 3046 τοῦτο,
1719 2998 1817 3050 ἐφη,

1012 3049 1187 3103 μάλιστα
1224 3052 1397 3096 πάντων
1435 3052 1726 3106 ἐπιστάμενος.
1781 3070 1817 3098 v.

1016 3111 1286 3155 Matthiae
1331 3114 1409 3153 Gr.
1442 3112 1479 3166 ξ.
1511 3095 1611 3157 425.
1646 3120 1688 3155 et
1716 3112 1816 3157 471.

1013 3168 1080 3213 13.
1150 3169 1249 3213 Quo
1299 3173 1499 3238 neglecto
1554 3172 1816 3213 Herman-

1012 3239 1110 3267 nus
1149 3228 1278 3269 verba
1321 3224 1478 3281 ταύτην
1527 3226 1604 3283 τὴν
1642 3242 1817 3283 γραφην

1012 3290 1231 3336 tamquam
1274 3291 1474 3340 suspecta
1516 3288 1705 3336 notavit,
1747 3285 1813 3326 os-

1013 3340 1160 3382 sensus
1206 3343 1276 3385 ilie
1325 3342 1511 3386 sortasse
1565 3346 1690 3386 etiam
1732 3343 1814 3385 loci

1011 3397 1260 3454 hyperbato,
