2158 3718
822 116 1082 169 PHAE'DO
1115 139 1159 182 p.
1183 128 1251 167 72.
1817 124 1918 177 141

125 271 239 322 ’τοῦ
278 266 471 336 ἑτέρου
507 266 686 336 μόνον
725 264 804 327 εἰς
838 262 901 317 τὸ
940 260 1283 333 καταντικρὺ
1321 264 1415 316 καὶ
1452 261 1526 332 μὴ
1567 260 1922 332 ἄνακοὶμπτοι

132 353 308 406 πάλιν
364 351 457 406 ἐπὶ
509 347 572 403 τό
619 349 843 417 ἕτερον,
891 348 1031 418 μηδὲ
1078 345 1304 417 καμπὴν
1350 348 1594 421 ποιοῖτο,
1641 341 1793 400 οἷσθ’
1835 345 1922 400 ὅτι

124 435 318 489 πάντα
354 436 701 488 τελευτῶντα
738 431 800 486 τὸ
849 429 987 485 αὐτὸ
1026 434 1207 502 σχῆμα
1244 428 1320 484 ἂν
1354 431 1512 500 σχοίη
1550 430 1645 484 καὶ
1681 428 1743 484 τὰ
1783 426 1920 484 αὐτὸ

124 519 320 582 πάθος
365 517 439 572 ἂν
482 517 660 571 πάθοι
705 518 799 570 καὶ
846 516 1122 570 παύσαιτο
1159 515 1491 584 γνγνόμενα;
1540 516 1676 577 Πῶς
1712 515 1918 582 λέγεις;

127 605 263 672 ἔφη.
342 599 530 656 Οὐδὲν
579 601 851 669 χαλεπόν,
890 594 928 670 ἦ
966 598 1018 653 δ’
1058 599 1145 668 ὅς,
1186 599 1454 668 ἐννοῆσαι
1491 596 1525 652 ὃ
1560 599 1729 666 λέγω·
1791 596 1920 651 ἀλλ’

122 679 258 740 »οἷον
303 685 355 739 εἰ
398 682 462 738 τὸ
509 684 964 753 καταδαρθάνειν
1009 684 1113 753 μὲν
1151 687 1268 752 εἴη,
1319 680 1382 736 τὸ
1432 680 1486 735 δ’
1527 680 1920 752 ’ἀνεγείρεσθαι

0 793 1 801 ¹
62 818 64 820 .
124 767 207 839 μὴ
248 766 648 838 ἄνταποδιδοίη
696 767 1036 838 γιγνόμενον
1073 761 1138 822 ἐκ
1174 769 1278 821 τοῦ
1314 766 1724 835 καθεύδοντος,
1764 762 1917 820 οἷσθ’

125 851 220 906 ὅτι
255 856 606 907 τελευτῶντα
643 850 811 905 πάντ’
851 850 923 905 ἄν
959 854 1137 920 λῆρον
1173 849 1272 904 τὸν
1303 848 1653 921 Ἐνδυμίωνα
1690 848 1920 904 ἀποδεί-
1942 868 1974 911 c

246 1022 295 1063 B.
327 1014 727 1092 ἅνακοέμπτοι]
772 1022 870 1062 Ald.
895 1020 1040 1074 Steph.
1066 1033 1160 1061 cum
1190 1033 1274 1062 uno
1295 1020 1389 1062 Par.
1412 1022 1446 1062 E
1467 1013 1772 1095 ἄνακοῖμπτῃ.
1813 1021 1920 1062 Dein

131 1077 263 1120 Coisl.
287 1074 356 1127 εἰς
375 1072 429 1120 τὸ
451 1074 628 1132 ετερον.
670 1078 751 1118 Pro
774 1073 898 1131 μηδὲ
916 1069 1115 1130 καμπὴν
1135 1078 1322 1118 ποιοῖτο
1346 1077 1473 1121 Coisl.
1493 1078 1603 1119 Ven.
1615 1076 1714 1124 ΛΞ
1730 1078 1825 1118 Par.
1846 1077 1918 1118 HL

131 1135 249 1200 Aug.
267 1134 380 1177 Flor.
402 1146 426 1175 c
448 1140 488 1174 et
508 1147 576 1188 pr.
597 1135 725 1175 Vind.
753 1133 906 1176 YPar.
931 1133 966 1175 G
995 1133 1105 1173 Flor.
1136 1147 1184 1187 μ.
1206 1146 1249 1175 κ.
1272 1135 1419 1177 ποιοῖ.
1440 1132 1548 1174 Sed
1569 1133 1664 1174 Par.
1684 1134 1718 1174 E
1740 1146 1765 1173 a
1785 1146 1850 1188 pr.
1860 1145 1916 1176 m.

127 1183 263 1244 ποιή,
284 1190 382 1234 Par.
403 1192 423 1231 I
440 1193 584 1232 ποιεῖ.

245 1253 307 1302 ἐκ
347 1258 447 1302 τοῦ
487 1254 915 1311 καθεύδοντος]
955 1271 1014 1299 ex
1036 1271 1118 1311 e0‚
1142 1259 1279 1311 quod
1300 1260 1394 1300 ἀοι
1405 1260 1550 1312 miat‚
1574 1260 1734 1301 dictum
1755 1265 1821 1300 est
1840 1271 1918 1313 per

132 1316 414 1357 variationem
435 1318 650 1370 quandam
672 1317 873 1357 01ation1s
894 1327 970 1370 pro
992 1309 1044 1356 ἐκ
1066 1313 1151 1356 τοῦ
1171 1309 1455 1359 καθεύδειν.

247 1378 412 1428 πάντ’
456 1378 542 1439 ἄν]
584 1400 660 1440 αν,
698 1387 812 1439 qnod
840 1387 884 1426 in
919 1384 1041 1426 libris
1077 1386 1271 1426 omnibus
1307 1386 1450 1450 deest,
1480 1398 1576 1427 cum
1604 1385 1846 1427 Heindorfio
1876 1392 1918 1427 et

131 1442 326 1483 Bekkero
354 1443 501 1484 addidi
530 1444 583 1483 de
610 1443 852 1484 coniectura
878 1441 1082 1485 Fischeri.
1110 1443 1318 1494 probante
1346 1442 1472 1482 etiam
1500 1442 1645 1486 Herm.
1684 1442 1916 1496 Vulgatum

131 1511 270 1552 nuper
289 1498 398 1539 tueri
417 1504 594 1540 conatus
626 1506 690 1540 est
709 1498 958 1551 Bernhardy
979 1497 1157 1550 Syntax.
1180 1510 1224 1551 p.

130 1555 196 1594 vir
224 1555 376 1595 doctus
403 1554 542 1596 locum
570 1555 770 1596 Dinarchi
798 1562 944 1596 contra
964 1553 1139 1594 Philocl.
1160 1566 1206 1607 p.

1243 1499 1344 1541 409.
1385 1497 1472 1539 Sed
1499 1510 1626 1563 quem
1654 1499 1919 1563 comparavit

1230 1555 1311 1596 110
1342 1562 1448 1595 extr.
1480 1548 1678 1608 εἰδότες,
1701 1568 1775 1596 οτι
1796 1547 1916 1620 μετὰ

127 1605 219 1663 μὲν
241 1604 553 1676 δικαιοσύνης
584 1605 763 1682 ῥᾳδίως
784 1603 1122 1664 ἀμυνούμεθα,
1147 1633 1199 1639 -
1221 1605 1340 1664 μετὰ
1364 1605 1418 1652 δε
1441 1586 1738 1665 δωροδοκίας
1757 1633 1814 1643 -
1834 1623 1916 1652 ου-

125 1664 278 1720 δεμία
297 1660 436 1717 πόλις
458 1666 657 1721 σωθείη,
680 1668 717 1709 is
739 1667 899 1708 diversi
920 1673 983 1708 est
1002 1667 1186 1720 generis.

187 1808 235 1850 B.
269 1799 463 1862 καὶμὴ
488 1799 652 1849 vivom.
672 1800 981 1861 -καμπὴν

127 1860 389 1918 ποιοῖτο]
420 1863 796 1905 Demonstraturus
826 1862 980 1904 Socra-

130 1926 195 1960 tes
217 1921 431 1960 contraria
457 1919 551 1959 fieri
581 1933 636 1961 ex
657 1920 896 1972 contrariis,
920 1926 979 1973 ut,

130 1976 169 2016 si
201 1975 352 2016 horum
387 1976 567 2016 alterum
600 1977 748 2030 gignat
782 1951 979 2026 alter⁷um,

129 2031 212 2072 hoc
232 2032 386 2072 iterum
414 2031 488 2073 fiat
517 2032 773 2087 principium
805 2031 980 2072 alterius

128 2099 266 2139 eaque
285 2088 448 2129 ratione
470 2088 682 2129 disiuncta
703 2089 824 2140 quasi
843 2088 887 2127 in
909 2099 980 2127 or-

130 2144 228 2184 bem
249 2143 439 2195 redeant,
463 2156 548 2185 non
570 2151 712 2185 autem
734 2150 848 2184 recta
868 2143 980 2184 linea

127 2200 384 2253 procedant,
421 2199 551 2240 utitur
577 2201 719 2240 verbis
747 2212 773 2241 a
801 2199 981 2240 cursori·
1002 2216 1012 2241 ι’

131 2257 212 2296 bus
255 2263 296 2296 et
334 2256 496 2321 aurigis
538 2256 760 2297 desumtis.
820 2255 981 2295 Dicitur

131 2320 274 2352 autem
322 2323 654 2365 ανακαμπτειν
703 2312 792 2364 qui
841 2312 981 2351 circa

130 2375 318 2408 metam
339 2380 548 2408 currum
566 2368 743 2408 flectit
756 2363 981 2421 ,καμπὴν

129 2423 383 2466 ποιεῖσθαι
404 2435 505 2465 vero
536 2425 624 2474 qui
653 2431 797 2465 retro
827 2424 982 2464 dein-

131 2481 191 2521 de
232 2480 465 2521 stadium
504 2481 747 2521 recurrit.
810 2480 977 2521 Etenim

127 2543 279 2577 exacta
300 2548 384 2577 una
405 2536 533 2577 stadii
561 2541 682 2590 parte
703 2548 854 2576 currus
875 2535 978 2575 ssec-

130 2594 328 2633 tebantur
347 2593 458 2633 circa
479 2599 635 2633 metam
656 2588 976 2645 (καμπτῆρα),

131 2661 215 2700 quo
237 2648 368 2690 altera
390 2647 679 2692 conficeretur.
713 2648 857 2697 Qualis
880 2660 977 2688 cur-

130 2717 205 2745 sus
253 2704 492 2770 appellatus
533 2710 598 2745 est
644 2698 819 2760 δρόμος
859 2698 884 2745 ὁ
927 2697 977 2746 ἐν

124 2760 314 2815 καμπῇ.
375 2761 593 2802 Interdum
639 2772 741 2801 vero
802 2761 978 2802 decursa

131 2823 296 2857 tantum
323 2829 410 2858 una
440 2817 567 2858 stadii
593 2825 713 2871 parte
742 2828 892 2858 currus
912 2829 979 2856 re-

131 2880 195 2913 tro
216 2872 501 2924 vehebantur,
505 2873 670 2938 ‚qualis
692 2885 843 2914 cursus
865 2873 980 2914 dice-

130 2929 257 2969 batur
285 2922 460 2993 δρόμος
490 2941 750 2993 ακαμπτος,
780 2924 979 2979 ἁπλοῦς,

131 2983 200 3025 vel
230 2984 355 3024 etiam
385 2977 552 3032 εὐθύς.
585 2997 626 3028 v.
657 2985 762 3025 Poll.
795 2984 871 3027 On.
903 2986 977 3029 ΙΙΙ,

133 3041 215 3081 147
252 3047 294 3080 et
338 3039 519 3092 Hesych
559 3051 600 3082 v.
647 3033 981 3094 ἄκαμπτόδρο·

132 3109 228 3149 μοι.
264 3096 354 3136 De
344 3108 439 3149 ipsa
460 3095 540 3136 hac
560 3095 748 3138 Platonis
770 3098 980 3138 sententia

127 3151 249 3197 conf.
282 3152 411 3196 Arist.
451 3152 513 3192 De
547 3164 692 3205 gener.
724 3158 765 3193 et
791 3160 976 3207 corrupt.

125 3207 226 3251 libr.
257 3209 289 3252 I.
322 3210 348 3250 3
379 3216 419 3248 et
449 3209 503 3250 II.
526 3221 562 3251 c.
590 3210 656 3250 10.
682 3209 757 3260 11,
786 3210 861 3251 ubi
882 3208 979 3250 Sta-

133 3265 282 3317 girites
324 3264 468 3305 eadem
512 3264 600 3304 fere
642 3264 685 3303 in.
723 3263 804 3305 hac
844 3277 978 3306 causa.

132 3333 239 3361 usus
269 3328 333 3362 est
364 3321 744 3375 argumentatione.
785 3321 880 3361 Fuit
900 3334 978 3361 au-

133 3382 221 3416 tem
250 3377 419 3418 omnino
449 3377 699 3431 pervulgata
723 3377 839 3430 apud
859 3385 978 3418 vete-

130 3445 202 3474 res
222 3432 499 3487 philosophos
522 3434 676 3488 opinio,
707 3444 789 3484 qua
818 3439 977 3476 statue-

1066 1812 1167 1848 runt
1195 1818 1342 1847 omnes
1372 1818 1442 1847 res
1471 1814 1677 1861 perpetuo
1698 1813 1916 1859 tamquam

1067 1864 1111 1903 in
1134 1865 1279 1904 orbem
1300 1863 1480 1911 revolvi;
1510 1864 1564 1903 de
1585 1875 1667 1914 quo
1690 1876 1729 1906 v.
1755 1862 1917 1904 Gata-

1067 1920 1175 1961 ker.
1197 1920 1241 1959 in
1262 1920 1419 1962 Anton.
1444 1931 1488 1971 p.
1515 1920 1612 1964 167,
1636 1921 1718 1961 301
1741 1919 1795 1959 al.

1123 1972 1505 2028 τελευτῶντα]
1548 1975 1784 2042 tandem;
1826 1975 1914 2019 vid.

1067 2030 1243 2072 Matth.
1265 2032 1306 2082 ξ.
1328 2032 1425 2075 558.
1462 2030 1525 2072 De
1546 2023 1681 2073 οἷσθ’
1704 2023 1861 2085 ὅτι,1ι
1876 2044 1914 2074 e.

1066 2087 1230 2128 facile
1288 2086 1571 2140 intellegis
1622 2095 1671 2128 et
1724 2093 1916 2141 sponte

1068 2144 1323 2184 concedis
1377 2156 1418 2183 v.
1470 2142 1601 2197 Soph.
1652 2156 1696 2198 p.
1740 2144 1824 2186 235
1864 2144 1913 2188 E.

1066 2199 1230 2241 Phaed.
1254 2211 1298 2253 p.
1322 2201 1377 2241 73
1397 2198 1447 2242 D.
1480 2199 1592 2239 Men.
1614 2213 1657 2253 p.
1682 2200 1738 2242 85
1758 2200 1809 2252 D,
1840 2200 1915 2241 ubi

1067 2268 1110 2295 v.
1140 2267 1239 2299 ann.
1284 2255 1411 2308 Gorg.
1444 2267 1488 2309 p.
1518 2255 1602 2296 486
1624 2256 1676 2295 A.
1717 2255 1779 2295 De
1806 2257 1914 2310 Rep.

1066 2313 1141 2354 III.
1164 2324 1215 2410 Β.
1239 2311 1393 2355 3931).
1426 2312 1500 2356 VI.
1533 2324 1576 2364 p.
1604 2312 1759 2355 505A.
1792 2311 1847 2356 Χ
1871 2325 1914 2365 p.

1123 2415 1292 2465 παντ’
1319 2437 1387 2466 αν
1411 2422 1583 2477 λῆρον
1605 2418 1704 2466 τὸν
1722 2416 1914 2467 Ἐνδυ-

1064 2478 1250 2533 μίωνα
1272 2439 1914 2534 αποδείεὲειε]ΒεοιοΞιο-

1063 2535 1298 2589 phanus:
1322 2536 1503 2578 omnia
1525 2537 1736 2577 tandem
1766 2536 1912 2577 face-

1065 2599 1200 2643 rent,
1233 2598 1286 2632 ut
1327 2604 1460 2642 quae
1500 2593 1561 2633 de
1580 2592 1913 2646 Endymlone

1065 2648 1320 2688 dicuntur
1342 2660 1510 2701 nugae
1531 2661 1648 2690 esse
1667 2649 1912 2690 videren-

1064 2711 1160 2747 tur.
1199 2705 1424 2746 Enimvero
1460 2710 1550 2745 tum
1579 2716 1663 2745 non
1692 2718 1803 2746 unus
1827 2706 1914 2747 Eu-

1065 2761 1238 2813 dymion
1253 2773 1329 2815 per
1344 2761 1515 2814 longam
1531 2773 1737 2802 annorum
1759 2763 1912 2803 seriem

1066 2817 1321 2858 dormivisse
1359 2818 1595 2868 videretur,
1636 2818 1714 2858 sed
1754 2819 1910 2870 omnia,

1066 2885 1177 2925 quae
1203 2874 1247 2913 in
1274 2873 1354 2914 hac
1380 2886 1521 2914 rerum
1542 2874 1822 2916 universitate
1842 2887 1911 2915 re—

1065 2930 1312 2983 periuntur,
1370 2936 1578 2985 perpetuo
1620 2938 1912 2984 premerentur

1066 2998 1230 3030 somno.
1274 2986 1509 3027 Dictionem
1548 2987 1719 3040 copiose
1749 2993 1789 3027 et
1825 2987 1911 3026 ele-

1066 3050 1214 3095 ganter
1269 3042 1499 3084 illustravit
1537 3043 1595 3082 W
1604 3056 1632 3095 y
1644 3050 1658 3082 t
1668 3050 1683 3081 t
1694 3041 1750 3095 eju
1762 3044 1788 3083 b
1797 3054 1821 3082 a
1833 3055 1854 3082 c
1863 3042 1905 3086 h.

1066 3099 1121 3139 ad
1160 3098 1202 3142 h.
1228 3098 1272 3150 l.,
1316 3100 1438 3140 euius
1479 3098 1683 3151 exemplis
1726 3111 1780 3138 ex
1814 3099 1907 3152 ipso

1064 3152 1239 3196 Platone
1288 3155 1421 3196 addas
1472 3155 1621 3222 Symp.
1673 3167 1716 3208 p.
1759 3156 1839 3196 179
1878 3154 1909 3195 C

1065 3202 1329 3264 ἀποδεῖξαί
1356 3225 1466 3253 τινα
1494 3205 1742 3275 αλλότριον
1772 3202 1906 3251 ὄντα.

1063 3266 1243 3310 Phaedr.
1268 3280 1317 3333 p.
1342 3268 1423 3309 278
1448 3267 1479 3309 C
1515 3281 1574 3309 τα
1603 3262 1908 3321 γεγραμμένα

1065 3321 1230 3389 φαῦλα
1251 3322 1525 3375 αποδειξαι.
1547 3322 1713 3366 Menex.
1727 3336 1769 3376 p.
1782 3321 1906 3363 237ss

1064 3372 1419 3433 αποφηναμένη
1439 3391 1795 3433 μετοικουντας.
1820 3377 1907 3418 Sed

1063 3434 1175 3475 idem
1202 3436 1267 3478 vir
1295 3436 1445 3478 doctus
1475 3436 1588 3489 quod
1617 3436 1764 3476 verba:
1807 3429 1906 3474 καὶ
