2158 3718
395 155 466 206 54
918 119 921 124 ’
1007 156 1438 211 PLA'roNrs

398 297 806 371 τέλος·ἄδηλον
849 302 904 359 οἷ
959 305 1187 374 τελευτᾷ
1242 308 1437 372 κακίας
1495 309 1590 362 καὶ
1645 303 1850 376 ἀρετῆς
1904 306 2090 381 ψυχῆς

400 407 459 442 τε
501 391 624 462 πέρι
665 392 759 444 καὶ
802 385 1072 459 σώματος.
1119 392 1172 442 οἱ
1214 391 1316 459 μὲν
1361 382 1464 446 οὖν
1508 389 1732 462 ἀγαθοὶ
1774 385 1876 445 τὸν
1908 387 2086 461 νόμον

396 472 603 527 τοῦτον
645 470 812 527 αὐτοὶ
855 469 1046 535 αὑτοῖς
1088 469 1302 537 ἑκόντες
1342 477 1630 539 τίθενται,
1688 475 1832 545 χρῆν
1886 475 1943 528 δὲ
1988 477 2083 528 καὶ

395 553 628 621 τούτους
645 553 778 620 τοὺς
798 556 1127 629 πανδήμους
1143 553 1377 627 ἐραστὰς
1393 556 1864 629 προςαναγκοὶζειν
1883 553 1948 612 τὸ
1969 578 2086 613 τοι·

395 643 585 706 οῦτον,
613 637 786 713 ὥςπερ
806 643 900 694 καὶ
922 642 1033 695 τῶν
1062 644 1371 714 ἐλευθέρων
1397 645 1672 712 γυναικῶν
1692 638 2084 716 προςαναγκά-

255 738 360 788 182
399 727 562 796 ζομεν
579 721 786 788 αὐτοὺς
810 722 954 779 καθ’
989 721 1129 781 ὅσον
1151 724 1451 797 δυνάμεθα
1480 726 1556 798 μὴ
1586 728 1737 797 ἐρᾶν.
1781 718 1940 781 οὗτοι
1968 723 2079 800 γάρ

393 815 532 865 εἰσιν
574 812 629 863 οἱ
673 812 764 864 καὶ
809 805 875 864 τὸ
919 803 1131 873 ὄνειδος
1172 807 1550 877 πεποιηκότες,
1591 807 1724 875 ὥςτε
1755 807 1916 875 τινὰς
1957 813 2086 866 τολ-

393 896 510 966 μᾶν
551 894 739 960 λέγειν,
782 890 855 958 ὡς
897 890 1128 967 αἰσχρὸν
1169 896 1506 966 χαρίζεσθαι
1546 900 1822 967 ἐρασταῖς.
1862 897 2079 964 λέγουσι

396 980 454 1034 δὲ
486 983 561 1042 εἰς
587 975 826 1043 τούτους
857 976 1291 1050 ἀποβλέποντες,
1316 976 1554 1052 ὁρῶντες
1582 977 1770 1035 αὐτῶν
1796 973 1900 1046 τὴν
1923 977 2086 1034 ἀκαι-

396 1065 527 1134 ρίαν
568 1064 663 1118 καὶ
703 1061 962 1118 ἀδικίαν·
1007 1066 1122 1119 ἐπεὶ
1163 1061 1231 1119 οὐ
1266 1060 1442 1131 δήπου
1477 1066 1714 1135 κοσμίως
1751 1084 1833 1133 γε.
1856 1065 1951 1119 καὶ
1984 1082 2084 1120 νο-

391 1151 567 1218 μίμως
591 1144 781 1202 ὁτιοῦν
803 1142 1094 1227 [πρᾶγμα]
1124 1145 1514 1220 πραττόμενον
1542 1145 1728 1226 ψόγον
1755 1143 1830 1203 ἂν
1863 1149 2085 1213 δικαίως

504 1344 637 1395 χρῆν
665 1338 718 1380 ὅ)
759 1338 845 1380 καὶ
881 1339 1134 1396 τούτους]
1175 1339 1250 1381 Sic
1279 1339 1404 1381 Bodl.
1439 1337 1535 1383 vat.
1570 1335 1624 1380 A.
1658 1337 1766 1384 Ven.
1795 1340 1840 1382 Ξ.
1875 1339 2001 1383 Vind.
2038 1339 2079 1384 1.

389 1397 428 1442 2.
460 1397 502 1441 7.
541 1398 638 1439 Par.
674 1397 766 1442 DK.
801 1402 908 1452 Ang.
948 1411 997 1440 W.
1046 1397 1143 1439 vat.
1175 1411 1216 1451 p.
1281 1397 1421 1450 Vulgo
1450 1395 1553 1449 χρή.
1614 1397 1723 1438 Dein
1753 1401 1836 1438 τῶν
1864 1396 2082 1439 τοιούτων

392 1460 497 1497 ven.
549 1454 596 1507 Ξζ.
664 1454 787 1497 Vind.
830 1456 870 1499 1.
913 1455 954 1501 2.
996 1468 1095 1497 cum
1134 1455 1236 1496 Bas.
1286 1454 1328 1498 2.
1367 1454 1484 1507 quod
1528 1466 1611 1494 non
1672 1453 1859 1496 debebat
1904 1455 2083 1498 Woifius

391 1513 693 1613 amplgtuigz
754 1566 884 1616 :Sere
925 1569 1082 1621 τινὰς
1120 1569 1358 1624 τολμᾶν]
1425 1569 1498 1610 Sic
1540 1569 1663 1612 Bodi.
1708 1569 1843 1612 Coisl.
1884 1569 1981 1612 Vat.
2023 1571 2077 1612 D.

390 1631 494 1669 ven.
541 1626 586 1669 Ξ.
631 1626 754 1669 Vind.
829 1625 917 1670 .2.
958 1626 995 1670 7.
1043 1627 1143 1669 Par.
1182 1627 1283 1669 DK.
1326 1627 1473 1668 Ambr.
1516 1628 1623 1680 Ang.
1667 1641 1716 1671 w.
1750 1627 1844 1669 Vat.
1879 1641 1919 1682 p.
1954 1641 1995 1671 n.
2027 1627 2077 1673 V.

388 1685 494 1727 Ven.
527 1690 559 1727 t.
588 1683 706 1727 Flor.
741 1698 779 1727 a.
801 1627 851 1727 ¹b.
882 1697 919 1726 c.
954 1685 980 1725 i.
1014 1685 1152 1738 Vulgo
1186 1689 1284 1726 erat
1326 1682 1451 1737 τινά,
1497 1684 1614 1738 quod
1660 1684 1852 1727 defendit
1885 1685 2078 1728 Prinste-

386 1754 458 1785 ret
491 1742 903 1796 Prosopogr.P1at.
1020 1720 1122 1786 113¹?

504 1799 567 1841 οὐ
605 1799 781 1854 δήπου
810 1800 1050 1855 κοσμίως
1078 1801 1162 1855 γε]
1197 1799 1248 1841 V.
1279 1813 1354 1849 τε,
1394 1799 1538 1840 invitis
1571 1799 1860 1842 Bod1.00is1.
1893 1800 1990 1844 Vat.
2024 1800 2076 1843 A

385 1856 619 1900 ParUEF
659 1856 2073 1913 AmbrAnorquatnrsVentFlorabci

440 1997 493 2042 Ε.
553 1996 810 2044 τούτους
864 1996 999 2045 τούς
1046 2013 1188 2040 παν-

384 2054 580 2115 δήμου
583 2072 602 2103 ς
632 2054 889 2114 ἐραστας]
926 2057 1068 2099 Etiam
1107 2055 1188 2099 hoc

381 2114 480 2156 loco
524 2116 658 2165 οὗτος
704 2127 802 2157 cum
857 2119 1082 2157 contemtu
1123 2114 1188 2156 di-

385 2176 503 2214 ctum
535 2177 616 2214 est
651 2172 814 2214 Criton.
841 2185 881 2226 p.
909 2173 980 2216 45.
1014 2176 1072 2214 Α.
1105 2171 1185 2224 οὐχ

383 2227 493 2300 δρᾷς
529 2244 717 2276 τουτους
763 2245 869 2278 τους
911 2228 1186 2283 συκοφάντας

382 2284 438 2332 ὡς
468 2285 668 2336 εὐτελεῖς.
699 2288 770 2329 ubi
810 2300 848 2327 v.
886 2292 1032 2330 annot.
1066 2287 1183 2328 Con-

383 2345 667 2386 structionem
742 2345 861 2386 verbi
933 2343 1183 2399 αναγκρῖζειν

382 2406 429 2444 et
478 2401 841 2456 προςτιτιιιγκάζειν
901 2415 998 2444 cum
1040 2401 1181 2456 dupli-

381 2459 420 2500 ci
471 2461 722 2502 accusativo
775 2473 827 2502 ne
882 2460 1049 2502 mireris
1071 2491 1082 2511 ,
1129 2459 1182 2502 cf.

378 2514 490 2557 infra
522 2530 559 2558 c.
585 2516 793 2559 XXXIX.
825 2522 968 2558 ταῦτα
996 2517 1046 2569 δὴ
1071 2515 1176 2557 ἅνα-

374 2573 659 2627 γκαζομένους
677 2572 858 2622 αὐτούς.
932 2574 1064 2615 Plura
1099 2573 1175 2615 da-

376 2630 482 2670 bunt
513 2630 556 2672 H
578 2645 602 2673 e
626 2633 636 2672 i
658 2645 682 2672 n
705 2631 730 2672 d
754 2646 780 2674 o
808 2645 828 2673 r
845 2632 871 2674 s.
901 2631 957 2672 ad
991 2631 1173 2672 Phae-dr.

375 2699 417 2739 p.
459 2684 558 2730 235.
602 2693 647 2731 et
684 2688 959 2730 Matthiae
999 2687 1034 2738 §.
1077 2686 1176 2729 419.

374 2741 520 2798 Etiqm
557 2743 712 2786 Latine
761 2744 918 2792 dieitur
970 2744 1179 2795 aliquis

375 2800 592 2852 aliquid
626 2800 767 2854 cogi,
801 2801 855 2842 de
877 2814 1017 2853 quov.
1044 2801 1177 2841 Gro-

374 2867 491 2898 nov,
522 2856 575 2899 ad
607 2857 701 2900 Liv.
733 2858 806 2899 lv.
839 2856 907 2900 26.

432 2912 493 2955 τὸ
538 2918 833 2966 τοιοῦτον,
873 2911 1053 2969 ὥςπερ
1085 2918 1173 2966 -]

372 2969 694 3026 Exspectabas:
739 2970 913 3022 οἷόνπερ
945 2974 1036 3013 ἐστὶ
1068 2977 1173 3012 τοῦ·

370 3043 451 3082 το,
481 3026 556 3070 ὅτι
587 3029 658 3070 καὶ
694 3034 776 3070 τῶν
795 3030 1036 3083 ἐλευθέρων
1061 3046 1098 3083 y.
1124 3045 1171 3070 π.

370 3084 428 3139 μὴ
463 3087 579 3139 ἐρᾶν.
637 3085 726 3128 Sed
759 3086 858 3127 nihii
904 3087 1172 3131 mutandum.

371 3156 411 3186 v.
442 3144 495 3186 ad
531 3142 747 3187 Phaedon
854 3143 924 3187 86.
958 3147 1006 3186 A.

428 3202 484 3244 P·
520 3198 617 3246 ¹82
673 3200 1011 3256 χαρίζεσθαι
1051 3203 1168 3253 ἔρα-

366 3274 488 3300 σται
472 3257 547 3312 c]
572 3258 859 3302 Timaeum
890 3259 1167 3314 χαρίζεσ9αι·

364 3315 480 3362 ἰδίως
509 3315 577 3357 ἐπὶ
608 3313 887 3369 α’φροδισίωι.
922 3330 962 3357 ν.
988 3317 1063 3358 Ru
1079 3317 1100 3357 Ιι
1115 3331 1164 3357 u

365 3374 489 3415 ken.
529 3387 570 3428 p.
623 3373 719 3419 ¹95.
793 3374 980 3415 Prorsus
1013 3373 1167 3416 eodem

366 3429 496 3473 mode
517 3430 657 3473 Latini
675 3436 851 3474 utuntur
869 3445 895 3474 o
907 3433 932 3474 b
943 3446 963 3474 s
977 3445 1034 3487 eq
1047 3444 1072 3473 u
1084 3447 1107 3474 e
1121 3445 1168 3474 n-

1273 1997 1325 2039 di
1366 1998 1517 2041 verbo·
1557 1999 1802 2053 Opponitur
1828 1995 2079 2051 ἀχαριστεῖν

1271 2069 1310 2098 c.
1343 2056 1440 2097 ΧΠ.
1473 2068 1512 2098 v.
1545 2055 1695 2098 Leun
1710 2069 1786 2111 ep.
1818 2055 1872 2098 ad
1903 2055 2073 2098 Phaiar.

1273 2127 1315 2168 p.
1355 2114 1423 2157 17.

1328 2199 1450 2243 ἐπεὶ
1487 2198 1548 2242 οὕ
1599 2197 1781 2253 δήπου
1829 2199 2073 2268 κοσμίως

1267 2260 1353 2315 γε]
1409 2259 1476 2300 De
1506 2259 1723 2312 particulis
1753 2255 1805 2299 οὔ
1841 2255 1984 2309 δήπου
2013 2278 2072 2288 -

1266 2331 1312 2370 γε
1345 2331 1385 2358 v.
1417 2315 1471 2358 ad
1515 2318 1698 2370 Apolog.
1742 2316 1899 2357 Socrat
1941 2328 1978 2356 c.
2021 2314 2070 2358 V.

1266 2374 1322 2415 in.
1373 2374 1516 2416 Minus
1562 2374 1674 2416 bona
1719 2374 1894 2427 vulgata
1939 2372 2069 2415 lectio

1268 2436 1349 2473 est.

1325 2518 1374 2558 Β.
1439 2516 1461 2557 ὁ
1499 2514 1543 2558 δ’
1575 2513 1779 2556 ἐνθάδε
1800 2537 1857 2545 —
1883 2513 2068 2554 noant-

1263 2576 1389 2623 λος]
1442 2575 1482 2616 h.
1519 2587 1558 2616 e.
1597 2571 1861 2615 difficilis
1899 2570 1961 2611 ad
1991 2570 2068 2611 in-

1262 2630 1642 2684 telligendum
1673 2642 1739 2683 pr
1761 2641 1830 2681 op
1853 2632 2064 2679 terea,

1264 2665 1432 2742 quode
1444 2688 1610 2740 quasi
1645 2685 1919 2726 varietate
1971 2697 2066 2725 sna

1265 2746 1291 2786 d
1313 2759 1336 2786 e
1362 2747 1415 2787 lu
1441 2744 1466 2785 d
1490 2746 1550 2785 it.
1624 2741 1754 2786 Quod
1796 2754 1895 2782 cum
1936 2742 2065 2783 laude

1265 2802 1425 2843 dictum
1447 2807 1527 2844 est.
1562 2801 1785 2854 Significat
1806 2801 1915 2840 enim
1933 2800 2065 2841 Athe-

1261 2860 1433 2902 nienses
1466 2863 1510 2901 et
1541 2858 1918 2900 Lacedaemonios
1940 2870 2064 2898 amo-

1260 2931 1352 2959 rem
1430 2930 1510 2958 nec
1585 2921 1734 2957 vetare
1810 2915 2064 2969 simpiiciter

1258 2988 1338 3016 nec
1358 2974 1628 3029 permittere,
1663 2971 1739 3014 sed
1759 2977 1876 3014 certa
1898 2972 2063 3013 ratione

1257 3032 1630 3081 circumscribere,
1670 3042 1804 3083 quum
1847 3029 1913 3070 aiii
1962 3042 2062 3071 eum

1257 3092 1322 3131 ve!
1347 3092 1470 3144 piane
1485 3062 1637 3130 tolian't
1655 3089 1721 3128 vel
1738 3087 1830 3129 sine
1865 3087 2061 3128 cautione

1255 3148 1520 3202 permittant.
1565 3145 1707 3187 Verba
1748 3145 1890 3199 capite
1914 3149 2060 3185 extre-

1200 3233 1202 3235 >
1255 3219 1326 3247 mo
1359 3206 1537 3258 abipso
1583 3202 1797 3244 Pausania
1843 3201 2060 3268 explican-

1254 3268 1324 3304 tur
1354 3264 1438 3304 sic·
1485 3257 1644 3301 &voveas
1676 3260 1719 3299 δὲ
1750 3257 1857 3299 πολι)
1892 3255 1978 3329 τοτὲ
1977 3273 2059 3297 των

1252 3319 1425 3361 κάλλιον
1455 3318 1801 3372 νενομοθέτηται
1827 3315 1916 3367 καὶ,
1949 3330 2054 3370 οπερ

1253 3377 1401 3427 εἶπον,
1464 3375 1515 3418 ου
1565 3373 1716 3430 ρᾴδιον
1774 3376 2053 3426 κατανοῆσαι.

1255 3434 1420 3478 Phileb.
1450 3449 1490 3491 p.
1519 3433 1591 3479 53.
1628 3431 1685 3474 E:
1719 3430 1810 3486 λέγε
1847 3431 2053 3486 σαφέστε-
