2158 3718
37 0 43 11 ν
72 6 77 14 .
159 0 161 3 ·
182 0 439 33 *vigete-W
451 0 566 31 'Wt
564 0 747 30 *wa-'rt‘

239 120 344 175 226

236 259 339 315 τὸν
384 260 664 330 μέλλοντα
710 261 993 328 λέγεσθαι.

750 0 1033 49 rervm
1022 0 1118 34 rr·-
1116 0 1200 35 *2*
1192 0 1444 37 wer*
1448 0 1669 44 ¹
1931 38 1934 40 ,

963 121 1297 166 PLATONIS

1071 257 1213 313 ἀλλὰ
1268 258 1337 330 δὴ
1389 263 1567 314 ταῦτα
1618 261 1722 330 μὲν
1775 266 1852 333 τῷ
1906 267 2034 334 θεῷ

235 345 487 416 μ-ελήσει,
527 343 686 415 ἡμεῖς
724 344 787 398 δὲ
818 342 1125 414 Ὁμηρικως
1164 344 1334 413 ἐγγυς
1372 344 1552 408 ἰόντες
1589 346 1934 416 πειρώμεθα,
1973 348 2028 401 εἰ

237 427 347 500 ἄρα
401 449 455 482 τι
509 429 705 497 λέγεις.

783 430 900 481 ἔστι
953 428 1015 482 δε
1072 426 1140 498 δὴ
1195 426 1259 481 τὸ
1315 429 1626 498 κεφάλαιον
1683 450 1765 483 ων
1819 435 2017 500 ζητεῖς·

236 511 412 578 ἀξιοῖς
459 514 866 616 ἐπιδειχθῆναι
888 509 1050 581 ἡμῶν
1086 510 1190 581 τὴν
1225 510 1413 582 ψυχὴν
1461 512 1795 584 ἄνώλεθρόν
1831 533 1892 567 τε
1929 515 2025 568 καὶ·

172 612 206 656 C
235 597 525 653 ἀθάνατον
562 590 771 665 οὖσαν,
814 597 866 650 εἰ
900 595 1214 666 φιλόσοφος
1252 593 1395 667 ανὴρ
1442 600 1663 668 μέλλων
1711 596 2023 652 ἀποθανεῖ-

346 767 638 824 μέλλοντα
680 765 983 824 λέγεσθαι]
1027 763 1226 810 ἔσεσθαι
1254 768 1373 810 Bodl.
1407 782 1470 823 pr.
1492 782 1549 813 m.
1581 769 1708 813 Coisl.
1736 770 1846 811 Ven.
1869 767 2023 816 ΛΠΞ

233 827 339 869 Tub.
371 827 482 880 Aug.
511 827 606 867 Par.
631 824 819 866 GEHIL
849 825 958 868 Flor.
995 825 1074 869 alii.
1124 823 1209 865 Sed
1230 825 1350 869 Bodl.
1376 839 1463 866 sec.
1484 839 1542 869 m.
1564 827 1672 868 Ven.
1694 825 1741 873 Ξ
1765 826 1859 870 Par.
1886 825 1916 866 C
1946 826 2016 866 alii

232 879 461 938 λέγεσθαι
482 882 666 923 habent
658 895 698 922 in
722 882 914 947 margine
933 881 1208 935 adscriptum
1251 882 1392 922 Herm.
1417 883 1661 936 suspicatur
1683 879 1912 936 λέγεσθαι
1933 882 2022 923 tol-

230 940 403 981 lendum
436 951 545 990 esse,
575 939 827 992 praesertim
855 951 951 979 cum
980 938 1063 978 alia
1092 937 1213 979 lectio
1251 933 1450 980 ἔσεσθαι
1487 939 1813 992 interpolatores
1851 939 1933 979 sibi
1962 951 2022 978 ne

232 997 477 1038 constitisse
498 996 668 1047 quidem
690 1002 855 1049 arguat.

231 1132 382 1192 λέγων
396 1136 556 1191 μειζον
573 1130 752 1191 πάθῃς.
777 1137 923 1188 Itaque
933 1136 1081 1178 Graeci

233 1202 277 1234 ut
305 1193 573 1234 fascinum
602 1206 627 1233 a
657 1205 702 1234 se
733 1193 1009 1233 amolirentur
1030 1205 1079 1234 ac

229 1251 572 1315 deprecarentur,
591 1250 817 1290 utebantur
835 1250 977 1290 verbis
999 1261 1078 1302 με-

228 1320 288 1348 τα
328 1305 712 1361 προβασκανίου,
764 1297 1075 1359 αβασκάντως

227 1364 470 1417 pariterque
509 1363 669 1414 Latini,
719 1374 773 1401 ne
813 1362 905 1402 laus
946 1363 1077 1401 nimia

227 1420 411 1460 laudatis
440 1420 643 1459 invidiam
673 1419 897 1471 conflaret,
928 1419 981 1458 ad
1009 1430 1079 1458 ar-

229 1477 411 1516 cendum
439 1475 652 1516 fascinum
680 1474 866 1528 praefari
888 1475 1080 1515 solebant

226 1532 573 1586 praefiscine.
624 1545 664 1572 V.
706 1531 886 1574 Muret.
926 1532 980 1571 V.
1030 1531 1077 1571 L.

225 1589 341 1631 VIII.
359 1592 399 1631 3.
431 1588 751 1640 Wesseling.
768 1587 821 1628 ad
839 1587 935 1631 Her.
956 1589 988 1627 Ι.
1005 1589 1074 1630 32.

225 1647 258 1689 Ι.
273 1646 324 1689 H.
340 1646 492 1689 Voss.
517 1646 572 1685 ad
593 1645 713 1698 Virg.
737 1644 882 1698 Eclog.
906 1645 999 1687 VII.
1022 1646 1076 1685 27

227 1708 268 1742 et
287 1700 659 1767 Wyttenbach.
672 1675 807 1741 1³aclh.
830 1701 858 1743 1.
900 1701 968 1741 Ad
989 1700 1076 1741 sor-

223 1758 384 1799 mulam
411 1752 496 1823 μὴτ
498 1754 629 1812 μέγα
656 1753 765 1826 λέγε
795 1756 907 1800 conf.
945 1758 1075 1798 Arist.

225 1817 334 1856 Ran.
357 1815 439 1856 835
461 1828 496 1855 ω
519 1807 737 1881 δαιμόνι’
769 1806 977 1867 ανδρῶν,
1008 1809 1073 1867 μὴ

223 1864 407 1926 μεγαλα
430 1870 540 1912 λίαν
561 1872 680 1934 λεγε.

271 1919 1075 1996 περιτρέψῃτόνλόγονᾘὶυθιῃ-

226 1985 458 2026 admodum
510 1970 692 2036 εφοδον
741 1979 978 2048 δέχεσθαι
1039 1990 1078 2023 et

225 2034 367 2096 έγγύς
419 2037 561 2088 ἰέναι,
614 2039 815 2079 obviam
868 2041 964 2091 ire,
1019 2041 1077 2079 ita

225 2099 351 2138 etiam
373 2093 672 2150 περιτρέπειν
700 2103 765 2136 est
795 2097 973 2137 veibum
995 2097 1078 2134 mi—

218 2153 370 2205 litare,
429 2153 544 2204 quod
604 2152 813 2205 significat
853 2153 1077 2192 circum

224 2210 431 2263 agendo
461 2209 761 2263 percellere
793 2214 840 2248 et
870 2216 1078 2249 everte-

222 2280 297 2316 re,
347 2266 525 2306 facere
560 2274 614 2306 ut
645 2265 761 2317 quis
801 2274 943 2306 statu
981 2277 1074 2305 suo

225 2323 284 2363 de
335 2322 544 2362 ellatur
555 2321 736 2363 Axioch.
748 2335 791 2375 p.
804 2323 1076 2375 37οΑπερι-

206 2384 275 2433 ’τρ
304 2392 409 2427 πεις
426 2372 644 2421 σεαυτόν.
672 2378 835 2419 Sensus
857 2379 987 2430 igitur
1008 2378 1076 2417 hic

224 2445 308 2476 est.
348 2448 408 2475 ne
443 2435 742 2488 disputatio
774 2447 881 2474 mea
921 2447 964 2474 11
976 2435 1075 2474 rita

222 2491 322 2532 fiat
353 2498 399 2532 et
428 2504 610 2545 parum
641 2491 855 2534 efficax.
898 2491 1074 2531 Ruhn-

218 2549 245 2588 k
260 2549 407 2588 enius
430 2543 722 2616 περιστρέψῃ
744 2548 941 2588 coniecit.

266 2598 586 2658 Ομηρικῶς
619 2597 731 2658 ε’γγ.
758 2599 1073 2672 ἰόντες]Βο-

220 2661 348 2726 spicit
377 2661 603 2700 formulam
632 2661 896 2699 Homericam
930 2653 1069 2714 ε’γγύς

220 2712 363 2757 ἰεναι.
386 2729 427 2756 v.
450 2717 503 2756 ad
525 2716 632 2755 Euth
639 2716 759 2768 y.phr
783 2729 826 2769 p.
852 2718 877 2756 3
900 2714 944 2756 C.

278 2765 468 2822 αξιοῖς
491 2729 943 2825 ἐπιδειχθῆναι]
967 2771 1009 2811 h.
1033 2784 1070 2811 e.

220 2820 377 2879 ἀξιοῖς
427 2826 535 2869 δεῖν
575 2820 935 2880 ἐπιδειχθῆναι.
983 2828 1066 2869 vid.

219 2883 491 2925 Heindorh'
519 2884 573 2923 ad
602 2883 714 2925 Prot.
748 2897 791 2936 p.
815 2884 966 2934 3463,
998 2885 1071 2935 qui

220 2941 442 2981 verissime
471 2940 674 2979 iudicavit
699 2941 742 2978 in
772 2940 927 2979 talibus
950 2915 1069 2988 δεῖν,

221 2998 257 3037 si
278 3009 366 3036 rem
389 2996 634 3062 diligentius
657 2996 872 3044 aestimes,
903 3008 985 3036 non
1010 2997 1072 3035 vi*

219 3054 310 3094 deli
334 3053 540 3094 omissum
563 3064 672 3100 esse,
695 3053 771 3092 sed
795 3047 971 3105 verba&
943 3055 1075 3107 ηγεῑ-

219 3109 358 3162 σθαι,
400 3108 699 3163 λογίζεσθαι,
739 3106 950 3161 οἴεσθαι,
994 3107 1072 3150 δο-

218 3169 337 3218 κεῖν,
358 3165 570 3219 νομίζειν
587 3164 824 3218 significare
847 3177 871 3204 a
883 3179 903 3205 e
915 3179 1070 3217 quum

219 3236 254 3265 s.
300 3234 430 3275 opus
473 3222 727 3264 iudicare.
789 3222 834 3261 Id
876 3223 931 3261 ita
974 3235 1067 3262 esse

218 3279 418 3318 evincunt
447 3278 551 3318 tales
579 3279 676 3342 loci,
698 3278 835 3330 qualis
860 3285 922 3318 est
942 3279 1064 3319 Hom.

217 3335 264 3378 ΙΙ.
290 3335 360 3377 ΙΧ.
383 3336 466 3376 625
496 3328 553 3375 οὐ
577 3348 665 3389 γαρ
695 3347 794 3402 μοι
798 3330 957 3375 δοκέει
979 3328 1066 3388 μύ-

214 3391 330 3433 θοιο
370 3385 565 3444 τελευτὴ
603 3387 719 3444 τῇδέ
746 3383 794 3445 γ’
826 3384 923 3447 ὁδῷ
952 3405 1064 3445 κρα-

215 3444 434 3501 νέεσθαι,
466 3449 539 3487 ubi
568 3460 692 3488 nemo
724 3446 829 3489 δεῖν
859 3449 1065 3488 extrinse-

1167 1149 1243 1177 cus
1283 1137 1448 1176 assumi
1489 1135 1684 1176 voluerit.
1740 1135 1820 1176 Pro
1863 1128 2026 1187 αξιοῑς

1166 1185 1233 1233 ἐπ
1244 1207 1260 1233 ι
1273 1190 1538 1258 δειχθῆναι
1556 1191 1634 1232 fuit
1648 1192 1721 1243 qui
1737 1205 1784 1234 α.
1795 1204 1871 1233 απ
1882 1204 1907 1232 o
1919 1190 2018 1233 δει-

1164 1247 1350 1302 χθῆναι
1390 1249 1639 1300 1⁵·equi1·e1et‚
1683 1254 1728 1288 ut
1758 1254 1822 1289 est
1853 1249 1892 1288 in
1934 1260 2016 1288 uno

1163 1306 1272 1346 Ven.
1295 1305 1349 1347 Φ.
1401 1305 1545 1346 Sedv
1594 1306 1762 1371 Protag
1798 1318 1841 1358 p.
1879 1306 1963 1346 320
1985 1303 2018 1344 Β

1168 1357 1213 1402 εἰ
1251 1383 1304 1391 --
1346 1357 1477 1427 ἔχεις
1512 1354 1848 1428 ἐναργέστερον
1893 1354 2015 1428 ἡμῖν

1166 1411 1406 1485 ἐπιδεῖξαι
1447 1431 1510 1465 ως
1550 1412 1785 1458 διδακτόν
1815 1409 1944 1458 ἔστιν
1983 1411 2013 1470 ἡ

1166 1468 1325 1543 αρετή.
1369 1473 1498 1526 Gorg.
1529 1487 1577 1538 p
1601 1474 1685 1514 464
1715 1473 1747 1513 Β
1786 1469 2016 1527 σαφέστε-

1164 1543 1247 1583 ρον
1289 1529 1511 1595 επιδείξω
1552 1521 1577 1570 ὃ
1604 1526 1750 1598 λέγω
1792 1529 1951 1573 Phaed.
1971 1543 2015 1583 p.

1167 1587 1290 1628 10οΒ
1307 1580 1396 1641 τὴν
1413 1583 1577 1628 αἰτίαν
1595 1579 1870 1651 ἐπιδείξειν.
1883 1587 2015 1639 Legg.

1163 1644 1216 1683 X.
1240 1657 1281 1697 p.
1294 1644 1420 1685 8920
1442 1657 1501 1685 αν
1522 1636 1726 1711 ψυχήν
1704 1655 1775 1691 τις
1797 1636 2016 1697 ἐπιδείξῃ

1162 1696 1485 1755 πρεςβυτέραν
1495 1711 1645 1741 ουσαν
1663 1692 1890 1764 σώματος.
1902 1699 2015 1741 Xen

1164 1757 1299 1798 Anab.
1325 1758 1419 1821 1.,3,
1447 1759 1498 1797 13
1529 1749 1902 1821 ἐπιδεικνύντες,
1934 1754 2017 1796 οια

1163 1811 1255 1877 εἴη
1278 1807 1307 1866 ἡ
1351 1805 1549 1879 απορία
1569 1825 1688 1854 ανευ
1729 1811 1832 1881 τῇς
1853 1806 2018 1878 Κύρου

1161 1883 1349 1924 γνωμης
1378 1867 1462 1910 καὶ
1492 1866 1654 1923 μένειν
1690 1866 1773 1910 καὶ
1804 1860 2015 1910 ἀπιέναι.

1161 1927 1268 1966 Ibid.
1292 1928 1335 1977 §.
1362 1928 1413 1966 16
1436 1919 1713 1973 επιδεικνύς
1736 1922 1789 1966 δὲ
1811 1939 1873 1973 ως
1904 1937 2016 1988 evn—

1165 1983 1255 2030 θες
1306 1980 1379 2036 εἴη
1429 1975 1642 2037 ἡγεμόνα
1690 1977 1846 2023 αἰτεῖν
1884 1995 2014 2034 παρα

1165 2033 1352 2080 τούτου.
1392 2039 1515 2078 Mem.
1540 2041 1571 2079 Ι.
1598 2040 1635 2090 1,
1662 2032 2014 2090 11τοὺςφρον-

1165 2095 1380 2163 ’σίζοντας
1417 2088 1475 2136 τὰ
1511 2092 1716 2136 τοιαῦτα
1750 2093 2015 2159 μωραίνον-

1163 2165 1248 2200 τας
1268 2145 1595 2204 ἐπεδείκνυεν,
1628 2151 1697 2191 ubi
1727 2158 1866 2191 tamen
1890 2152 2016 2192 etiam

1164 2201 1454 2250 ἀπεδείκνυε
1483 2208 1651 2260 legitur.
1674 2221 1716 2248 v.
1740 2206 1909 2247 Sturz.
1932 2207 2013 2247 Le-

1162 2266 1244 2308 xic.
1278 2264 1475 2318 Xenoph.
1506 2263 1554 2308 T.
1577 2265 1628 2305 II.
1658 2277 1700 2317 p.
1723 2265 1806 2304 274
1827 2276 1890 2316 sq.
1933 2263 2019 2303 Ni-

1163 2322 1318 2361 mirum
1359 2313 1693 2362 ἐπιδεικνύναι
1736 2321 1777 2359 vi
1827 2328 2012 2361 osten-

1165 2378 1324 2418 dendi
1384 2390 1441 2417 ac
1500 2377 1900 2417 demonsttandi
1964 2389 2014 2416 ea

1163 2434 1414 2474 condicione
1435 2440 1563 2485 atque
1590 2433 1686 2487 lege
1722 2433 1920 2487 usurpari
1949 2434 2012 2472 vi-

1164 2491 1309 2544 detur,
1340 2497 1386 2530 ut
1414 2490 1540 2530 simul
1576 2491 1622 2529 in
1651 2490 1913 2541 aliquo-loco
1945 2489 2011 2529 vel

1162 2554 1412 2600 argumento
1429 2547 1609 2587 subsisti
1629 2553 1701 2587 aut
1723 2547 1884 2595 ceteris,
1903 2557 2011 2596 quae

1162 2611 1262 2644 sunt
1299 2604 1517 2657 exposita,
1548 2602 1711 2654 aliquid
1746 2602 1844 2641 addi
1875 2602 2008 2654 signi-

1156 2659 1523 2727 ficetu1.ltaque
1570 2658 1609 2698 h.
1652 2658 1676 2698 l.
1719 2666 1885 2712 poteiat
1933 2659 2011 2698 eti-

1158 2728 1226 2756 arn
1258 2716 1342 2755 dici
1374 2708 1708 2768 ἐναργέστερον
1749 2707 2007 2766 ἐπιδεῖξαι.

1157 2772 1287 2811 Recte
1326 2783 1427 2811 vero
1469 2770 1577 2810 infra
1617 2783 1659 2823 p.
1691 2771 1824 2810 105ss
1867 2769 2008 2812 τοῦτο

1157 2842 1246 2882 μεν
1262 2820 1324 2881 δὴ
1344 2820 1700 2880 ἀποδεδεῖχθαι
1719 2826 1903 2880 φῶμεν,
1927 2827 1958 2868 i.
1969 2840 2005 2873 e.

1159 2883 1626 2924 demonstravisse
1674 2884 1770 2935 sio,
1833 2892 1884 2923 ut
1931 2884 2008 2924 rei

1160 2941 1456 2994 disputatio
1491 2940 1560 2980 sit
1591 2939 1854 3007 absoluta.

1217 2995 1262 3039 C.
1298 2993 1351 3038 εἰ
1371 2989 2007 3062 φιλόσοφοςοῗνήρμέλ-

1162 3053 1267 3095 λων
1288 3047 1399 3108 απ]
1447 3054 1489 3093 si
1530 3053 1610 3093 vir
1650 3051 2005 3117 philosophus

1159 3117 1324 3150 morte
1356 3111 1667 3149 imminente
1694 3109 1861 3149 animo
1885 3121 2006 3149 con·

1159 3166 1408 3207 firmatus
1432 3173 1477 3206 et
1499 3166 1589 3205 hae
1613 3177 1703 3218 spe
1726 3172 2002 3205 sustenta-

1158 3229 1261 3272 tus,
1294 3223 1429 3275 sore,
1460 3231 1514 3262 ut
1543 3230 1663 3275 post
1691 3230 1905 3262 mortem
1936 3221 2003 3260 il-

1156 3279 1225 3319 lic
1288 3279 1474 3320 melius
1551 3290 1724 3318 secum
1791 3287 1999 3329 agatur,

1155 3348 1304 3388 quam
1345 3336 1389 3377 si
1426 3337 1475 3375 in
1508 3334 1610 3374 alio
1640 3334 1781 3374 vitae
1809 3345 2002 3385 genere

1154 3391 1316 3444 (neque
1339 3406 1402 3444 eo,
1435 3404 1516 3442 quo
1539 3389 1780 3443 philosophi
1803 3388 2002 3442 utuntur)

1153 3457 1382 3491 aetatem
1403 3447 1784 3500 transegisset,
1809 3459 1908 3486 uon
1933 3454 1999 3486 te·

2140 820 2158 1086 l

2142 1167 2158 1384 i
