2158 3718
675 883 1239 939 PROLEGOMENA

920 1018 987 1049 AD

324 1110 993 1180 PHAEDONEM
1041 1084 1593 1179 PLAToNIs

827 1283 1075 1291 ᾑ-

803 1410 1030 1452 CAPUT
1071 1410 1106 1451 1.

539 1509 845 1560 PRAEVIAE
884 1506 1370 1559 ADMONITIONES.

215 1637 411 1687 Phaedo
436 1636 649 1686 Platonis
686 1637 1094 1702 quemadmodum
1132 1641 1337 1700 propter
1373 1636 1650 1699 argumenti
1686 1636 1842 1698 gravi-

76 1715 221 1758 tatem
251 1724 307 1758 ac
333 1709 574 1758 sermonis
599 1715 752 1758 artem
788 1715 836 1759 et
870 1708 1159 1772 elegantiam
1184 1722 1340 1772 prope
1366 1708 1413 1755 in
1442 1707 1658 1756 omnium
1686 1707 1842 1756 homi—

76 1796 193 1830 num
232 1780 488 1830 doctorum
526 1780 749 1830 manibus
775 1786 996 1830 versatur
1014 1819 1026 1837 ,
1068 1780 1132 1828 ita
1166 1793 1364 1842 semper
1390 1779 1519 1828 visus
1548 1784 1619 1827 est
1643 1783 1844 1842 praeter

78 1857 267 1901 ceteros
310 1853 487 1900 summi
531 1850 808 1915 philosophi
851 1851 1005 1900 libros
1048 1849 1194 1914 longe
1237 1848 1549 1913 dignissimus
1585 1864 1715 1904 esse,
1763 1849 1844 1912 qui

79 1921 472 1972 adolescentibus
498 1921 739 1971 bonarum
767 1922 1038 1972 litterarum
1058 1921 1284 1970 studiosis
1304 1919 1379 1970 vel
1404 1919 1598 1985 publice
1625 1921 1673 1968 in
1700 1919 1844 1968 scho-

75 1992 134 2041 lis
161 1998 475 2043 enarraretur
501 1992 575 2042 vel
601 1994 824 2058 privatim
851 1993 910 2041 ad
952 1991 1244 2042 liberalioris
1270 1991 1417 2041 studii
1444 1991 1843 2040 exercitationem

80 2064 522 2114 commendaretur.
553 2064 648 2113 Sed
676 2065 963 2113 exstiterunt
987 2077 1162 2126 nuper,
1191 2064 1272 2127 qui
1291 2061 1567 2111 Phaedonis
1592 2060 1844 2111 similium-

81 2150 174 2199 que
205 2133 444 2184 librorum
470 2134 833 2184 Platonicorum
869 2133 1129 2183 lectionem
1166 2149 1191 2182 a
1225 2131 1516 2182 iuvenilibus
1542 2133 1715 2182 studiis
1740 2132 1846 2182 fere

79 2205 251 2269 procul
285 2205 558 2255 habendam
592 2204 967 2263 arbitrarentur,
1010 2205 1069 2254 ad
1105 2203 1365 2252 ineundam
1404 2219 1513 2252 cum
1550 2202 1751 2253 Platone
1777 2203 1846 2252 fa-

80 2275 406 2325 miliaritatem
443 2277 556 2325 satis
592 2291 697 2325 esse
732 2281 984 2340 putanteS,
1013 2277 1054 2323 si
1079 2273 1470 2324 adolescentibus
1495 2280 1691 2338 praeter
1716 2275 1847 2339 Apo-

81 2345 257 2410 logiam
296 2347 510 2396 Socratis
546 2355 592 2396 et
631 2346 876 2396 Critonem
912 2347 999 2396 uni
1033 2347 1241 2395 maxime
1274 2344 1344 2394 illi
1379 2344 1555 2410 dialogi
1588 2346 1639 2394 in
1675 2359 1848 2395 manus

82 2417 414 2475 traderentur,
442 2419 492 2466 in
514 2417 690 2482 quibus
710 2434 849 2467 more
871 2418 1119 2467 Socratico
1147 2417 1207 2466 de
1232 2418 1409 2467 virtute
1436 2423 1483 2466 et
1509 2417 1710 2467 scientia
1738 2431 1848 2466 cum

84 2503 140 2538 ca
167 2489 426 2538 coniuncta
454 2487 656 2554 aliisque
682 2489 832 2538 rebus
853 2487 1095 2551 similibus
1115 2503 1173 2537 eo
1200 2487 1346 2537 modo
1374 2488 1642 2545 disseritur,
1670 2493 1725 2537 ut
1750 2502 1849 2536 non
1881 2491 1887 2499 ‘

82 2565 180 2609 tam
217 2574 386 2609 verum
426 2561 725 2624 exquiratur,
763 2576 908 2625 quam
946 2559 1088 2609 alieni
1114 2574 1310 2608 errores
1334 2558 1410 2608 vel
1437 2560 1690 2624 opiniones
1717 2557 1849 2607 calli-

85 2631 175 2680 dae
211 2632 645 2693 argumentationis
685 2632 887 2681 artificio
912 2631 1099 2680 fraudis
1126 2631 1491 2680 convincantur.
1557 2631 1661 2689 Qua
1699 2629 1759 2678 de
1794 2643 1849 2678 re

85 2716 176 2750 nos
202 2701 398 2766 quidem
424 2701 576 2750 libere
603 2701 811 2751 fatemur
837 2702 983 2765 longe
1009 2703 1189 2751 sentire
1215 2701 1368 2752 aliter.
1422 2701 1686 2751 Censemus
1721 2697 1849 2750 enim

86 2771 420 2822 adolescentes
446 2772 704 2837 aliquando
743 2788 770 2821 a
797 2773 999 2823 Socrate
1040 2772 1294 2822 dialectico
1321 2773 1370 2821 in
1396 2771 1489 2822 illis
1513 2771 1653 2822 libris
1681 2772 1849 2821 adum-

86 2842 228 2892 brato
254 2841 313 2892 ad
339 2842 591 2892 Platonem
617 2841 968 2908 philosophum
996 2850 1043 2893 et
1069 2860 1093 2893 a
1123 2842 1327 2907 dialogis
1352 2845 1403 2891 in
1430 2843 1690 2906 arguendis
1716 2843 1851 2891 vanis

89 2913 399 2979 opinionibus
439 2928 577 2962 more
613 2915 863 2963 Socratico
900 2916 1147 2978 occupatis
1182 2915 1240 2964 ad
1277 2913 1431 2963 libros
1465 2915 1516 2962 in
1553 2912 1852 2963 illustrandis

90 2983 394 3047 gravioribus
421 2984 708 3048 quibusdam
745 2985 1079 3049 philosophiae
1104 2984 1226 3034 locis
1252 2989 1500 3034 versantes
1526 2983 1852 3034 traducendos

91 3069 221 3112 esse,
259 3055 650 3120 quandoquidem
688 3055 902 3119 alioquin
939 3055 1080 3105 facile
1114 3057 1331 3105 futurum
1370 3062 1468 3112 est,
1496 3061 1550 3104 ut
1576 3055 1852 3104 Socraticae

92 3124 286 3191 quidem
313 3124 584 3175 disserendi
609 3126 808 3174 rationis
835 3126 1045 3191 aliquam
1073 3128 1291 3176 notitiam
1318 3127 1571 3192 accipiant,
1599 3125 1851 3175 Platonem

92 3202 252 3247 autem
280 3196 400 3246 adeo
427 3210 524 3245 non
552 3203 777 3255 noscant,
805 3202 857 3246 ut
881 3199 1042 3261 ipsum
1068 3212 1168 3246 non
1193 3205 1293 3247 tam
1318 3212 1408 3261 pro
1437 3196 1567 3246 celso
1595 3202 1643 3246 et
1668 3195 1850 3258 magni-

92 3268 184 3316 fico
209 3267 526 3332 philosophO,
573 3282 717 3332 quam
744 3282 835 3332 pro
863 3274 1003 3318 acuto
1033 3274 1080 3318 et
1118 3270 1420 3319 contentioso
1449 3267 1609 3332 aliquo
1637 3267 1848 3330 disputa-

93 3344 202 3387 tore
227 3338 441 3388 habituri
467 3338 733 3387 videantur.

236 3410 402 3458 [ntor
439 3423 642 3457 omnes
679 3415 874 3458 autem
911 3408 1188 3475 Platonis
1225 3407 1510 3471 dialogos
1548 3408 1638 3455 vix
1666 3404 1851 3454 ullum

98 3482 366 3543 reperiri
403 3481 846 3531 existimamus,
884 3480 984 3542 qui
1023 3481 1091 3528 ad
1130 3479 1499 3528 Platonicam
1545 3478 1852 3525 rationem

184 3576 312 3604 rnA'r.
347 3577 514 3603 mmm).
1490 3560 1515 3609 1
