2158 3718
472 201 980 253 SYMPOSIUM.
1019 203 1209 268 2²19ss
1246 202 1321 258 St.
1681 206 1753 256 9³

68 351 348 422 κίσθημεν
386 344 496 404 ὑπὸ
526 347 627 402 τοῦ
655 348 817 410 θεοῦ,
857 342 1124 418 καθάπερ
1153 343 1460 418 'Aqxdffeg‘
1434 343 1542 402 υπὸ
1571 353 1754 405 Λακε-

69 430 388 504 δαιμονίων.
427 429 607 508 φόβος
631 422 732 486 οὖν
759 433 923 495 ἔστιν,
966 427 1065 486 ἐὰν
1090 427 1164 499 μὴ
1204 429 1421 502 κόσμιοι
1446 421 1589 499 ὦμεν
1614 431 1755 504 πρὸς

70 515 205 583 τοὺς
247 514 454 580 θεούς,
508 512 661 579 ὅπως
714 537 789 585 μη
829 536 937 569 και
981 506 1158 579 αὖθις
1204 515 1752 587 διασχισθησόμεθα,

67 607 162 658 καὶ
202 605 447 672 περίίμεν
489 602 706 670 ἔχοντες
733 595 907 670 ὥςπερ
957 603 1010 655 οἱ
1053 605 1111 654 ἐν
1158 608 1279 664 ταῖς
1322 596 1555 667 στήλαις
1582 623 1754 656 κατα-

67 682 292 763 γραφὴν
319 690 760 756 ,ἑκτετυπωμένοι
790 685 1232 756 διαπεπρισμένοι
1276 683 1419 739 κατὰ
1451 681 1553 748 τὰς
1579 683 1755 760 ῥῖνας,

70 848 168 891 vat.
191 845 242 890 A.
266 844 715 902 διασχησθησώμεθα.
748 845 873 887 Bodl.
894 859 1036 914 ‘super
1064 862 1193 890 versu
1225 849 1354 891 etiam
1387 862 1612 901 περιωμεν.

185 920 390 958 naz-0179
404 904 548 958 αφὴν
576 904 698 958 ἔχῃ]
728 904 794 944 lta
817 903 1032 945 verissime
1055 911 1158 947 v.ett
1195 906 1315 947 editt.
1341 905 1643 961 καταγραφήν,
1666 910 1760 951 Bu·-

73 963 208 1004 daeus
239 963 534 1004 Commentar.
570 963 670 1015 ling.
704 961 781 1002 Gr.
812 973 854 1012 p.
883 960 1299 1015 198.1e‹r1v01e1›at
1347 965 1512 1031 ἔχοντες
1541 981 1761 1021 καταγρα-

72 1019 174 1074 φήν,
207 1020 564 1072 διαπεποισμὲνοι
592 1036 627 1062 κ
647 1036 685 1061 τ.
702 1018 737 1059 λ.
770 1017 1055 1060 Scllneiderus
1086 1020 1127 1061 ἰη
1163 1020 1268 1062 Lex.
1289 1034 1330 1061 V.
1355 1023 1466 1062 coni.
1485 1029 1758 1077 καταγραφῇ.

70 1077 344 1121 Hommelius
374 1077 546 1130 scripsit
575 1075 682 1116 κατὰ
706 1073 864 1127 ῥαφῆι,
897 1079 944 1115 ut
975 1077 1234 1128 cogitaretur
1258 1077 1311 1119 de
1343 1091 1552 1132 compage
1581 1081 1761 1124 duorum

71 1136 251 1177 laterum
285 1137 482 1187 angulum
517 1134 807 1182 efficientium,
839 1132 879 1172 iu
907 1131 1058 1183 quibus
1082 1134 1295 1175 dimidiata
1316 1134 1441 1183 ,faciei
1463 1135 1601 1178 forma
1628 1140 1761 1180 utrin-

70 1204 155 1245 que
186 1192 525 1244 conspiceretur.
571 1191 708 1234 Quam
743 1188 1032 1230 coniecturam
1068 1195 1211 1232 tamen
1242 1193 1306 1232 vir
1334 1192 1490 1233 doctus
1521 1193 1633 1247 ipse,
1665 1197 1762 1249 opi-

73 1261 168 1299 nor,
199 1254 354 1316 postea
393 1248 651 1301 reprobavit.
682 1244 907 1288 Ruhnken
942 1246 998 1286 nd
1030 1247 1144 1288 Tim.
1182 1249 1331 1289 Gloss
1369 1262 1409 1302 p.
1452 1250 1545 1292 175.
1576 1254 1763 1295 correxit

70 1303 179 1347 κατὰ
210 1303 404 1360 γραφήν,
436 1310 486 1346 ut
515 1309 582 1345 est
612 1305 651 1344 in
689 1304 788 1345 Par.
814 1303 861 1343 b.
890 1307 934 1343 et
955 1303 1103 1356 Coisl.,
1135 1317 1260 1358 quam
1285 1305 1625 1351 emendationem
1662 1323 1764 1363 pro-

73 1363 232 1416 barunt
265 1363 482 1418 Heynius,
515 1362 721 1412 Wolfius,
757 1359 945 1411 Baetin-³,
982 1360 1222 1414 Bekkerus,
1257 1364 1420 1414 Astius,
1448 1364 1535 1406 alii.
1566 1366 1655 1408 Sed
1687 1380 1765 1409 ve-

74 1433 168 1462 rum
214 1426 283 1462 est
322 1417 632 1472 καταγραφήν,
671 1416 787 1471 quod
829 1419 1050 1470 quomodo
1079 1420 1447 1474 interpretandum
1478 1422 1557 1475 sit,
1608 1420 1651 1465 id
1683 1438 1764 1467 nos

77 1489 215 1532 nuper
244 1476 389 1518 docuit
419 1477 605 1518 Godofr.
639 1476 932 1518 Hermannus.

76 1616 329 1672 praesertim
371 1628 500 1669 quum
552 1615 645 1657 eius
684 1628 875 1658 comme-

75 1674 315 1717 moratione
335 1674 526 1716 violenta
551 1671 765 1714 hominum
800 1686 876 1715 an-

76 1736 147 1773 tea
167 1731 490 1773 coniunctorum
516 1730 741 1772 disiunctio
752 1744 879 1784 prae-

77 1787 196 1830 clare
234 1790 481 1829 illustretur.
558 1787 724 1829 Deinde
775 1787 879 1828 haec

77 1851 325 1899 temporum
376 1845 600 1897 confusio,
648 1845 746 1898 quia
793 1858 878 1886 non

962 1615 1021 1671 μὴ
1074 1612 1216 1656 πάνθ’
1268 1615 1352 1658 δ’σα
1405 1615 1458 1658 ου
1499 1615 1764 1672 βουλόμεθα

963 1678 1104 1714 nostis&
1150 1672 1253 1726 vat„
1310 1673 1469 1728 ἆναγκη
1528 1690 1766 1728 γδὶἠσὲῒαᾶ.

961 1731 1057 1773 Alia
1097 1730 1214 1772 dabit
1244 1731 1552 1774 Elmsleius
1596 1732 1648 1774 ad
1680 1733 1766 1774 So-

962 1789 1100 1843 pliocl.
1134 1787 1245 1830 Oed.
1279 1788 1377 1840 Tyr
1414 1803 1450 1829 v.
1489 1790 1610 1834 1075

1022 1846 1376 1898 καταγραφὴν
1406 1848 1590 1887 ἒκτετε
1605 1847 1766 1898 πωμέ-

78 1904 221 1945 statim
256 1902 308 1945 ab
328 1904 568 1956 legentibus
587 1903 771 1943 sentitur
803 1915 879 1942 eo-

75 1973 158 2013 que
190 1961 282 2014 ipso
316 1961 501 2002 animum
535 1960 722 2000 suaviter
757 1958 879 2001 delu-

66 2017 162 2068 dit,
203 2031 280 2071 per
318 2031 366 2058 se
397 2017 569 2070 (widem
606 2029 690 2057 non
720 2017 880 2070 poterit

75 2075 232 2116 vitiosa
262 2073 428 2116 censeri
457 2075 534 2115 nisi
558 2074 610 2114 ab
641 2074 703 2120 iis,
735 2075 806 2127 qui
839 2074 880 2113 in

77 2133 182 2174 artis
222 2144 353 2185 opere
391 2131 486 2172 nihil
531 2130 739 2172 eiusmodi
781 2143 880 2185 per-

78 2188 260 2230 missum
303 2201 402 2229 esse
442 2188 716 2229 arbitrantur.
793 2188 881 2228 De-

77 2246 205 2298 nique
236 2246 366 2287 Plato
406 2244 644 2286 deliberato
685 2243 880 2296 consilio,

0 2345 1 2351 ,
78 2303 160 2344 nisi
192 2302 342 2354 fallor,
373 2302 494 2343 huius
526 2302 586 2343 rei
622 2302 885 2343 mentionem

78 2360 171 2402 fieri
206 2361 355 2411 iussit,
389 2365 436 2400 ut
466 2359 672 2412 suspicari
707 2361 773 2400 vel
804 2371 886 2412 po-

77 2418 163 2459 tius
194 2417 434 2468 intelligere
459 2416 622 2468 liceret,
654 2429 742 2468 quo
774 2421 886 2457 tem-

81 2487 188 2528 pore
220 2474 288 2515 hic
319 2450 429 2516 liber
461 2473 594 2515 literis
632 2478 750 2514 esset
782 2485 887 2513 con·

81 2533 300 2585 signatus3
363 2531 418 2571 de
470 2543 558 2583 qua
607 2543 654 2572 re
702 2529 887 2583 exposui

81 2589 291 2642 Prolegg.
313 2587 366 2629 ad
385 2586 558 2629 Menex.
579 2600 618 2641 p.
643 2586 708 2629 14.
751 2586 887 2631 Quod

82 2651 227 2687 autem
263 2645 452 2687 Arcades
495 2647 769 2686 nominantur
809 2656 886 2698 pro

82 2701 466 2751 Mantineensibus,
494 2702 533 2742 in
562 2714 650 2754 quo
669 2702 762 2755 ipso
784 2700 887 2742 bae-

82 2761 139 2800 sit
170 2760 536 2810 Hommelius,
569 2758 611 2800 id
637 2758 791 2800 exinde
812 2758 887 2799 ba-

82 2818 158 2859 bet
186 2818 541 2869 explicationem,
579 2816 692 2869 quod
728 2816 890 2858 Manti-

83 2886 166 2915 nea
204 2872 298 2915 fuit>
319 2875 422 2915 urbs
462 2874 676 2915 Arcadiae
706 2874 888 2926 opulen-

84 2929 283 2982 tissima,
320 2932 447 2971 cuius
477 2930 668 2981 incolae,
711 2935 890 2983 postea-

85 2998 215 3040 quam
251 2987 358 3027 urbe
402 2999 479 3027 sua
513 2986 654 3027 deleta
688 2989 726 3027 in
757 2987 887 3027 variis

69 3043 305 3085 -Arcadine
343 3043 591 3095 regionibus
630 3042 890 3094 habitarunt,

87 3106 207 3142 recte
240 3098 431 3141 Arcades
462 3103 696 3153 potuerunt
741 3100 891 3153 appel-

88 3157 186 3200 lari.

148 3211 323 3270 φόβος
358 3205 454 3252 ουν
487 3211 631 3251 ἔστιν
667 3233 723 3243 -
753 3227 894 3257 οπως

91 3270 158 3327 μὴ
211 3291 266 3304 -
323 3267 895 3324 διασχισθησόμεθα]

28 3329 67 3353 ⁵⁷
88 3331 158 3372 De
209 3327 288 3370 hac
337 3327 658 3368 constructione
704 3338 745 3367 v.
797 3325 894 3368 De-

92 3399 135 3429 m
155 3384 361 3428 osthen.
394 3382 581 3438 Philipp·
611 3382 688 3425 111.
718 3395 764 3438 p.
797 3382 894 3428 130.

101 3441 170 3488 12·
209 3441 278 3486 cd.
316 3441 490 3485 Rekita
537 3440 737 3491 δέδοικα,
781 3438 897 3487 ὅπως

963 1918 1019 1942 νο
1037 1901 1106 1970 ι]
1123 1901 1323 1944 Veterem
1369 1904 1594 1944 lectionem
1635 1918 1768 1943 κατα-

964 1974 1036 2014 γρ
1034 1955 1138 2011 φῆν
1181 1972 1315 2013 nuper
1347 1959 1694 2001 Hermannus
1725 1961 1767 2001 in

968 2019 1285 2070 Programmat.
1350 2018 1383 2057 l)
1400 2031 1423 2058 e
1472 2031 1496 2059 v
1518 2031 1541 2058 e
1561 2024 1577 2059 t
1595 2031 1619 2059 e
1640 2030 1763 2059 rum

966 2075 1315 2115 Graecorum
1347 2075 1560 2127 pictura
1592 2074 1768 2128 parie-

966 2137 1070 2173 tum
1105 2144 1144 2184 ρ.
1175 2130 1204 2174 8
1235 2144 1299 2183 sq.
1333 2131 1493 2185 Opusc.
1529 2132 1577 2172 V.
1600 2144 1640 2185 p.
1665 2131 1764 2174 214.

967 2189 1026 2230 ita
1055 2193 1202 2229 contra
1224 2187 1602 2230 Ruhnkenium
1637 2191 1770 2231 alios-

970 2258 1053 2298 que
1086 2249 1253 2286 tutatus
1286 2251 1367 2295 est,
1399 2245 1498 2287 nihil
1534 2251 1579 2286 ut
1599 2247 1768 2287 dubita-

971 2303 1098 2343 tionis
1129 2302 1183 2344 de
1217 2316 1266 2343 ea
1299 2315 1345 2344 re
1375 2315 1601 2357 superesse
1631 2303 1767 2345 videri

971 2364 1114 2412 queat.
1189 2359 1271 2401 Est
1322 2362 1431 2402 enim
1470 2360 1768 2415 καταγραφὴν,

970 2416 1269 2458 adverbialiter
1287 2418 1492 2470 positum,
1522 2417 1635 2459 idem
1653 2417 1769 2471 quod

970 2479 1256 2527 καταγραφῇ,
1300 2474 1562 2528 denotatque
1618 2475 1771 2529 imagi-

972 2543 1048 2572 nes
1079 2531 1277 2583 obliquas
1317 2531 1469 2574 faciem
1503 2530 1769 2573 dimidiatam

971 2586 1209 2630 referentes
1263 2588 1346 2643 (en
1376 2588 1580 2644 profil).
1643 2590 1771 2631 Hunc

971 2646 1171 2687 vocabuli
1212 2658 1334 2687 usum
1375 2647 1436 2688 vir
1477 2647 1655 2688 illustris
1695 2647 1772 2688 de-

973 2703 1228 2744 monstravit
1262 2715 1321 2744 >ex
1358 2703 1676 2758 Hipparcho
1717 2702 1772 2745 ad

972 2759 1340 2829 AratiPlnaenom.
1362 2761 1393 2802 Ι.
1406 2759 1446 2804 6
1460 2775 1499 2815 p
1517 2762 1618 2806 180·
1637 2759 1774 2801 ἅπαν-

971 2833 1028 2858 τα
1081 2832 1165 2872 γαρ
1218 2816 1269 2858 τὰ
1332 2818 1471 2873 ἄστρα
1517 2817 1775 2873 ἤστερίσθαι

973 2871 1086 2944 πρὸς
1113 2874 1195 2926 τὴν
1232 2874 1442 2929 ἡμετέραν
1482 2878 1676 2931 θεωρίαν
1705 2875 1775 2916 καὶ

972 2929 1028 2976 ὥς
1058 2946 1111 2971 αν
1143 2931 1253 2986 πρὸς
1285 2930 1398 2984 ἡμᾶς
1418 2935 1703 2986 ἐστραμμένα,
1736 2933 1772 2972 εἰ

974 2986 1036 3042 μή
1079 3003 1122 3027 τι
1164 2988 1449 3042 καςάγραφον
1477 2990 1618 3031 αὐτῶν
1646 2991 1771 3031 ἐστίν

977 3050 1020 3084 et
1049 3044 1228 3087 Plinio
1266 3047 1447 3089 XXXV.
1482 3047 1550 3090 34.
1565 3078 1576 3098 ,
1616 3048 1684 3098 qui
1717 3044 1772 3086 de

976 3098 1158 3142 Cimone
1203 3102 1416 3146 Clenaeo.
1477 3105 1577 3145 Hic
1626 3107 1772 3143 cata-

977 3157 1180 3212 grapha
1239 3160 1475 3210 invenit,
1535 3160 1634 3200 hoc
1690 3154 1791 3200 est'

980 3213 1231 3268 obliquas
1276 3219 1557 3270 imagines.
1627 3216 1773 3267 ltaque

980 3273 1021 3311 οἱ
1058 3273 1100 3311 ἐν
1138 3278 1232 3322 ταῖς
1283 3274 1455 3325 στήλαις
1493 3270 1773 3325 καταγραφὴν

978 3328 1318 3384 ἐκτετυπωμένοι
1376 3334 1473 3370 sunt
1526 3329 1690 3382 figurae
1735 3341 1770 3368 s.

978 3390 1148 3428 crustae
1178 3387 1218 3428 in
1249 3386 1460 3429 columnis
1498 3386 1559 3427 sic
1589 3384 1770 3435 effictae,

977 3447 1026 3483 ut
1055 3443 1286 3485 ostendant
1314 3443 1467 3484 faciem
1494 3441 1768 3484 dimidiatam-
