2158 3718
290 163 389 215 116

1014 132 1339 206 PLAToms

285 305 388 357 τοῦ
438 302 612 371 λόγου
666 301 731 356 ἐν
777 304 845 372 τῇ
893 299 1116 370 σκέψει,
1155 299 1268 369 ὅτι,
1317 301 1420 365 ἕως
1456 299 1528 354 ὄὶν
1565 300 1628 354 τὸ
1666 305 1824 372 σῶμα
1861 305 2074 373 ἔχωμεν

285 388 380 440 καὶ
431 385 874 456 ξυμπεφυρμένη
921 385 956 454 ᾖ
1003 382 1166 454 ἡμων
1211 381 1245 454 ἡ
1295 383 1446 455 ψυχὴ
1494 382 1632 487 uerno}
1671 389 1773 439 τοῦ
1810 386 2074 440 τοιούτου

285 475 485 540 κακοῦ,
524 468 594 524 οὐ
631 471 706 540 μή
743 487 877 523 ποτε
914 468 1255 538 κτησαίμεθα
1294 469 1501 533 ἱκανῶς
1537 471 1607 523 οὐ
1647 470 2069 540 ἐπιθυμοῦμεν·

398 635 776 706 κτησώμεθα]
808 641 988 684 Bekker.
1017 652 1039 680 e
1071 640 1160 682 solo
1183 641 1314 683 Vind.
1337 641 1377 682 Φ
1408 647 1449 682 et
1469 642 1615 683 Ambi-
1647 635 1929 696 κτησόμεθα
1957 643 2075 683 dedit

284 707 560 754 praeceptum
588 698 690 739 Daw
694 699 753 738 esi
784 706 980 748 secutus,
1011 697 1126 749 quod
1153 703 1296 738 tamen
1323 697 1408 738 fide
1438 699 1659 751 indignum
1683 712 1777 740 esse
1799 699 1926 740 hodie
1947 711 2072 740 nemo

284 757 514 802 dubitavit;
537 768 578 796 v.
600 755 700 795 Her
710 766 878 797 mann.
901 754 957 795 ad
977 754 1077 794 Ειιι.
1087 753 1199 795 Med.
1210 756 1294 796 300
1316 762 1355 794 et
1376 767 1453 795 nos
1475 756 1530 796 ad
1529 731 1658 796 t>Phil.
1682 769 1723 809 p.
1735 758 1787 797 21
1805 756 1837 796 Ε
1858 767 1907 796 ac
1919 755 2069 810 Remp.

282 815 356 855 vi.
378 826 421 866 p.
441 813 524 854 492
544 813 591 854 E.

283 965 422 1005 neque
451 952 671 993 commode
699 963 795 991 cum
815 943 866 992 ἐν
886 948 943 1004 τῇ
965 946 1132 1002 σκέψει

283 1009 478 1051 connecti
513 1015 679 1072 potest,
703 1020 801 1072 quo
832 1006 942 1047 facto
975 1008 1131 1048 omisso

283 1065 459 1107 articulo
499 1057 618 1130 μετὰ
661 1057 804 1118 λόγου
833 1064 1130 1115 requireretur,

283 1123 408 1164 sicuti
429 1122 633 1174 seiiptum
655 1121 813 1174 legitur
831 1120 940 1160 Ἰίιιι.
963 1134 1007 1174 p.
1017 1120 1134 1161 271).

285 1179 455 1231 Protag.
477 1191 520 1232 p.
543 1177 684 1220 32413.
697 1151 899 1220 0·.Phaed1
920 1189 964 1229 p,
987 1177 1132 1218 256A.

281 1235 456 1276 Theaet.
485 1246 528 1287 p.
551 1235 632 1274 206
657 1234 691 1273 Ε
713 1241 839 1284 atque
868 1232 937 1271 hic
967 1245 1134 1284 quoque

282 1304 394 1333 unus
416 1291 554 1331 codex
568 1290 661 1332 Pa1.
671 1290 705 1329 E
721 1289 928 1342 scriptum
950 1288 1135 1330 exhibet.

282 1347 369 1390 Sed
388 1360 508 1401 μετα
525 1344 611 1388 τοῦ
630 1340 773 1401 λόγου
791 1346 960 1386 omnino
978 1346 1136 1386 aictius

281 1404 480 1445 convenit
507 1415 604 1443 cum
631 1402 961 1467 prosopopoeia,
993 1414 1077 1452 qua
1104 1395 1134 1454 ἡ

281 1453 494 1514 ἀτραπός
517 1460 666 1500 dicitui
687 1451 923 1512 ἐκφέρειν,
942 1458 1132 1510 quando-

280 1518 453 1569 quidem
474 1528 592 1569 μετα
614 1515 823 1568 significat
853 1527 949 1567 ope
971 1522 1018 1555 et
1039 1527 1131 1555 au-

279 1574 437 1622 xilio,
462 1574 514 1612 de
537 1585 619 1624 quo
642 1585 724 1615 usu
744 1585 786 1611 v.
797 1583 896 1612 ann.
918 1571 1132 1624 adRemp.

279 1630 394 1671 VIII.
417 1642 460 1683 p.
483 1629 566 1670 560
585 1628 636 1668 D.
658 1627 732 1669 IX.
755 1641 798 1681 p.
822 1629 903 1669 571
926 1627 975 1671 B.
999 1627 1131 1695 Soph.

278 1700 322 1739 p.
345 1687 428 1750 265
451 1685 482 1726 Ο
517 1678 636 1737 μετὰ
668 1677 831 1749 λόγου
840 1696 890 1725 τε
917 1681 1002 1725 καὶ
1031 1677 1133 1725 ἐπι-

277 1735 459 1796 στήμης
498 1740 643 1789 θείας
684 1735 817 1804 (τὴν
828 1733 978 1793 φύσιν
1007 1733 1132 1782 αὕτα

279 1799 493 1852 γεννᾶν).
534 1799 586 1839 Ει
617 1798 677 1838 sic
705 1789 824 1850 μετὰ
854 1795 939 1837 τοῦ
976 1807 1132 1862 σωμα-

277 1868 358 1903 τος
380 1855 531 1896 dicitui
550 1853 707 1894 Phaed.
731 1867 773 1907 p.
796 1854 849 1893 66
871 1854 904 1893 Ε
935 1849 979 1894 εἰ
994 1876 1048 1881 -
1064 1846 1128 1907 μὴ

277 1905 383 1953 οἷόν
405 1923 455 1952 τε
476 1922 616 1974 μετα
639 1908 740 1951 τοῦ
763 1903 1022 1963 σώματος
1042 1923 1134 1964 μη-

278 1963 364 2010 δεν
383 1964 616 2032 καθαρῶς
637 1964 1000 2020 yvcbvoct.1taque
1014 1967 1132 2007 istud

277 2017 397 2078 μετὰ
422 2022 507 2065 τοῦ
530 2016 673 2077 λόγου
702 2035 785 2063 non
816 2022 1130 2063 sollicitandum

278 2081 372 2131 fuit,
396 2080 512 2132 qnod
532 2079 613 2120 fuit
644 2081 717 2130 qui
737 2079 1044 2119 eliminandum
1065 2090 1128 2119 ar-

277 2138 517 2179 biti-aretur.
548 2136 634 2176 Nec
655 2148 756 2177 vero
779 2128 996 2190 ατραπόν
1016 2144 1128 2176 recte

275 2194 440 2247 1nterpi
446 2200 580 2233 etatus
612 2202 676 2233 est
706 2193 858 2233 Franc.
880 2192 1126 2232 Winiew-

279 2251 390 2290 ski
382 2263 426 2289 ιιι
451 2250 581 2290 indic.
603 2250 737 2290 Lectt.
758 2249 964 2289 Academ.
978 2249 1128 2290 Mona-

277 2314 377 2350 ster.
418 2318 458 2347 a.
484 2307 746 2347 1853—54=
788 2306 1128 2357 quaestionis

278 2364 422 2403 viam
464 2371 510 2402 et
549 2363 831 2413 rationem,
883 2374 1017 2414 quae
1066 2362 1130 2402 ad

278 2420 479 2460 exitum
502 2419 773 2473 perducit,
803 2430 900 2458 cum
920 2418 963 2458 in
985 2419 1127 2471 aprico

276 2477 333 2516 sit
362 2489 410 2516 eo
452 2476 623 2516 nomine
664 2487 748 2515 non
785 2475 872 2514 veri
902 2475 1133 2526 quaerendi

277 2533 436 2583 viam,
459 2533 537 2572 sed
558 2533 694 2584 ipsam
711 2531 901 2571 veritatis
921 2543 1127 2582 quaeren-

277 2589 357 2629 dae
399 2597 439 2628 et
488 2588 771 2628 inveniendae
817 2586 1129 2628 facultatem

277 2644 507 2698 significari
530 2657 606 2698 per
631 2645 761 2683 animi
782 2657 806 2683 a
827 2656 1002 2696 corpore
1023 2644 1128 2684 libe-

276 2702 485 2741 iationem
534 2699 802 2764 philosophis
863 2711 1126 2739 concessam.

276 2758 365 2796 Iam
398 2769 497 2796 veto
528 2757 653 2795 etiam
681 2756 723 2795 in
744 2756 954 2808 proximis
978 2755 1126 2806 critici,

277 2813 490 2864 quomodo
514 2812 629 2852 istud
650 2802 724 2852 ότι
746 2811 1042 2864 accipiendum
1061 2824 1128 2851 es-

276 2875 358 2917 set,
381 2868 648 2908 vehementer
670 2868 982 2910 dubitaverunt
1020 2867 1126 2907 Nam

277 2925 366 2965 alii
371 2925 543 2978 synesin
567 2924 793 2963 commenti
815 2931 927 2972 sunt,
951 2932 997 2963 ut
1020 2923 1124 2967 C.F.

276 2982 551 3023 Hermann.
573 2979 808 3031 (Abhandl.
851 2993 895 3020 ιι.
923 2979 1053 3020 Beitr.
1081 2992 1125 3033 p.

277 3035 370 3091 71),
394 3038 549 3089 quibus
573 3036 681 3076 viam
698 3036 877 3088 praeivit
899 3034 952 3076 St
966 3036 1122 3089 epha-

278 3107 373 3134 nus
396 3094 533 3134 locum
555 3093 617 3133 sic
637 3093 941 3145 interpretans:
963 3093 1124 3132 Vide-

277 3158 361 3190 tur
392 3163 483 3190 nos
514 3149 597 3190 via
627 3150 776 3199 quasi
798 3149 1051 3200 quaedam
1074 3150 1121 3189 in

277 3206 368 3246 hac
397 3206 715 3258 quaestione
744 3205 1013 3245 adducere
1044 3218 1122 3258 eo,

277 3270 333 3303 ut
372 3270 664 3303 statuamus
702 3273 960 3313 nunqnam
990 3261 1124 3312 fore,

276 3329 353 3371 ut,
395 3318 645 3370 quamdiu
685 3319 884 3359 animus
916 3326 991 3358 etc.
1041 3318 1125 3358 Alii

277 3375 334 3416 ad
373 3375 536 3428 eIIIpsin
588 3373 802 3439 confugei
796 3380 883 3425 unt
929 3383 973 3414 ut
1013 3374 1089 3413 W·
1082 3387 1122 3413 ι-

278 3432 498 3472 niewski
525 3431 552 3471 l.
575 3444 611 3471 c.
627 3462 637 3482 ,
675 3432 747 3483 qui
775 3422 847 3472 ὅτι
886 3443 937 3470 ex
966 3431 1121 3472 omisso

276 3489 416 3542 aliquo
441 3489 568 3528 veibo
590 3500 846 3541 suspensum
870 3500 966 3528 esse
987 3495 1121 3541 putat,

1220 951 1302 992 nisi
1337 951 1430 1003 quis
1460 951 1577 991 malit
1610 951 1665 991 ad
1699 945 1976 994 κινδυνευει
2004 953 2072 992 ιιι-

1219 1007 1418 1060 tellegere
1459 1021 1582 1061 αντη
1622 1001 1652 1061 ἡ
1695 1001 1833 1059 δόξα.
1882 1009 2072 1061 Denique

1220 1077 1357 1118 nuper
1377 1064 1542 1108 Heim
1571 1064 1825 1105 Schmidt.
1855 1066 1899 1105 in
1919 1065 2068 1119 Progi.

1220 1121 1584 1174 Wittenbergens.
1614 1133 1654 1164 a.
1678 1121 1786 1161 1846
1816 1128 1855 1160 et
1876 1122 1919 1161 in
1941 1121 2070 1163 libro:

1220 1176 1526 1217 Kritischer
1603 1175 1932 1218 Commentar
2008 1191 2070 1218 zu

1220 1233 1406 1274 Platos
1436 1233 1640 1274 Phaedo
1674 1235 1705 1273 1
1728 1247 1772 1299 p.
1798 1234 1850 1274 76
1880 1235 2070 1275 sciiben-

1223 1290 1324 1330 dum
1355 1290 1590 1330 contendit.
1629 1301 1750 1342 μετα
1782 1283 1954 1332 τούτου
1983 1290 2067 1333 τοῦ

1223 1339 1383 1399 λόγου,
1413 1346 1527 1397 quod
1557 1346 1876 1410 inteipretatur.
1905 1347 2068 1388 huius

1223 1402 1502 1443 doctrinae
1525 1415 1642 1455 ope,
1672 1412 1765 1442 mit
1784 1402 1926 1442 Hilfe
1955 1403 2071 1445 die-

1221 1471 1307 1499 ses
1338 1458 1546 1511 Satzes,
1588 1467 1634 1498 ut
1664 1471 1738 1500 οτι
1766 1459 1865 1500 inde
1885 1471 2068 1513 suspeu-

1221 1527 1316 1555 sum
1336 1521 1523 1568 putetur.
1565 1513 1651 1556 Sed
1680 1515 1786 1555 haee
1808 1514 2070 1558 Schmidti

1220 1572 1327 1612 ratio
1357 1571 1499 1627 valere
1537 1580 1710 1625 proptei
1715 1584 1762 1612 ea
1791 1584 1876 1612 non
1911 1582 2066 1637 potest,

1220 1628 1335 1691 quod
1356 1640 1541 1682 pinnum
1559 1628 1670 1680 quid
1672 1641 1728 1667 :m
1745 1629 1827 1668 isto
1844 1622 1963 1682 μετὰ
1983 1629 2068 1673 τοῦ

1219 1677 1364 1739 λόγου
1404 1697 1531 1738 aegie
1571 1686 1856 1750 οειιιιειίιιιιιες
1915 1685 2070 1728 deinde

1220 1753 1317 1781 veio
1342 1742 1466 1781 etiam
1490 1753 1611 1781 nemo
1643 1743 1870 1793 qnisquam
1891 1741 2068 1786 dixerit·

1220 1810 1270 1837 es
1301 1797 1517 1838 scheint
1551 1810 1647 1838 uns
1681 1799 1765 1838 ein
1804 1798 2068 1840 schmaler

1217 1853 1345 1906 Weg
1372 1854 1463 1893 mit
1491 1853 1632 1894 Hilfe
1664 1855 1842 1895 dieses
1879 1855 2066 1897 Satzes

1217 1909 1700 1961 herauszufiihren,
1722 1911 2069 1964 quandoquidem
2113 1935 2117 1938 ·

1217 1973 1425 2020 angustae
1446 1967 1539 2007 viae
1569 1979 1653 2007 non
1682 1967 1820 2020 potuit
1841 1977 1951 2009 recte
1970 1970 2067 2010 talis

1217 2023 1409 2064 doctrina
1448 2023 1515 2063 vel
1555 2024 1698 2077 potius
1730 2023 1828 2064 talis
1858 2027 2068 2067 sententia

1215 2081 1359 2124 tribui.
1399 2080 1461 2120 De
1483 2081 1629 2132 synesi
1649 2086 1791 2120 autem
1812 2081 1879 2120 vel
1911 2082 2065 2137 ellipsi,

1215 2148 1344 2188 quam
1385 2137 1457 2176 alii
1498 2142 1752 2186 statuerunt,
1774 2137 1831 2177 ita
1852 2139 2070 2180 existima-

1215 2205 1332 2240 mus,
1374 2204 1421 2232 ιιι
1460 2192 1639 2233 alterum
1682 2193 1891 2234 eiusmodi
1921 2207 2064 2236 exem-

1215 2249 1336 2303 plum
1358 2249 1492 2290 donee
1512 2250 1722 2302 prolatum
1739 2249 1882 2302 fuerit,
1902 2251 1954 2291 de
1975 2253 2066 2293 eius

1214 2307 1394 2346 veritate
1424 2306 1609 2346 dubitari
1643 2306 1770 2346 licere
1797 2307 2066 2350 arbitremur.

1216 2361 1304 2402 Nec
1344 2375 1444 2403 vero
1486 2361 1553 2401 his
1594 2364 1723 2403 tantis
1764 2362 1972 2406 machinis
2011 2365 2067 2406 ad

1218 2418 1520 2483 explicandum
1542 2419 1682 2459 locum
1704 2431 1812 2484 opus
1834 2418 1931 2465 fuit.
1960 2421 2066 2462 Nam

1216 2465 1291 2518 ὅτι
1332 2475 1579 2529 simpliciter
1619 2484 1684 2516 est
1723 2476 1858 2528 quia.
1899 2477 2066 2532 Quippe

1217 2531 1321 2571 affei
1326 2537 1392 2571 tur
1420 2544 1550 2572 causa
1579 2540 1620 2572 et
1647 2533 1765 2581 ratio
1798 2545 1872 2572 eur
1899 2546 2066 2587 angu-

1217 2596 1299 2628 sta
1321 2594 1483 2628 tantum
1504 2588 1591 2629 via
1615 2601 1668 2628 ex
1690 2590 1782 2628 istis
1806 2588 2064 2631 difficultati·

1217 2646 1296 2684 bus
1319 2644 1500 2684 educere
1522 2644 1729 2695 videatur,
1751 2646 1809 2685 ita
1826 2655 1871 2685 ut
1888 2647 2064 2688 semitae

1217 2701 1330 2740 notio
1373 2700 1413 2739 in
1456 2702 1717 2752 antegressis
1757 2702 1957 2755 primaria
1992 2704 2063 2748 sit.

1214 2755 1320 2796 Nam
1343 2756 1545 2807 quamdin
1567 2757 1731 2797 animus
1754 2770 1850 2797 cum
1870 2757 1952 2799 hoc
1972 2772 2064 2800 cor-

1213 2824 1317 2864 pore
1356 2812 1524 2852 mortali
1565 2813 1791 2866 colligatus
1833 2815 1909 2867 sit,
1952 2828 2061 2856 nuu-

1215 2880 1341 2918 quam
1384 2868 1573 2909 futmum
1615 2882 1710 2911 esse
1738 2871 1973 2923 iudicatui,
2018 2878 2063 2913 ut

1214 2919 1591 2978 ἷκανῶς,5ειιί5,
1620 2927 1760 2967 iusto
1792 2928 1961 2981 modo,
1994 2941 2063 2970 as-

1213 2993 1443 3032 sequamiu
1465 2982 1556 3021 veri
1575 2983 1810 3024 seientiam.
1842 2984 2062 3037 Relinqui-

1212 3046 1280 3076 tui
1320 3038 1449 3090 igitui
1488 3037 1569 3078 hoc
1610 3052 1766 3091 uuum,
1804 3041 1918 3092 quod
1959 3054 2062 3082 sane

1212 3094 1383 3133 arctiori
1413 3094 1539 3134 alicui
1569 3096 1662 3135 viae
1691 3105 1756 3136 est
1784 3097 2059 3150 simillimum,

1213 3157 1259 3190 ιιι
1280 3151 1351 3201 qui
1382 3151 1473 3191 eius
1504 3152 1684 3193 studiosi
1705 3153 1803 3202 sint,
1825 3154 1853 3193 ii
1874 3155 2062 3195 animum

1212 3218 1236 3245 a
1265 3208 1456 3260 corporis
1487 3208 1706 3260 societate,
1737 3218 1940 3259 quantum
1968 3210 2060 3251 fleri

1211 3264 1364 3327 possit.
1395 3271 1619 3305 avocatum
1648 3265 1688 3304 in
1721 3277 1767 3304 se
1797 3266 1998 3320 colligant
2021 3274 2061 3307 et

1210 3321 1291 3359 ista
1332 3321 1494 3360 latione
1534 3321 1635 3362 mori
1678 3321 1857 3362 discant.
1898 3323 2060 3364 Verum

1208 3377 1312 3415 satis
1335 3375 1437 3416 haec
1460 3377 1511 3417 de
1532 3377 1623 3418 loco
1646 3377 1905 3418 subdifficili.
1937 3379 2059 3428 Quod

1208 3444 1308 3472 veio
1338 3445 1411 3473 τοι
1440 3442 1537 3486 post
1557 3427 1843 3475 Κινδυνεύει
1872 3436 2059 3501 inter-po

1208 3489 1333 3528 situm
1367 3497 1449 3537 est,
1492 3490 1535 3530 id
1567 3502 1648 3540 quo
1680 3503 1809 3531 sensu
1845 3493 2054 3546 accipien-
