2158 3718
327 2 372 16 ηψπ
389 3 395 7 ·
407 4 422 16 a,
434 7 435 10 ¹
449 12 469 23 *A
479 20 484 24 ἡ
493 0 872 39 τἛτνΜψξςηςτῗΓῆξ-ρκὶ
883 0 944 22 *.¹}¹*‘,'
971 0 1045 21 ..Ἃ-,λῳ
1056 0 1085 18 j''¹
1103 1 1107 4 .

326 35 334 46 ,
363 25 393 36 w
458 23 494 49 .·,.;ῑ
611 22 710 54 1³:25³-
759 24 814 50 ,ηπ
861 44 863 46 ,
1001 27 1004 30 ’
1038 27 1059 43 =.

759 176 834 220 AD
867 175 1289 221 PHAEDONEM.
1846 171 1915 226 49

283 321 439 385 Atque
464 321 539 371 his
564 321 626 370 ita
655 323 886 386 expositis
912 323 1111 372 tandem
1137 320 1386 371 acceditur
1412 320 1469 369 ad
1498 318 1779 370 ultimum
1804 321 1881 368 im
1898 348 1915 357 -

142 391 553 442 mortalitatis
614 391 1120 457 argumentum1),
1182 392 1310 457 quod
1372 391 1629 456 superiore
1688 405 1915 440 sermone

141 467 389 526 tamquam
425 468 769 528 praeparatum
808 469 896 512 est.
949 465 1208 514 Ducitur
1243 462 1443 526 igitur
1479 461 1633 511 illud
1674 477 1746 512 ex
1781 462 1916 510 idea

140 534 302 582 vitae
328 535 527 583 animo
556 535 815 598 propria
842 536 904 583 ita
933 534 1154 599 quidem,
1183 538 1236 583 ut
1262 533 1617 596 argumentatio
1645 532 1915 582 secundum

139 604 436 667 principium
466 605 864 655 contradictionis
891 611 994 655 tum
1021 610 1184 655 rectae
1210 610 1314 653 tum
1342 602 1584 668 obliquae,
1614 603 1744 668 quod
1772 603 1916 651 hodie

140 672 378 723 dialectici
414 674 685 739 appellant,
726 676 1022 726 instituatur.
1087 675 1328 725 Probatur
1373 675 1501 723 enim
1546 675 1761 723 animum
1805 673 1915 722 ideo

140 758 247 793 esse
273 744 599 795 immortalem
628 752 771 810 atque
800 748 959 795 omnis
984 747 1208 796 interitus
1236 750 1511 810 expertem,
1542 747 1652 808 quia
1680 739 1742 794 τὸ
1771 736 1918 802 εἶδος

138 815 308 878 ipsiuS‚
338 815 433 864 hoc
461 823 533 865 est
557 818 662 881 ipsa
690 818 838 866 animi
864 819 934 866 vis
962 823 1009 867 et
1035 822 1207 867 natura
1234 833 1323 881 per
1346 831 1397 865 se
1425 816 1731 865 considerata
1756 814 1916 864 ideam

137 886 262 934 vitae
299 887 351 934 in
386 901 438 935 se
475 887 709 936 inclusam
744 893 934 944 teneat,
978 887 1373 952 quandoquidem
1401 887 1563 936 omnia
1590 887 1687 936 sint
1713 887 1758 934 vi
1784 885 1915 934 idea-

142 971 254 1004 rum
282 955 330 1004 id
358 957 533 1021 ipsum,
564 958 693 1022 quod
722 959 832 1007 sint.
873 958 1029 1016 Quam
1057 958 1256 1021 quidem
1284 958 1664 1021 disputationem
1692 962 1745 1005 ut
1770 956 1916 1021 plane

137 1026 503 1091 intellegamuS,
549 1029 830 1078 meminisse
867 1027 1053 1077 iuvabit
1086 1027 1339 1077 Platonem
1374 1026 1508 1076 ideas
1544 1041 1655 1076 suas
1690 1041 1789 1076 non
1833 1042 1916 1075 von

138 1096 284 1146 luisse
311 1113 474 1148 meras
501 1113 608 1148 esse
636 1100 811 1149 mentis
836 1100 1087 1155 notiones,
1128 1098 1213 1147 sed
1242 1099 1431 1162 species
1466 1113 1635 1147 rerum
1672 1095 1918 1146 absolutas

138 1182 334 1217 omnem
363 1184 532 1218 earum
553 1170 647 1218 vim
677 1166 927 1220 aeternam
953 1171 1002 1218 in
1028 1186 1081 1220 se
1108 1169 1415 1219 continentes
1443 1174 1491 1218 et
1515 1174 1689 1218 natura
1717 1167 1916 1233 quidem

137 1253 224 1287 sua
258 1245 535 1290 constantes
574 1246 621 1289 et
655 1239 1007 1297 immutabiles,
1047 1241 1132 1290 sed
1171 1240 1365 1290 easdem
1403 1255 1514 1288 cum
1559 1240 1686 1289 inter
1723 1253 1778 1288 se
1814 1244 1917 1287 tum

140 1324 250 1358 cum
279 1309 429 1361 rebus
456 1311 871 1375 adspectabilibus
899 1311 1069 1361 eadem
1096 1311 1458 1360 necessitudine
1485 1311 1789 1366 coniunctaS,
1823 1323 1918 1374 qua

138 1381 359 1431 notiones
394 1396 630 1445 generum
669 1388 715 1431 et
752 1382 1023 1431 formarum
1057 1384 1209 1431 menti
1234 1382 1477 1431 humanae
1504 1381 1685 1430 inditae
1709 1381 1839 1428 inter
1866 1394 1918 1428 se

128 1452 427 1507 ,coniunctae
463 1458 589 1502 sunt.
644 1453 906 1503 Enimvero
942 1455 1176 1517 spectavit
1219 1451 1299 1502 ille
1337 1453 1470 1501 ideas
1509 1458 1558 1501 et
1594 1451 1832 1515 λογικῶς
1870 1455 1919 1500 et

137 1524 549 1588 μεταφυσικῶς,
588 1524 981 1589 quandoquidem
1011 1523 1315 1573 Socraticam
1347 1523 1526 1572 mentis
1552 1524 1807 1572 notionum
1836 1536 1917 1570 ex·

137 1591 463 1657 plorationem
495 1610 603 1643 cum
634 1602 747 1644 ente
774 1594 1102 1644 Eleaticorum
1140 1599 1186 1643 et
1219 1593 1390 1658 rigidis
1417 1594 1728 1657 immotisque
1754 1591 1917 1655 Mega-

135 1664 352 1713 ricorum
387 1665 511 1714 ideis
549 1666 667 1714 scite
693 1666 741 1714 in
769 1681 921 1715 unum
950 1667 1214 1715 coniunxit.
1267 1664 1421 1723 Quam
1450 1664 1700 1713 doctrinae
1727 1668 1920 1727 partem

137 1733 380 1784 subtiliter
396 1735 661 1786 illustravit
685 1738 736 1785 in
763 1736 1004 1800 Sophista,
1032 1734 1234 1785 Politico
1263 1740 1309 1784 et
1334 1734 1627 1784 Parmenide
1646 1774 1656 1791 ,
1697 1735 1780 1799 qui
1806 1732 1920 1781 libri

138 1806 243 1855 sine
286 1805 382 1855 ulla
429 1808 760 1857 controversia
805 1807 1115 1857 existimandi
1160 1812 1271 1856 sunt
1305 1806 1398 1855 iam
1449 1811 1560 1854 ante
1599 1804 1917 1855 Phaedonem

139 1875 312 1926 litteris
339 1879 608 1942 consignati
635 1894 754 1928 esse.
1359 1876 1362 1879 ⁴

276 1949 751 2011 Argumentatio
824 1957 1009 2007 autem,
1073 1963 1185 2013 qua
1249 1961 1410 1996 nunc
1471 1944 1921 1995 immortalitas

138 2019 480 2068 animorum
519 2019 953 2078 confirmatur,
1003 2025 1356 2068 nostrorum
1390 2032 1616 2066 morem
1671 2016 1771 2066 ubi
1822 2031 1921 2066 se-

138 2090 410 2153 quimur,
451 2089 566 2140 huc
593 2090 727 2140 fere
753 2088 930 2141 re'dit.
982 2090 1214 2140 Notiones
1251 2088 1629 2138 contradictorie
1666 2088 1920 2152 oppositae

138 2174 246 2208 sese
275 2161 480 2210 invicem
508 2160 789 2210 excludunt.
842 2161 940 2210 Iam
979 2176 1094 2210 vero
1131 2162 1223 2210 vita
1263 2167 1311 2208 et
1347 2175 1481 2208 mors
1513 2158 1697 2208 habent
1723 2159 1921 2223 opposi-

138 2231 320 2280 tionem
347 2231 790 2280 contradictoriam.
851 2232 980 2295 Ergo
1008 2232 1099 2280 vita
1139 2236 1185 2280 et
1211 2244 1346 2279 mors
1372 2245 1480 2279 sese
1508 2228 1775 2278 excludunt
1799 2229 1920 2276 invi-

140 2316 262 2350 cem.
317 2300 457 2358 Quod
496 2308 657 2351 tamen
693 2302 961 2352 secundum
998 2301 1213 2351 Platonis
1247 2301 1490 2349 rationem
1528 2300 1590 2348 ita
1629 2304 1703 2349 est
1728 2297 1920 2348 intelle-

138 2371 379 2434 gendum,
417 2378 471 2422 ut
496 2374 620 2422 vitae
657 2379 703 2422 et
731 2374 903 2422 mortis
930 2374 1153 2421 notiones
1180 2386 1270 2434 pro
1298 2371 1419 2420 ideis
1445 2371 1494 2419 h.
1523 2386 1563 2419 e.
1592 2371 1781 2419 naturis
1806 2384 1922 2418 vera

141 2444 352 2492 essentia
380 2443 614 2506 praeditis
650 2445 966 2508 accipiantur.
1023 2443 1149 2492 Huic
1175 2457 1289 2491 vero
1316 2441 1676 2490 ratiocinationi
1702 2440 1921 2504 adiungi-

139 2519 221 2563 tur
257 2514 491 2563 continuo
528 2513 679 2563 altera
719 2529 873 2579 eaque
909 2515 1053 2563 haec:
1107 2514 1264 2562 Etiam
1300 2513 1489 2561 formae
1525 2511 1741 2576 (species
1777 2509 1921 2574 vulgo

141 2584 405 2649 appellant)
447 2586 616 2650 generi
643 2584 813 2642 alicui,
852 2585 985 2650 quod
1013 2583 1161 2633 habet
1189 2582 1618 2632 contradictoriam
1656 2581 1921 2646 oppositio-

144 2669 274 2713 nem,
302 2654 551 2704 subiectae
578 2671 676 2704 non
704 2655 868 2705 ferunt
891 2656 967 2704 vel
994 2656 1267 2719 suscipiunt
1294 2654 1489 2717 generis
1516 2654 1591 2701 sui
1616 2652 1773 2701 ideam
1805 2666 1919 2700 con-

143 2727 343 2775 trariam
386 2726 435 2774 h.
474 2743 513 2775 e.
558 2727 747 2776 formae
790 2727 889 2776 sive
934 2726 1124 2791 species
1167 2727 1427 2774 notionum
1474 2723 1778 2787 generalium
1821 2736 1922 2770 non

142 2796 389 2860 recipiunt
414 2803 553 2848 notas
580 2799 679 2847 suis
707 2796 972 2861 generibus
999 2796 1288 2845 contrarias,
1342 2795 1442 2844 lam
1471 2809 1585 2843 vero
1614 2795 1765 2843 animi
1790 2793 1922 2841 notio

143 2865 362 2915 subiecta
393 2873 463 2915 est
491 2869 677 2916 notioni
704 2870 804 2916 sive
832 2869 967 2917 ideae
994 2869 1134 2925 vitae,
1164 2865 1560 2931 quandoquidem
1590 2864 1671 2913 illa
1699 2866 1801 2913 sine
1827 2863 1920 2912 hac

145 2938 346 3000 cogitari
392 2953 490 2986 non
535 2944 695 3001 potest
734 2938 779 2986 h.
817 2955 857 2988 e.
904 2940 1016 3003 quia
1052 2939 1241 2988 animus
1279 2943 1352 2987 est
1385 2937 1502 2992 vita,
1539 2937 1602 2984 ita
1641 2941 1694 2984 ut
1729 2933 1799 2983 illi
1828 2934 1923 2982 vita

144 3008 410 3072 praedicati
439 3007 547 3057 loco
575 3008 887 3059 attribuenda
913 3012 986 3058 sit.
1041 3009 1273 3072 Sequitur
1300 3008 1461 3069 igitur,
1493 3012 1547 3055 ut
1572 3007 1761 3055 animus
1787 3019 1920 3053 mor-

144 3079 205 3126 tis
240 3079 490 3128 notionem
529 3079 642 3140 (vim
680 3086 726 3128 et
760 3079 999 3144 naturam)
1038 3094 1243 3143 prorsus
1280 3076 1522 3127 excludat.
1584 3077 1670 3125 His
1706 3091 1821 3124 vero
1862 3076 1924 3122 ita

146 3149 388 3199 conclusis
423 3149 668 3197 adduntur
703 3149 938 3213 denique,
979 3164 1102 3213 quae
1144 3150 1205 3198 ad
1234 3147 1580 3198 absolvendam
1609 3151 1923 3210 argumenta—

146 3220 330 3270 tionem
370 3219 439 3269 vel
489 3219 751 3268 verborum
797 3235 940 3270 causa
985 3222 1083 3269 visa
1130 3227 1243 3269 sunt
1285 3219 1580 3268 necessaria.
1635 3216 1922 3266 Ostenditur

149 3292 280 3340 enim
317 3291 469 3340 acutis
514 3289 923 3339 conclusiunculis
967 3305 1056 3356 per
1100 3292 1301 3340 soritem
1348 3287 1666 3338 accumulatis
1708 3288 1922 3351 primum

149 3361 345 3425 quidem
379 3362 596 3410 animum
631 3365 799 3423 utpote
836 3363 1008 3410 mortis
1035 3366 1289 3426 expertem
1314 3362 1432 3412 item
1461 3374 1568 3408 esse
1592 3355 1922 3407 immortalem

268 3518 308 3569 1)
342 3516 454 3570 Cap.
487 3517 719 3569 L-LVI.‚
751 3530 858 3570 pag.
894 3519 971 3559 102
994 3517 1031 3557 A
1053 3539 1107 3547 --
1131 3517 1210 3558 107
1232 3516 1284 3561 Β.

241 3600 370 3629 PLAT.
405 3600 575 3630 ΡΠΑΕΙ).
1556 3581 1590 3634 4
