<?xml version="1.0" encoding="UTF-8"?>
<!DOCTYPE html PUBLIC "-//W3C//DTD XHTML 1.0 Transitional//EN"
    "http://www.w3.org/TR/xhtml1/DTD/xhtml1-transitional.dtd">
<html xmlns="http://www.w3.org/1999/xhtml" xml:lang="en" lang="en">
 <head>
  <title>
</title>
<meta http-equiv="Content-Type" content="text/html;charset=utf-8" />
  <meta name='ocr-system' content='tesseract 3.04.00' />
  <meta name='ocr-capabilities' content='ocr_page ocr_carea ocr_par ocr_line ocrx_word'/>
</head>
<body>
  <div class='ocr_page' id='page_1' title='image "./operaomniarecens01platuoft/operaomniarecens01platuoft_0201.png"; bbox 0 0 2158 3718; ppageno 0'>
   <div class='ocr_carea' id='block_1_1' title="bbox 158 143 1867 1301">
    <p class='ocr_par' dir='ltr' id='par_1_1' title="bbox 159 143 1855 463">
     <span class='ocr_line' id='line_1_1' title="bbox 399 143 1855 201; baseline -0.001 -1"><span class='ocrx_word' id='word_1_1' title='bbox 399 145 813 200; x_wconf 83' lang='lat' dir='ltr'><strong>APOLOGIA</strong></span> <span class='ocrx_word' id='word_1_2' title='bbox 853 143 1257 200; x_wconf 72' lang='lat' dir='ltr'><strong>SOCRATIS.</strong></span> <span class='ocrx_word' id='word_1_3' title='bbox 1302 146 1364 197; x_wconf 85' lang='lat' dir='ltr'><strong>P.</strong></span> <span class='ocrx_word' id='word_1_4' title='bbox 1405 148 1488 201; x_wconf 86' lang='lat'><strong>31.</strong></span> <span class='ocrx_word' id='word_1_5' title='bbox 1529 145 1610 200; x_wconf 83' lang='lat' dir='ltr'><strong>St.</strong></span> <span class='ocrx_word' id='word_1_6' title='bbox 1756 148 1855 199; x_wconf 83' lang='grc'>123</span> 
     </span>
     <span class='ocr_line' id='line_1_2' title="bbox 159 302 1854 381; baseline -0.002 -19"><span class='ocrx_word' id='word_1_7' title='bbox 159 305 481 380; x_wconf 71' lang='grc' dir='ltr'><em>ἐπραξάμην</em></span> <span class='ocrx_word' id='word_1_8' title='bbox 525 305 742 377; x_wconf 75' lang='grc' dir='ltr'>μισθὸν</span> <span class='ocrx_word' id='word_1_9' title='bbox 787 302 820 371; x_wconf 80' lang='grc' dir='ltr'>ἢ</span> <span class='ocrx_word' id='word_1_10' title='bbox 870 302 1064 381; x_wconf 68' lang='grc' dir='ltr'>ᾔτησα.</span> <span class='ocrx_word' id='word_1_11' title='bbox 1127 302 1322 360; x_wconf 86' lang='grc' dir='ltr'>ἱκανὸν</span> <span class='ocrx_word' id='word_1_12' title='bbox 1367 303 1491 376; x_wconf 70' lang='grc' dir='ltr'>γάρ,</span> <span class='ocrx_word' id='word_1_13' title='bbox 1539 305 1709 375; x_wconf 81' lang='grc' dir='ltr'>οἶμαι,</span> <span class='ocrx_word' id='word_1_14' title='bbox 1753 302 1854 372; x_wconf 75' lang='grc' dir='ltr'>ἐγώ</span> 
     </span>
     <span class='ocr_line' id='line_1_3' title="bbox 159 385 1855 463; baseline -0.004 -17"><span class='ocrx_word' id='word_1_15' title='bbox 159 396 468 463; x_wconf 79' lang='grc' dir='ltr'><strong><em>παρέχομαι</em></strong></span> <span class='ocrx_word' id='word_1_16' title='bbox 514 389 612 444; x_wconf 83' lang='grc' dir='ltr'>τὸν</span> <span class='ocrx_word' id='word_1_17' title='bbox 655 388 930 460; x_wconf 85' lang='grc' dir='ltr'>μα’ρτυρα,</span> <span class='ocrx_word' id='word_1_18' title='bbox 974 387 1046 451; x_wconf 82' lang='grc' dir='ltr'>ὡς</span> <span class='ocrx_word' id='word_1_19' title='bbox 1088 385 1286 462; x_wconf 71' lang='grc' dir='ltr'><em>ἀληθῆ</em></span> <span class='ocrx_word' id='word_1_20' title='bbox 1318 391 1465 458; x_wconf 69' lang='grc' dir='ltr'><em>λέγω,</em></span> <span class='ocrx_word' id='word_1_21' title='bbox 1512 386 1613 456; x_wconf 83' lang='grc' dir='ltr'>τὴν</span> <span class='ocrx_word' id='word_1_22' title='bbox 1644 393 1855 443; x_wconf 78' lang='grc' dir='ltr'><strong><em>πενίαν.</em></strong></span> 
     </span>
    </p>

    <p class='ocr_par' dir='ltr' id='par_1_2' title="bbox 158 463 1866 1301">
     <span class='ocr_line' id='line_1_4' title="bbox 288 463 1858 547; baseline -0.001 -19"><span class='ocrx_word' id='word_1_23' title='bbox 288 472 426 547; x_wconf 80' lang='lat' dir='ltr'><strong>Cap.</strong></span> <span class='ocrx_word' id='word_1_24' title='bbox 491 470 660 528; x_wconf 75' lang='lat' dir='ltr'><strong>XIX.</strong></span> <span class='ocrx_word' id='word_1_25' title='bbox 733 473 888 536; x_wconf 78' lang='grc' dir='ltr'><em>’Ἰσως</em></span> <span class='ocrx_word' id='word_1_26' title='bbox 930 469 1002 526; x_wconf 77' lang='grc' dir='ltr'>ἂν</span> <span class='ocrx_word' id='word_1_27' title='bbox 1052 463 1152 526; x_wconf 80' lang='grc' dir='ltr'>οὖν</span> <span class='ocrx_word' id='word_1_28' title='bbox 1198 472 1401 539; x_wconf 77' lang='grc' dir='ltr'>δόξειεν</span> <span class='ocrx_word' id='word_1_29' title='bbox 1439 469 1657 528; x_wconf 77' lang='grc' dir='ltr'>ἄτοπον</span> <span class='ocrx_word' id='word_1_30' title='bbox 1702 472 1858 534; x_wconf 86' lang='grc' dir='ltr'>εἶναι,</span> 
     </span>
     <span class='ocr_line' id='line_1_5' title="bbox 158 554 1860 627; baseline -0.003 -13"><span class='ocrx_word' id='word_1_31' title='bbox 158 556 247 615; x_wconf 84' lang='grc' dir='ltr'>ὅτι</span> <span class='ocrx_word' id='word_1_32' title='bbox 290 558 355 624; x_wconf 86' lang='grc' dir='ltr'>δὴ</span> <span class='ocrx_word' id='word_1_33' title='bbox 401 556 501 626; x_wconf 75' lang='grc' dir='ltr'>ἐγώ</span> <span class='ocrx_word' id='word_1_34' title='bbox 548 561 660 627; x_wconf 76' lang='grc' dir='ltr'><em>ἰδίᾳ</em></span> <span class='ocrx_word' id='word_1_35' title='bbox 720 562 820 627; x_wconf 79' lang='grc' dir='ltr'>μὲν</span> <span class='ocrx_word' id='word_1_36' title='bbox 873 560 1047 611; x_wconf 85' lang='grc' dir='ltr'>ταῦτα</span> <span class='ocrx_word' id='word_1_37' title='bbox 1087 556 1435 626; x_wconf 75' lang='grc' dir='ltr'><em>ξυμβουλεύω</em></span> <span class='ocrx_word' id='word_1_38' title='bbox 1503 554 1725 626; x_wconf 76' lang='grc' dir='ltr'>περιιών</span> <span class='ocrx_word' id='word_1_39' title='bbox 1769 563 1860 611; x_wconf 81' lang='grc' dir='ltr'>και</span> 
     </span>
     <span class='ocr_line' id='line_1_6' title="bbox 158 638 1861 713; baseline -0.001 -17"><span class='ocrx_word' id='word_1_40' title='bbox 158 645 655 711; x_wconf 53' lang='grc' dir='ltr'>πολυπραγμονῶν,</span> <span class='ocrx_word' id='word_1_41' title='bbox 699 645 935 713; x_wconf 75' lang='grc' dir='ltr'>ὁημοσιᾳ</span> <span class='ocrx_word' id='word_1_42' title='bbox 980 643 1034 695; x_wconf 77' lang='grc' dir='ltr'>δὲ</span> <span class='ocrx_word' id='word_1_43' title='bbox 1084 638 1149 695; x_wconf 81' lang='grc' dir='ltr'>οὐ</span> <span class='ocrx_word' id='word_1_44' title='bbox 1192 644 1375 711; x_wconf 80' lang='grc' dir='ltr'>τολμῶ</span> <span class='ocrx_word' id='word_1_45' title='bbox 1420 640 1744 711; x_wconf 79' lang='grc' dir='ltr'>ἀναβαίνων</span> <span class='ocrx_word' id='word_1_46' title='bbox 1788 646 1861 704; x_wconf 84' lang='grc' dir='ltr'>εις</span> 
     </span>
     <span class='ocr_line' id='line_1_7' title="bbox 158 722 1863 830; baseline -0.002 -49"><span class='ocrx_word' id='word_1_47' title='bbox 158 723 221 781; x_wconf 85' lang='grc' dir='ltr'>τὸ</span> <span class='ocrx_word' id='word_1_48' title='bbox 269 729 496 830; x_wconf 66' lang='grc' dir='ltr'>πλῆθος</span> <span class='ocrx_word' id='word_1_49' title='bbox 541 723 603 780; x_wconf 86' lang='grc' dir='ltr'>τὸ</span> <span class='ocrx_word' id='word_1_50' title='bbox 645 724 907 797; x_wconf 78' lang='grc' dir='ltr'>ὑμέτερον</span> <span class='ocrx_word' id='word_1_51' title='bbox 948 722 1333 796; x_wconf 77' lang='grc' dir='ltr'>ξυμβουλεύειν</span> <span class='ocrx_word' id='word_1_52' title='bbox 1380 728 1440 802; x_wconf 82' lang='grc' dir='ltr'>τῆ</span> <span class='ocrx_word' id='word_1_53' title='bbox 1478 728 1655 781; x_wconf 81' lang='grc' dir='ltr'>πόλει.</span> <span class='ocrx_word' id='word_1_54' title='bbox 1715 724 1863 779; x_wconf 79' lang='grc' dir='ltr'>Ἰού-</span> 
     </span>
     <span class='ocr_line' id='line_1_8' title="bbox 161 807 1862 880; baseline -0.001 -17"><span class='ocrx_word' id='word_1_55' title='bbox 161 831 261 866; x_wconf 86' lang='grc' dir='ltr'>τυυ</span> <span class='ocrx_word' id='word_1_56' title='bbox 304 813 359 864; x_wconf 76' lang='grc' dir='ltr'>δὲ</span> <span class='ocrx_word' id='word_1_57' title='bbox 406 810 590 865; x_wconf 76' lang='grc' dir='ltr'>αἴτιόν</span> <span class='ocrx_word' id='word_1_58' title='bbox 636 809 783 865; x_wconf 67' lang='grc' dir='ltr'>ἐστιν</span> <span class='ocrx_word' id='word_1_59' title='bbox 829 807 859 864; x_wconf 81' lang='grc' dir='ltr'>ὃ</span> <span class='ocrx_word' id='word_1_60' title='bbox 907 808 1058 880; x_wconf 81' lang='grc' dir='ltr'><em>ὑμεῖς</em></span> <span class='ocrx_word' id='word_1_61' title='bbox 1102 807 1235 879; x_wconf 77' lang='grc' dir='ltr'>ἐμοῦ</span> <span class='ocrx_word' id='word_1_62' title='bbox 1284 810 1543 874; x_wconf 78' lang='grc' dir='ltr'>πολλάκις</span> <span class='ocrx_word' id='word_1_63' title='bbox 1585 809 1862 876; x_wconf 81' lang='grc' dir='ltr'><em>ἀκηκόατε</em></span> 
     </span>
     <span class='ocr_line' id='line_1_9' title="bbox 159 891 1860 965; baseline -0.002 -16"><span class='ocrx_word' id='word_1_64' title='bbox 159 897 440 965; x_wconf 85' lang='grc' dir='ltr'>πολλαχοῦ</span> <span class='ocrx_word' id='word_1_65' title='bbox 485 899 770 963; x_wconf 61' lang='grc' dir='ltr'>λέὶοντος,</span> <span class='ocrx_word' id='word_1_66' title='bbox 829 891 918 948; x_wconf 83' lang='grc' dir='ltr'>ὅτι</span> <span class='ocrx_word' id='word_1_67' title='bbox 962 916 1055 962; x_wconf 83' lang='grc' dir='ltr'>μοι</span> <span class='ocrx_word' id='word_1_68' title='bbox 1118 892 1282 947; x_wconf 75' lang='grc' dir='ltr'>θεῖόν</span> <span class='ocrx_word' id='word_1_69' title='bbox 1335 916 1387 948; x_wconf 87' lang='grc' dir='ltr'>τι</span> <span class='ocrx_word' id='word_1_70' title='bbox 1433 898 1522 948; x_wconf 86' lang='grc' dir='ltr'>καὶ</span> <span class='ocrx_word' id='word_1_71' title='bbox 1571 893 1860 965; x_wconf 85' lang='grc' dir='ltr'>δαιμόνιον</span> 
     </span>
     <span class='ocr_line' id='line_1_10' title="bbox 159 973 1864 1056; baseline -0.003 -24"><span class='ocrx_word' id='word_1_72' title='bbox 159 983 245 1048; x_wconf 73' lang='grc' dir='ltr'>γί)</span> <span class='ocrx_word' id='word_1_73' title='bbox 251 1000 399 1032; x_wconf 83' lang='grc' dir='ltr'>νεται</span> <span class='ocrx_word' id='word_1_74' title='bbox 446 973 677 1056; x_wconf 53' lang='grc' dir='ltr'>[φωνη-ἸΡ</span> <span class='ocrx_word' id='word_1_75' title='bbox 726 976 754 1032; x_wconf 87' lang='grc' dir='ltr'><em>ὃ</em></span> <span class='ocrx_word' id='word_1_76' title='bbox 802 976 868 1043; x_wconf 80' lang='grc' dir='ltr'>δὴ</span> <span class='ocrx_word' id='word_1_77' title='bbox 915 980 1005 1031; x_wconf 82' lang='grc' dir='ltr'>καὶ</span> <span class='ocrx_word' id='word_1_78' title='bbox 1056 975 1124 1031; x_wconf 73' lang='grc' dir='ltr'>ἐν’</span> <span class='ocrx_word' id='word_1_79' title='bbox 1159 979 1223 1052; x_wconf 75' lang='grc' dir='ltr'>τῇ</span> <span class='ocrx_word' id='word_1_80' title='bbox 1268 980 1456 1053; x_wconf 75' lang='grc' dir='ltr'>γραφῇ</span> <span class='ocrx_word' id='word_1_81' title='bbox 1498 977 1864 1050; x_wconf 76' lang='grc' dir='ltr'>ὲπικωμῳδῶν</span> 
     </span>
     <span class='ocr_line' id='line_1_11' title="bbox 163 1058 1867 1137; baseline -0.001 -19"><span class='ocrx_word' id='word_1_82' title='bbox 163 1065 423 1130; x_wconf 79' lang='grc' dir='ltr'><strong><em>Μέλητος</em></strong></span> <span class='ocrx_word' id='word_1_83' title='bbox 478 1060 785 1137; x_wconf 73' lang='grc' dir='ltr'>ὲ)ροὶψατο.</span> <span class='ocrx_word' id='word_1_84' title='bbox 855 1059 974 1130; x_wconf 69' lang='grc' dir='ltr'>ἐμοὶ</span> <span class='ocrx_word' id='word_1_85' title='bbox 1020 1063 1075 1114; x_wconf 78' lang='grc' dir='ltr'>δὲ</span> <span class='ocrx_word' id='word_1_86' title='bbox 1135 1059 1284 1114; x_wconf 83' lang='grc' dir='ltr'>τοῦτ’</span> <span class='ocrx_word' id='word_1_87' title='bbox 1349 1059 1498 1116; x_wconf 71' lang='grc' dir='ltr'>ἐστὶν</span> <span class='ocrx_word' id='word_1_88' title='bbox 1557 1060 1613 1116; x_wconf 76' lang='grc' dir='ltr'>ὲκ</span> <span class='ocrx_word' id='word_1_89' title='bbox 1669 1058 1867 1123; x_wconf 76' lang='grc' dir='ltr'>παιδὸς</span> 
     </span>
     <span class='ocr_line' id='line_1_12' title="bbox 158 1141 1864 1219; baseline -0.001 -19"><span class='ocrx_word' id='word_1_90' title='bbox 158 1145 486 1216; x_wconf 74' lang='grc' dir='ltr'>ἀρξάμενον,</span> <span class='ocrx_word' id='word_1_91' title='bbox 531 1144 691 1219; x_wconf 81' lang='grc' dir='ltr'>φωνή</span> <span class='ocrx_word' id='word_1_92' title='bbox 742 1166 823 1208; x_wconf 86' lang='grc' dir='ltr'>τις</span> <span class='ocrx_word' id='word_1_93' title='bbox 864 1149 1172 1215; x_wconf 77' lang='grc' dir='ltr'>γιγνομένη,</span> <span class='ocrx_word' id='word_1_94' title='bbox 1220 1141 1252 1210; x_wconf 78' lang='grc' dir='ltr'>ἢ</span> <span class='ocrx_word' id='word_1_95' title='bbox 1298 1142 1439 1200; x_wconf 86' lang='grc' dir='ltr'>ὅταν</span> <span class='ocrx_word' id='word_1_96' title='bbox 1482 1152 1733 1213; x_wconf 43' lang='grc' dir='ltr'>,ἐντί-ται,</span> <span class='ocrx_word' id='word_1_97' title='bbox 1780 1167 1864 1199; x_wconf 85' lang='grc' dir='ltr'>αει</span> 
     </span>
     <span class='ocr_line' id='line_1_13' title="bbox 158 1225 1866 1301; baseline -0.001 -17"><span class='ocrx_word' id='word_1_98' title='bbox 158 1228 457 1301; x_wconf 77' lang='grc' dir='ltr'>ἀποτρέπει</span> <span class='ocrx_word' id='word_1_99' title='bbox 502 1251 567 1300; x_wconf 79' lang='grc' dir='ltr'>με</span> <span class='ocrx_word' id='word_1_100' title='bbox 612 1229 838 1294; x_wconf 83' lang='grc' dir='ltr'>τούτου,</span> <span class='ocrx_word' id='word_1_101' title='bbox 882 1225 911 1283; x_wconf 83' lang='grc' dir='ltr'><em>ὃ</em></span> <span class='ocrx_word' id='word_1_102' title='bbox 943 1227 1015 1282; x_wconf 79' lang='grc' dir='ltr'>ἂν</span> <span class='ocrx_word' id='word_1_103' title='bbox 1047 1232 1219 1299; x_wconf 80' lang='grc' dir='ltr'><em>μέλλω</em></span> <span class='ocrx_word' id='word_1_104' title='bbox 1256 1250 1534 1299; x_wconf 79' lang='grc' dir='ltr'>πραττειν,</span> <span class='ocrx_word' id='word_1_105' title='bbox 1574 1236 1866 1300; x_wconf 76' lang='grc' dir='ltr'>προτρέπει</span> 
     </span>
    </p>
   </div>
   <div class='ocr_carea' id='block_1_2' title="bbox 159 1393 1868 2083">
    <p class='ocr_par' dir='ltr' id='par_1_3' title="bbox 161 1393 1867 1508">
     <span class='ocr_line' id='line_1_14' title="bbox 162 1393 1867 1452; baseline -0.001 -15"><span class='ocrx_word' id='word_1_106' title='bbox 162 1402 204 1437; x_wconf 81' lang='lat' dir='ltr'>et</span> <span class='ocrx_word' id='word_1_107' title='bbox 247 1396 315 1437; x_wconf 79' lang='lat' dir='ltr'>alii</span> <span class='ocrx_word' id='word_1_108' title='bbox 355 1395 524 1448; x_wconf 87' lang='lat' dir='ltr'>quidam</span> <span class='ocrx_word' id='word_1_109' title='bbox 567 1395 928 1448; x_wconf 70' lang='grc' dir='ltr'>πολυπραγμονῶ.</span> <span class='ocrx_word' id='word_1_110' title='bbox 991 1393 1077 1434; x_wconf 69' lang='lat' dir='ltr'>Sed</span> <span class='ocrx_word' id='word_1_111' title='bbox 1121 1407 1264 1435; x_wconf 63' lang='lat' dir='ltr'>serum</span> <span class='ocrx_word' id='word_1_112' title='bbox 1299 1409 1396 1436; x_wconf 85' lang='lat' dir='ltr'>esse</span> <span class='ocrx_word' id='word_1_113' title='bbox 1428 1396 1720 1452; x_wconf 72' lang='lat' dir='ltr'>participium</span> <span class='ocrx_word' id='word_1_114' title='bbox 1731 1408 1783 1436; x_wconf 85' lang='lat' dir='ltr'>ex</span> <span class='ocrx_word' id='word_1_115' title='bbox 1816 1409 1867 1436; x_wconf 89' lang='lat' dir='ltr'>eo</span> 
     </span>
     <span class='ocr_line' id='line_1_15' title="bbox 161 1447 1534 1508; baseline -0.001 -14"><span class='ocrx_word' id='word_1_116' title='bbox 161 1458 296 1508; x_wconf 83' lang='lat' dir='ltr'>patet,</span> <span class='ocrx_word' id='word_1_117' title='bbox 327 1453 444 1507; x_wconf 89' lang='lat' dir='ltr'>quod</span> <span class='ocrx_word' id='word_1_118' title='bbox 476 1455 515 1494; x_wconf 89' lang='lat' dir='ltr'>in</span> <span class='ocrx_word' id='word_1_119' title='bbox 547 1467 644 1505; x_wconf 84' lang='lat' dir='ltr'>sqq.</span> <span class='ocrx_word' id='word_1_120' title='bbox 676 1455 815 1493; x_wconf 87' lang='lat' dir='ltr'>solnm</span> <span class='ocrx_word' id='word_1_121' title='bbox 848 1447 1161 1504; x_wconf 76' lang='grc' dir='ltr'>ξυμβουλευειν</span> <span class='ocrx_word' id='word_1_122' title='bbox 1191 1453 1422 1504; x_wconf 80' lang='lat' dir='ltr'>repetitum</span> <span class='ocrx_word' id='word_1_123' title='bbox 1454 1459 1534 1495; x_wconf 90' lang='lat' dir='ltr'>est.</span> 
     </span>
    </p>

    <p class='ocr_par' dir='ltr' id='par_1_4' title="bbox 159 1507 1868 1854">
     <span class='ocr_line' id='line_1_16' title="bbox 278 1507 1867 1565; baseline -0.001 -14"><span class='ocrx_word' id='word_1_124' title='bbox 278 1512 328 1551; x_wconf 88' lang='grc' dir='ltr'>Ι).</span> <span class='ocrx_word' id='word_1_125' title='bbox 387 1510 633 1565; x_wconf 81' lang='grc' dir='ltr'>γίγνεται</span> <span class='ocrx_word' id='word_1_126' title='bbox 677 1509 920 1564; x_wconf 70' lang='grc' dir='ltr'>[φωνήΗ</span> <span class='ocrx_word' id='word_1_127' title='bbox 980 1509 1103 1551; x_wconf 86' lang='lat' dir='ltr'>Istud</span> <span class='ocrx_word' id='word_1_128' title='bbox 1137 1507 1281 1563; x_wconf 85' lang='grc' dir='ltr'>φωνή,</span> <span class='ocrx_word' id='word_1_129' title='bbox 1315 1523 1556 1563; x_wconf 82' lang='lat' dir='ltr'><strong>quanquam</strong></span> <span class='ocrx_word' id='word_1_130' title='bbox 1591 1518 1740 1552; x_wconf 75' lang='lat' dir='ltr'>onines</span> <span class='ocrx_word' id='word_1_131' title='bbox 1771 1511 1867 1550; x_wconf 81' lang='lat' dir='ltr'>libri</span> 
     </span>
     <span class='ocr_line' id='line_1_17' title="bbox 162 1568 1868 1636; baseline -0.001 -26"><span class='ocrx_word' id='word_1_132' title='bbox 162 1569 439 1636; x_wconf 79' lang='lat' dir='ltr'>pertinaciter</span> <span class='ocrx_word' id='word_1_133' title='bbox 468 1574 633 1621; x_wconf 83' lang='lat' dir='ltr'>tenent,</span> <span class='ocrx_word' id='word_1_134' title='bbox 659 1573 803 1610; x_wconf 82' lang='lat' dir='ltr'>tamen</span> <span class='ocrx_word' id='word_1_135' title='bbox 835 1568 946 1609; x_wconf 87' lang='lat' dir='ltr'>adeo</span> <span class='ocrx_word' id='word_1_136' title='bbox 979 1569 1223 1635; x_wconf 82' lang='lat' dir='ltr'>importune</span> <span class='ocrx_word' id='word_1_137' title='bbox 1246 1568 1309 1608; x_wconf 73' lang='lat' dir='ltr'>llic</span> <span class='ocrx_word' id='word_1_138' title='bbox 1340 1569 1554 1610; x_wconf 85' lang='lat' dir='ltr'>intrusum</span> <span class='ocrx_word' id='word_1_139' title='bbox 1587 1576 1667 1619; x_wconf 82' lang='lat' dir='ltr'>est,</span> <span class='ocrx_word' id='word_1_140' title='bbox 1699 1575 1745 1608; x_wconf 88' lang='lat' dir='ltr'>ut</span> <span class='ocrx_word' id='word_1_141' title='bbox 1777 1581 1868 1608; x_wconf 83' lang='lat' dir='ltr'>me-</span> 
     </span>
     <span class='ocr_line' id='line_1_18' title="bbox 163 1625 1866 1678; baseline -0.001 -11"><span class='ocrx_word' id='word_1_142' title='bbox 163 1627 245 1668; x_wconf 88' lang='lat' dir='ltr'>rito</span> <span class='ocrx_word' id='word_1_143' title='bbox 277 1640 300 1667; x_wconf 78' lang='lat' dir='ltr'>u</span> <span class='ocrx_word' id='word_1_144' title='bbox 337 1628 439 1667; x_wconf 83' lang='lat' dir='ltr'>viris</span> <span class='ocrx_word' id='word_1_145' title='bbox 472 1627 612 1667; x_wconf 86' lang='lat' dir='ltr'>doctis</span> <span class='ocrx_word' id='word_1_146' title='bbox 649 1628 687 1667; x_wconf 91' lang='lat' dir='ltr'>in</span> <span class='ocrx_word' id='word_1_147' title='bbox 725 1627 999 1678; x_wconf 81' lang='lat' dir='ltr'>glossematis</span> <span class='ocrx_word' id='word_1_148' title='bbox 1043 1627 1335 1678; x_wconf 74' lang='lat' dir='ltr'>suspicionem</span> <span class='ocrx_word' id='word_1_149' title='bbox 1369 1632 1570 1667; x_wconf 85' lang='lat' dir='ltr'>vocatum</span> <span class='ocrx_word' id='word_1_150' title='bbox 1613 1627 1680 1667; x_wconf 88' lang='lat' dir='ltr'>sit.</span> <span class='ocrx_word' id='word_1_151' title='bbox 1736 1625 1866 1666; x_wconf 82' lang='lat' dir='ltr'>Inve-</span> 
     </span>
     <span class='ocr_line' id='line_1_19' title="bbox 161 1678 1865 1736; baseline -0.002 -11"><span class='ocrx_word' id='word_1_152' title='bbox 161 1689 278 1725; x_wconf 86' lang='lat' dir='ltr'>ctum</span> <span class='ocrx_word' id='word_1_153' title='bbox 311 1689 476 1725; x_wconf 87' lang='lat' dir='ltr'>temere</span> <span class='ocrx_word' id='word_1_154' title='bbox 508 1698 559 1725; x_wconf 75' lang='lat' dir='ltr'>ex</span> <span class='ocrx_word' id='word_1_155' title='bbox 591 1685 956 1736; x_wconf 82' lang='lat' dir='ltr'>consequentibus</span> <span class='ocrx_word' id='word_1_156' title='bbox 989 1689 1066 1724; x_wconf 86' lang='lat' dir='ltr'>est.</span> <span class='ocrx_word' id='word_1_157' title='bbox 1135 1683 1237 1724; x_wconf 82' lang='lat' dir='ltr'>Mox</span> <span class='ocrx_word' id='word_1_158' title='bbox 1270 1678 1496 1736; x_wconf 80' lang='grc' dir='ltr'>ἀποτρέπει</span> <span class='ocrx_word' id='word_1_159' title='bbox 1527 1698 1577 1734; x_wconf 80' lang='grc' dir='ltr'>με</span> <span class='ocrx_word' id='word_1_160' title='bbox 1609 1684 1754 1723; x_wconf 86' lang='grc' dir='ltr'>τοῦτο</span> <span class='ocrx_word' id='word_1_161' title='bbox 1785 1697 1865 1736; x_wconf 81' lang='lat' dir='ltr'>pro</span> 
     </span>
     <span class='ocr_line' id='line_1_20' title="bbox 162 1739 1864 1796; baseline -0.001 -15"><span class='ocrx_word' id='word_1_162' title='bbox 162 1739 342 1782; x_wconf 81' lang='grc' dir='ltr'>τούτου</span> <span class='ocrx_word' id='word_1_163' title='bbox 379 1741 500 1782; x_wconf 87' lang='lat' dir='ltr'>Bodl.</span> <span class='ocrx_word' id='word_1_164' title='bbox 538 1741 659 1784; x_wconf 88' lang='lat' dir='ltr'>Vind.</span> <span class='ocrx_word' id='word_1_165' title='bbox 691 1742 730 1784; x_wconf 89' lang='lat'><strong>1.</strong></span> <span class='ocrx_word' id='word_1_166' title='bbox 765 1741 805 1785; x_wconf 91' lang='grc'>6.</span> <span class='ocrx_word' id='word_1_167' title='bbox 842 1743 939 1784; x_wconf 83' lang='lat' dir='ltr'><strong>Par.</strong></span> <span class='ocrx_word' id='word_1_168' title='bbox 975 1743 1075 1782; x_wconf 91' lang='lat' dir='ltr'><strong>D.S.</strong></span> <span class='ocrx_word' id='word_1_169' title='bbox 1116 1739 1234 1781; x_wconf 87' lang='lat' dir='ltr'>Flor.</span> <span class='ocrx_word' id='word_1_170' title='bbox 1265 1755 1307 1793; x_wconf 82' lang='lat' dir='ltr'>g.</span> <span class='ocrx_word' id='word_1_171' title='bbox 1340 1741 1396 1794; x_wconf 59' lang='lat' dir='ltr'>h„</span> <span class='ocrx_word' id='word_1_172' title='bbox 1429 1749 1474 1783; x_wconf 84' lang='lat' dir='ltr'>et</span> <span class='ocrx_word' id='word_1_173' title='bbox 1504 1755 1567 1796; x_wconf 88' lang='lat' dir='ltr'>pr.</span> <span class='ocrx_word' id='word_1_174' title='bbox 1603 1742 1709 1783; x_wconf 87' lang='lat' dir='ltr'>Ven.</span> <span class='ocrx_word' id='word_1_175' title='bbox 1739 1742 1779 1784; x_wconf 88' lang='lat' dir='ltr'>b.</span> <span class='ocrx_word' id='word_1_176' title='bbox 1812 1741 1864 1782; x_wconf 86' lang='lat' dir='ltr'>ad</span> 
     </span>
     <span class='ocr_line' id='line_1_21' title="bbox 159 1796 1390 1854; baseline -0.001 -13"><span class='ocrx_word' id='word_1_177' title='bbox 159 1798 277 1854; x_wconf 88' lang='lat' dir='ltr'>quod</span> <span class='ocrx_word' id='word_1_178' title='bbox 312 1798 435 1840; x_wconf 80' lang='lat' dir='ltr'><strong>Bodl.</strong></span> <span class='ocrx_word' id='word_1_179' title='bbox 464 1800 506 1839; x_wconf 92' lang='lat' dir='ltr'>in</span> <span class='ocrx_word' id='word_1_180' title='bbox 539 1813 671 1852; x_wconf 85' lang='lat' dir='ltr'>marg.</span> <span class='ocrx_word' id='word_1_181' title='bbox 706 1801 937 1852; x_wconf 82' lang='grc' dir='ltr'>σημείωσαι</span> <span class='ocrx_word' id='word_1_182' title='bbox 968 1797 1035 1839; x_wconf 83' lang='grc' dir='ltr'>διὰ</span> <span class='ocrx_word' id='word_1_183' title='bbox 1067 1796 1143 1853; x_wconf 84' lang='grc' dir='ltr'>τὴν</span> <span class='ocrx_word' id='word_1_184' title='bbox 1175 1796 1390 1850; x_wconf 78' lang='grc' dir='ltr'>σύνταξιν.</span> 
     </span>
    </p>

    <p class='ocr_par' dir='ltr' id='par_1_5' title="bbox 161 1854 1867 2083">
     <span class='ocr_line' id='line_1_22' title="bbox 277 1854 1867 1912; baseline -0.001 -14"><span class='ocrx_word' id='word_1_185' title='bbox 277 1854 570 1912; x_wconf 72' lang='grc' dir='ltr'>παγκάλως</span> <span class='ocrx_word' id='word_1_186' title='bbox 608 1856 665 1911; x_wconf 82' lang='grc' dir='ltr'>γε’</span> <span class='ocrx_word' id='word_1_187' title='bbox 703 1858 816 1910; x_wconf 89' lang='grc' dir='ltr'>μοιΙ]</span> <span class='ocrx_word' id='word_1_188' title='bbox 879 1857 927 1898; x_wconf 86' lang='grc' dir='ltr'>δέ</span> <span class='ocrx_word' id='word_1_189' title='bbox 966 1872 1037 1908; x_wconf 89' lang='grc' dir='ltr'>μοι</span> <span class='ocrx_word' id='word_1_190' title='bbox 1076 1864 1181 1899; x_wconf 84' lang='lat' dir='ltr'>vett.</span> <span class='ocrx_word' id='word_1_191' title='bbox 1221 1857 1340 1901; x_wconf 82' lang='lat' dir='ltr'>editt.</span> <span class='ocrx_word' id='word_1_192' title='bbox 1380 1858 1524 1899; x_wconf 79' lang='lat' dir='ltr'>invitis</span> <span class='ocrx_word' id='word_1_193' title='bbox 1555 1855 1736 1897; x_wconf 86' lang='lat' dir='ltr'>codibus</span> <span class='ocrx_word' id='word_1_194' title='bbox 1776 1855 1867 1896; x_wconf 79' lang='lat' dir='ltr'>fere</span> 
     </span>
     <span class='ocr_line' id='line_1_23' title="bbox 161 1915 372 1957; baseline -0.005 0"><span class='ocrx_word' id='word_1_195' title='bbox 161 1915 372 1957; x_wconf 86' lang='lat' dir='ltr'>omnibus.</span> 
     </span>
     <span class='ocr_line' id='line_1_24' title="bbox 163 2028 966 2083; baseline 0.002 -13"><span class='ocrx_word' id='word_1_196' title='bbox 163 2028 217 2070; x_wconf 77' lang='lat' dir='ltr'>ad</span> <span class='ocrx_word' id='word_1_197' title='bbox 261 2028 441 2070; x_wconf 82' lang='lat' dir='ltr'>isocrat.</span> <span class='ocrx_word' id='word_1_198' title='bbox 487 2044 528 2082; x_wconf 84' lang='lat' dir='ltr'><strong>p.</strong></span> <span class='ocrx_word' id='word_1_199' title='bbox 567 2028 639 2073; x_wconf 83' lang='lat'><strong>47.</strong></span> <span class='ocrx_word' id='word_1_200' title='bbox 680 2035 724 2070; x_wconf 90' lang='lat' dir='ltr'>et</span> <span class='ocrx_word' id='word_1_201' title='bbox 771 2043 811 2083; x_wconf 86' lang='lat' dir='ltr'><strong>p.</strong></span> <span class='ocrx_word' id='word_1_202' title='bbox 860 2029 966 2073; x_wconf 84' lang='lat'><strong>100.</strong></span> 
     </span>
    </p>
   </div>
   <div class='ocr_carea' id='block_1_3' title="bbox 1061 2022 1868 2081">
    <p class='ocr_par' dir='ltr' id='par_1_6' title="bbox 1061 2022 1868 2081">
     <span class='ocr_line' id='line_1_25' title="bbox 1061 2022 1868 2081; baseline -0.001 -13"><span class='ocrx_word' id='word_1_203' title='bbox 1061 2033 1203 2068; x_wconf 83' lang='lat' dir='ltr'>crates</span> <span class='ocrx_word' id='word_1_204' title='bbox 1214 2027 1266 2067; x_wconf 81' lang='lat' dir='ltr'>ad</span> <span class='ocrx_word' id='word_1_205' title='bbox 1281 2027 1409 2069; x_wconf 85' lang='lat' dir='ltr'>verba</span> <span class='ocrx_word' id='word_1_206' title='bbox 1426 2022 1868 2081; x_wconf 73' lang='grc' dir='ltr'>ἅντωμοσιάς,Ἔτερα</span> 
     </span>
    </p>
   </div>
   <div class='ocr_carea' id='block_1_4' title="bbox 164 2087 975 2532">
    <p class='ocr_par' dir='ltr' id='par_1_7' title="bbox 164 2087 975 2531">
     <span class='ocr_line' id='line_1_26' title="bbox 164 2087 971 2139; baseline -0.002 -11"><span class='ocrx_word' id='word_1_207' title='bbox 164 2087 424 2130; x_wconf 82' lang='lat' dir='ltr'>Creuzer.</span> <span class='ocrx_word' id='word_1_208' title='bbox 474 2087 528 2127; x_wconf 82' lang='lat' dir='ltr'>acl</span> <span class='ocrx_word' id='word_1_209' title='bbox 560 2087 762 2129; x_wconf 82' lang='lat' dir='ltr'>Proclnm</span> <span class='ocrx_word' id='word_1_210' title='bbox 798 2101 838 2139; x_wconf 88' lang='lat' dir='ltr'>p.</span> <span class='ocrx_word' id='word_1_211' title='bbox 873 2087 971 2130; x_wconf 93' lang='grc'><strong>101.</strong></span> 
     </span>
     <span class='ocr_line' id='line_1_27' title="bbox 165 2144 971 2196; baseline -0.005 -10"><span class='ocrx_word' id='word_1_212' title='bbox 165 2157 262 2186; x_wconf 86' lang='lat' dir='ltr'>mea</span> <span class='ocrx_word' id='word_1_213' title='bbox 301 2144 354 2184; x_wconf 79' lang='lat' dir='ltr'>ad</span> <span class='ocrx_word' id='word_1_214' title='bbox 392 2144 552 2186; x_wconf 82' lang='lat' dir='ltr'>Phileb.</span> <span class='ocrx_word' id='word_1_215' title='bbox 590 2158 630 2196; x_wconf 86' lang='lat' dir='ltr'>p.</span> <span class='ocrx_word' id='word_1_216' title='bbox 672 2144 739 2187; x_wconf 80' lang='grc'>15.</span> <span class='ocrx_word' id='word_1_217' title='bbox 780 2144 971 2186; x_wconf 83' lang='lat' dir='ltr'>Matth.</span> 
     </span>
     <span class='ocr_line' id='line_1_28' title="bbox 165 2200 973 2255; baseline -0.004 -11"><span class='ocrx_word' id='word_1_218' title='bbox 165 2202 202 2255; x_wconf 67' lang='grc' dir='ltr'><strong>ζ).</strong></span> <span class='ocrx_word' id='word_1_219' title='bbox 230 2200 332 2244; x_wconf 86' lang='grc'><strong>358.</strong></span> <span class='ocrx_word' id='word_1_220' title='bbox 366 2203 466 2243; x_wconf 85' lang='lat' dir='ltr'>coil.</span> <span class='ocrx_word' id='word_1_221' title='bbox 499 2201 599 2244; x_wconf 84' lang='lat'><strong>550.</strong></span> <span class='ocrx_word' id='word_1_222' title='bbox 642 2201 748 2243; x_wconf 84' lang='lat' dir='ltr'>Mox</span> <span class='ocrx_word' id='word_1_223' title='bbox 790 2215 843 2243; x_wconf 88' lang='lat' dir='ltr'>ne</span> <span class='ocrx_word' id='word_1_224' title='bbox 874 2203 973 2253; x_wconf 89' lang='lat' dir='ltr'>quis</span> 
     </span>
     <span class='ocr_line' id='line_1_29' title="bbox 165 2258 975 2312; baseline 0 -12"><span class='ocrx_word' id='word_1_225' title='bbox 165 2273 262 2301; x_wconf 89' lang='lat' dir='ltr'>cnm</span> <span class='ocrx_word' id='word_1_226' title='bbox 295 2258 511 2300; x_wconf 85' lang='lat' dir='ltr'>Cobeto</span> <span class='ocrx_word' id='word_1_227' title='bbox 547 2259 820 2301; x_wconf 85' lang='lat' dir='ltr'>scribendum</span> <span class='ocrx_word' id='word_1_228' title='bbox 849 2265 975 2312; x_wconf 88' lang='lat' dir='ltr'>putet</span> 
     </span>
     <span class='ocr_line' id='line_1_30' title="bbox 167 2311 972 2366; baseline -0.001 -9"><span class='ocrx_word' id='word_1_229' title='bbox 167 2317 235 2357; x_wconf 81' lang='grc' dir='ltr'>καὶ</span> <span class='ocrx_word' id='word_1_230' title='bbox 275 2315 318 2356; x_wconf 79' lang='grc' dir='ltr'>εἰ</span> <span class='ocrx_word' id='word_1_231' title='bbox 350 2314 426 2366; x_wconf 87' lang='grc' dir='ltr'>μέν</span> <span class='ocrx_word' id='word_1_232' title='bbox 457 2331 492 2356; x_wconf 82' lang='grc' dir='ltr'>τι</span> <span class='ocrx_word' id='word_1_233' title='bbox 532 2311 619 2356; x_wconf 86' lang='grc' dir='ltr'>α’πὸ</span> <span class='ocrx_word' id='word_1_234' title='bbox 657 2331 689 2360; x_wconf 82' lang='grc' dir='ltr'><strong>τ.</strong></span> <span class='ocrx_word' id='word_1_235' title='bbox 724 2316 972 2359; x_wconf 84' lang='lat' dir='ltr'>Parmenid.</span> 
     </span>
     <span class='ocr_line' id='line_1_31' title="bbox 165 2372 971 2430; baseline -0.004 -13"><span class='ocrx_word' id='word_1_236' title='bbox 165 2389 206 2430; x_wconf 85' lang='lat' dir='ltr'><strong>p.</strong></span> <span class='ocrx_word' id='word_1_237' title='bbox 239 2374 337 2418; x_wconf 90' lang='grc'><strong>161.</strong></span> <span class='ocrx_word' id='word_1_238' title='bbox 387 2376 439 2415; x_wconf 84' lang='grc' dir='ltr'>Α.</span> <span class='ocrx_word' id='word_1_239' title='bbox 479 2372 522 2413; x_wconf 83' lang='grc' dir='ltr'>εἰ</span> <span class='ocrx_word' id='word_1_240' title='bbox 555 2372 631 2424; x_wconf 89' lang='grc' dir='ltr'>μέν</span> <span class='ocrx_word' id='word_1_241' title='bbox 671 2388 736 2415; x_wconf 89' lang='grc' dir='ltr'>τοι</span> <span class='ocrx_word' id='word_1_242' title='bbox 776 2373 881 2427; x_wconf 81' lang='grc' dir='ltr'>μηδὲ</span> <span class='ocrx_word' id='word_1_243' title='bbox 923 2372 971 2414; x_wconf 84' lang='grc' dir='ltr'>τὸ</span> 
     </span>
     <span class='ocr_line' id='line_1_32' title="bbox 166 2426 973 2483; baseline -0.001 -10"><span class='ocrx_word' id='word_1_244' title='bbox 166 2433 213 2473; x_wconf 78' lang='grc' dir='ltr'>ἒν</span> <span class='ocrx_word' id='word_1_245' title='bbox 252 2455 307 2463; x_wconf 91' lang='grc'>--</span> <span class='ocrx_word' id='word_1_246' title='bbox 347 2429 415 2471; x_wconf 85' lang='grc' dir='ltr'>δεῖ</span> <span class='ocrx_word' id='word_1_247' title='bbox 451 2426 604 2483; x_wconf 82' lang='grc' dir='ltr'>ουδέν,</span> <span class='ocrx_word' id='word_1_248' title='bbox 650 2430 786 2472; x_wconf 80' lang='grc' dir='ltr'><strong><em>εἰδὲ</em></strong></span> <span class='ocrx_word' id='word_1_249' title='bbox 825 2430 873 2472; x_wconf 87' lang='grc' dir='ltr'>τὸ</span> <span class='ocrx_word' id='word_1_250' title='bbox 926 2433 973 2472; x_wconf 79' lang='grc' dir='ltr'>ἓν</span> 
     </span>
     <span class='ocr_line' id='line_1_33' title="bbox 166 2488 421 2532; baseline -0.008 -1"><span class='ocrx_word' id='word_1_251' title='bbox 166 2488 304 2531; x_wconf 78' lang='grc' dir='ltr'>ἐκεῖνο</span> <span class='ocrx_word' id='word_1_252' title='bbox 339 2490 421 2532; x_wconf 77' lang='grc' dir='ltr'>κτλ.</span> 
     </span>
    </p>
   </div>
   <div class='ocr_carea' id='block_1_5' title="bbox 168 2571 978 2918">
    <p class='ocr_par' dir='ltr' id='par_1_8' title="bbox 168 2571 978 2918">
     <span class='ocr_line' id='line_1_34' title="bbox 225 2571 974 2630; baseline -0.003 -13"><span class='ocrx_word' id='word_1_253' title='bbox 225 2571 768 2630; x_wconf 84' lang='grc' dir='ltr'>α’παναισχυντῆσαι]</span> <span class='ocrx_word' id='word_1_254' title='bbox 814 2577 974 2628; x_wconf 88' lang='lat' dir='ltr'>pudo-</span> 
     </span>
     <span class='ocr_line' id='line_1_35' title="bbox 168 2633 975 2688; baseline -0.002 -13"><span class='ocrx_word' id='word_1_255' title='bbox 168 2647 224 2675; x_wconf 77' lang='lat' dir='ltr'>re</span> <span class='ocrx_word' id='word_1_256' title='bbox 269 2635 531 2688; x_wconf 87' lang='lat' dir='ltr'>deposito</span> <span class='ocrx_word' id='word_1_257' title='bbox 579 2647 768 2687; x_wconf 79' lang='lat' dir='ltr'>agere,·</span> <span class='ocrx_word' id='word_1_258' title='bbox 816 2633 975 2686; x_wconf 89' lang='lat' dir='ltr'>pudo-</span> 
     </span>
     <span class='ocr_line' id='line_1_36' title="bbox 169 2691 977 2734; baseline -0.002 -1"><span class='ocrx_word' id='word_1_259' title='bbox 169 2705 273 2733; x_wconf 88' lang='lat' dir='ltr'>rem</span> <span class='ocrx_word' id='word_1_260' title='bbox 326 2705 542 2734; x_wconf 83' lang='lat' dir='ltr'>exuere.</span> <span class='ocrx_word' id='word_1_261' title='bbox 615 2691 744 2734; x_wconf 81' lang='lat' dir='ltr'>Quod</span> <span class='ocrx_word' id='word_1_262' title='bbox 796 2693 879 2732; x_wconf 84' lang='lat' dir='ltr'>noli</span> <span class='ocrx_word' id='word_1_263' title='bbox 935 2692 977 2732; x_wconf 92' lang='lat' dir='ltr'>in</span> 
     </span>
     <span class='ocr_line' id='line_1_37' title="bbox 170 2748 978 2803; baseline -0.001 -13"><span class='ocrx_word' id='word_1_264' title='bbox 170 2748 558 2803; x_wconf 83' lang='grc' dir='ltr'>ἐπαναισχυντῆσαι</span> <span class='ocrx_word' id='word_1_265' title='bbox 571 2780 582 2797; x_wconf 86' lang='grc'><strong>,</strong></span> <span class='ocrx_word' id='word_1_266' title='bbox 624 2749 678 2789; x_wconf 90' lang='lat' dir='ltr'>in</span> <span class='ocrx_word' id='word_1_267' title='bbox 693 2762 746 2790; x_wconf 84' lang='lat' dir='ltr'>su</span> <span class='ocrx_word' id='word_1_268' title='bbox 761 2764 785 2803; x_wconf 92' lang='lat' dir='ltr'>p</span> <span class='ocrx_word' id='word_1_269' title='bbox 798 2763 820 2789; x_wconf 87' lang='lat' dir='ltr'>e</span> <span class='ocrx_word' id='word_1_270' title='bbox 836 2762 856 2789; x_wconf 97' lang='lat' dir='ltr'>r</span> <span class='ocrx_word' id='word_1_271' title='bbox 887 2750 898 2789; x_wconf 86' lang='lat' dir='ltr'>i</span> <span class='ocrx_word' id='word_1_272' title='bbox 915 2762 978 2789; x_wconf 91' lang='lat' dir='ltr'>m-</span> 
     </span>
     <span class='ocr_line' id='line_1_38' title="bbox 171 2808 976 2860; baseline -0.001 -11"><span class='ocrx_word' id='word_1_273' title='bbox 171 2808 442 2860; x_wconf 83' lang='lat' dir='ltr'>pudenter</span> <span class='ocrx_word' id='word_1_274' title='bbox 520 2809 729 2855; x_wconf 83' lang='lat' dir='ltr'>facere,</span> <span class='ocrx_word' id='word_1_275' title='bbox 795 2812 976 2848; x_wconf 78' lang='lat' dir='ltr'>mutare.</span> 
     </span>
     <span class='ocr_line' id='line_1_39' title="bbox 170 2865 976 2918; baseline 0 -12"><span class='ocrx_word' id='word_1_276' title='bbox 170 2866 252 2906; x_wconf 80' lang='lat' dir='ltr'>Est</span> <span class='ocrx_word' id='word_1_277' title='bbox 281 2866 391 2907; x_wconf 89' lang='lat' dir='ltr'>enim</span> <span class='ocrx_word' id='word_1_278' title='bbox 430 2865 594 2906; x_wconf 87' lang='lat' dir='ltr'>dictum</span> <span class='ocrx_word' id='word_1_279' title='bbox 635 2865 976 2918; x_wconf 78' lang='lat' dir='ltr'>elegantissime.</span> 
     </span>
    </p>
   </div>
   <div class='ocr_carea' id='block_1_6' title="bbox 170 2947 982 3466">
    <p class='ocr_par' dir='ltr' id='par_1_9' title="bbox 170 2947 982 3349">
     <span class='ocr_line' id='line_1_40' title="bbox 228 2947 979 3006; baseline -0.003 -15"><span class='ocrx_word' id='word_1_280' title='bbox 228 2951 277 2991; x_wconf 92' lang='lat' dir='ltr'>C.</span> <span class='ocrx_word' id='word_1_281' title='bbox 354 2947 454 3003; x_wconf 80' lang='grc' dir='ltr'>ἐγώ</span> <span class='ocrx_word' id='word_1_282' title='bbox 516 2950 821 3006; x_wconf 83' lang='grc' dir='ltr'>παρέχομαι</span> <span class='ocrx_word' id='word_1_283' title='bbox 889 2947 979 2990; x_wconf 85' lang='grc' dir='ltr'>τὸν</span> 
     </span>
     <span class='ocr_line' id='line_1_41' title="bbox 170 3006 977 3062; baseline -0.003 -14"><span class='ocrx_word' id='word_1_284' title='bbox 170 3006 440 3062; x_wconf 81' lang='grc' dir='ltr'>μάρτυρα]</span> <span class='ocrx_word' id='word_1_285' title='bbox 505 3009 568 3050; x_wconf 90' lang='lat' dir='ltr'>Ne</span> <span class='ocrx_word' id='word_1_286' title='bbox 611 3011 651 3050; x_wconf 90' lang='lat' dir='ltr'>in</span> <span class='ocrx_word' id='word_1_287' title='bbox 690 3009 872 3048; x_wconf 83' lang='lat' dir='ltr'>articulo</span> <span class='ocrx_word' id='word_1_288' title='bbox 913 3007 977 3047; x_wconf 78' lang='lat' dir='ltr'>os-</span> 
     </span>
     <span class='ocr_line' id='line_1_42' title="bbox 171 3065 975 3118; baseline -0.004 -11"><span class='ocrx_word' id='word_1_289' title='bbox 171 3067 342 3117; x_wconf 74' lang='lat' dir='ltr'>sendus,</span> <span class='ocrx_word' id='word_1_290' title='bbox 374 3065 504 3106; x_wconf 81' lang='lat' dir='ltr'>verba</span> <span class='ocrx_word' id='word_1_291' title='bbox 531 3067 587 3107; x_wconf 88' lang='lat' dir='ltr'>ita</span> <span class='ocrx_word' id='word_1_292' title='bbox 615 3071 712 3106; x_wconf 84' lang='lat' dir='ltr'>sunt</span> <span class='ocrx_word' id='word_1_293' title='bbox 740 3065 975 3118; x_wconf 83' lang='lat' dir='ltr'>intelligen-</span> 
     </span>
     <span class='ocr_line' id='line_1_43' title="bbox 172 3117 982 3177; baseline -0.002 -13"><span class='ocrx_word' id='word_1_294' title='bbox 172 3123 250 3164; x_wconf 81' lang='lat' dir='ltr'>da.</span> <span class='ocrx_word' id='word_1_295' title='bbox 295 3119 319 3163; x_wconf 84' lang='lat'><em>6</em></span> <span class='ocrx_word' id='word_1_296' title='bbox 361 3120 544 3176; x_wconf 77' lang='grc' dir='ltr'>μάρτυς,</span> <span class='ocrx_word' id='word_1_297' title='bbox 588 3122 641 3164; x_wconf 79' lang='grc' dir='ltr'>ὃν</span> <span class='ocrx_word' id='word_1_298' title='bbox 677 3121 922 3177; x_wconf 82' lang='grc' dir='ltr'>παρέχομαι,</span> <span class='ocrx_word' id='word_1_299' title='bbox 957 3117 982 3174; x_wconf 81' lang='grc' dir='ltr'><em>ἦ</em></span> 
     </span>
     <span class='ocr_line' id='line_1_44' title="bbox 175 3175 981 3234; baseline -0.002 -12"><span class='ocrx_word' id='word_1_300' title='bbox 175 3183 312 3228; x_wconf 43' lang='grc' dir='ltr'>πενιᾈα</span> <span class='ocrx_word' id='word_1_301' title='bbox 355 3179 504 3221; x_wconf 72' lang='grc' dir='ltr'>ἱκανὸς</span> <span class='ocrx_word' id='word_1_302' title='bbox 544 3181 705 3234; x_wconf 71' lang='grc' dir='ltr'>μάρτυς</span> <span class='ocrx_word' id='word_1_303' title='bbox 748 3180 881 3230; x_wconf 80' lang='grc' dir='ltr'>ἐστὶν,</span> <span class='ocrx_word' id='word_1_304' title='bbox 923 3175 981 3220; x_wconf 74' lang='grc' dir='ltr'>ὥς</span> 
     </span>
     <span class='ocr_line' id='line_1_45' title="bbox 176 3235 979 3293; baseline 0.005 -14"><span class='ocrx_word' id='word_1_305' title='bbox 176 3235 322 3292; x_wconf 79' lang='grc' dir='ltr'><em>ἀληθῆ</em></span> <span class='ocrx_word' id='word_1_306' title='bbox 350 3237 470 3293; x_wconf 77' lang='grc' dir='ltr'><strong>λέγω.</strong></span> <span class='ocrx_word' id='word_1_307' title='bbox 503 3240 574 3282; x_wconf 90' lang='lat' dir='ltr'>De</span> <span class='ocrx_word' id='word_1_308' title='bbox 603 3253 652 3282; x_wconf 88' lang='lat' dir='ltr'>re</span> <span class='ocrx_word' id='word_1_309' title='bbox 684 3252 722 3280; x_wconf 79' lang='grc' dir='ltr'><strong>ν.</strong></span> <span class='ocrx_word' id='word_1_310' title='bbox 753 3253 794 3293; x_wconf 83' lang='grc' dir='ltr'><strong>ρ.</strong></span> <span class='ocrx_word' id='word_1_311' title='bbox 816 3239 887 3282; x_wconf 83' lang='lat'><strong>23.</strong></span> <span class='ocrx_word' id='word_1_312' title='bbox 929 3238 979 3279; x_wconf 85' lang='lat' dir='ltr'>C-</span> 
     </span>
     <span class='ocr_line' id='line_1_46' title="bbox 171 3297 443 3349; baseline 0 -11"><span class='ocrx_word' id='word_1_313' title='bbox 171 3297 318 3349; x_wconf 78' lang='lat' dir='ltr'>ibique</span> <span class='ocrx_word' id='word_1_314' title='bbox 344 3310 443 3338; x_wconf 76' lang='lat' dir='ltr'>ann.</span> 
     </span>
    </p>

    <p class='ocr_par' dir='ltr' id='par_1_10' title="bbox 179 3350 977 3466">
     <span class='ocr_line' id='line_1_47' title="bbox 230 3350 977 3408; baseline 0 -14"><span class='ocrx_word' id='word_1_315' title='bbox 230 3350 335 3408; x_wconf 79' lang='lat' dir='ltr'><strong>Cap.</strong></span> <span class='ocrx_word' id='word_1_316' title='bbox 391 3355 516 3398; x_wconf 85' lang='lat' dir='ltr'><strong>XIX.</strong></span> <span class='ocrx_word' id='word_1_317' title='bbox 587 3356 647 3400; x_wconf 84' lang='lat' dir='ltr'><strong>D.</strong></span> <span class='ocrx_word' id='word_1_318' title='bbox 706 3353 977 3407; x_wconf 82' lang='grc' dir='ltr'>ε’πικωμῳ·</span> 
     </span>
     <span class='ocr_line' id='line_1_48' title="bbox 179 3408 977 3466; baseline 0.001 -16"><span class='ocrx_word' id='word_1_319' title='bbox 179 3408 283 3452; x_wconf 73' lang='grc' dir='ltr'>δῶν</span> <span class='ocrx_word' id='word_1_320' title='bbox 313 3410 619 3466; x_wconf 77' lang='grc' dir='ltr'>ἐγράψατο]</span> <span class='ocrx_word' id='word_1_321' title='bbox 662 3411 858 3465; x_wconf 82' lang='lat' dir='ltr'>Respicit</span> <span class='ocrx_word' id='word_1_322' title='bbox 891 3411 977 3451; x_wconf 87' lang='lat' dir='ltr'>So-</span> 
     </span>
    </p>
   </div>
   <div class='ocr_carea' id='block_1_7' title="bbox 1060 2081 1873 2889">
    <p class='ocr_par' dir='ltr' id='par_1_11' title="bbox 1060 2081 1871 2715">
     <span class='ocr_line' id='line_1_49' title="bbox 1062 2081 1868 2140; baseline 0 -15"><span class='ocrx_word' id='word_1_323' title='bbox 1062 2083 1108 2125; x_wconf 83' lang='grc' dir='ltr'>δέ</span> <span class='ocrx_word' id='word_1_324' title='bbox 1153 2082 1350 2135; x_wconf 76' lang='grc' dir='ltr'>δαιμόνια</span> <span class='ocrx_word' id='word_1_325' title='bbox 1389 2098 1424 2125; x_wconf 92' lang='lat' dir='ltr'><strong>c.</strong></span> <span class='ocrx_word' id='word_1_326' title='bbox 1467 2086 1589 2127; x_wconf 86' lang='lat' dir='ltr'><strong>XIX.</strong></span> <span class='ocrx_word' id='word_1_327' title='bbox 1622 2081 1868 2140; x_wconf 82' lang='grc' dir='ltr'>Έπικωμῳ-</span> 
     </span>
     <span class='ocr_line' id='line_1_50' title="bbox 1062 2141 1867 2193; baseline 0 -10"><span class='ocrx_word' id='word_1_328' title='bbox 1062 2141 1151 2183; x_wconf 82' lang='grc' dir='ltr'>δεῖν</span> <span class='ocrx_word' id='word_1_329' title='bbox 1201 2148 1350 2183; x_wconf 85' lang='lat' dir='ltr'>autem</span> <span class='ocrx_word' id='word_1_330' title='bbox 1401 2150 1467 2183; x_wconf 86' lang='lat' dir='ltr'>est</span> <span class='ocrx_word' id='word_1_331' title='bbox 1511 2144 1726 2193; x_wconf 82' lang='lat' dir='ltr'>ridere,</span> <span class='ocrx_word' id='word_1_332' title='bbox 1782 2156 1867 2183; x_wconf 91' lang='lat' dir='ltr'>no-</span> 
     </span>
     <span class='ocr_line' id='line_1_51' title="bbox 1060 2198 1867 2255; baseline -0.001 -14"><span class='ocrx_word' id='word_1_333' title='bbox 1060 2207 1204 2251; x_wconf 82' lang='lat' dir='ltr'>tare,</span> <span class='ocrx_word' id='word_1_334' title='bbox 1246 2206 1292 2240; x_wconf 90' lang='lat' dir='ltr'>ut</span> <span class='ocrx_word' id='word_1_335' title='bbox 1323 2198 1541 2254; x_wconf 80' lang='grc' dir='ltr'>κωμῳδεῖν</span> <span class='ocrx_word' id='word_1_336' title='bbox 1573 2207 1616 2242; x_wconf 89' lang='lat' dir='ltr'>et</span> <span class='ocrx_word' id='word_1_337' title='bbox 1649 2200 1867 2255; x_wconf 81' lang='grc' dir='ltr'>διακωμῳ-</span> 
     </span>
     <span class='ocr_line' id='line_1_52' title="bbox 1061 2255 1869 2312; baseline 0 -13"><span class='ocrx_word' id='word_1_338' title='bbox 1061 2257 1148 2299; x_wconf 86' lang='grc' dir='ltr'>δεῖν</span> <span class='ocrx_word' id='word_1_339' title='bbox 1181 2257 1292 2298; x_wconf 84' lang='lat' dir='ltr'>idem</span> <span class='ocrx_word' id='word_1_340' title='bbox 1320 2260 1465 2298; x_wconf 85' lang='lat' dir='ltr'>valent</span> <span class='ocrx_word' id='word_1_341' title='bbox 1492 2258 1607 2310; x_wconf 86' lang='lat' dir='ltr'>quod</span> <span class='ocrx_word' id='word_1_342' title='bbox 1636 2255 1869 2312; x_wconf 78' lang='grc' dir='ltr'>διασύρειν,</span> 
     </span>
     <span class='ocr_line' id='line_1_53' title="bbox 1062 2312 1871 2371; baseline 0.002 -15"><span class='ocrx_word' id='word_1_343' title='bbox 1062 2313 1289 2371; x_wconf 74' lang='grc' dir='ltr'>σκώπτειν,</span> <span class='ocrx_word' id='word_1_344' title='bbox 1328 2312 1552 2367; x_wconf 75' lang='grc' dir='ltr'>χλευάζειν.</span> <span class='ocrx_word' id='word_1_345' title='bbox 1601 2329 1639 2356; x_wconf 84' lang='lat' dir='ltr'>v.</span> <span class='ocrx_word' id='word_1_346' title='bbox 1668 2317 1871 2358; x_wconf 78' lang='lat' dir='ltr'>Pollux</span> 
     </span>
     <span class='ocr_line' id='line_1_54' title="bbox 1061 2373 1869 2426; baseline 0.002 -13"><span class='ocrx_word' id='word_1_347' title='bbox 1061 2373 1136 2417; x_wconf 88' lang='grc' dir='ltr'><strong>ΙΧ.</strong></span> <span class='ocrx_word' id='word_1_348' title='bbox 1177 2373 1274 2419; x_wconf 83' lang='grc'><strong>148,</strong></span> <span class='ocrx_word' id='word_1_349' title='bbox 1337 2373 1506 2414; x_wconf 86' lang='lat' dir='ltr'>Caussa</span> <span class='ocrx_word' id='word_1_350' title='bbox 1556 2379 1646 2425; x_wconf 83' lang='lat' dir='ltr'>est,</span> <span class='ocrx_word' id='word_1_351' title='bbox 1689 2374 1788 2426; x_wconf 80' lang='lat' dir='ltr'>quia</span> <span class='ocrx_word' id='word_1_352' title='bbox 1829 2374 1869 2415; x_wconf 89' lang='lat' dir='ltr'>in</span> 
     </span>
     <span class='ocr_line' id='line_1_55' title="bbox 1061 2432 1868 2473; baseline 0.001 -1"><span class='ocrx_word' id='word_1_353' title='bbox 1061 2432 1285 2472; x_wconf 73' lang='lat' dir='ltr'>comoedia</span> <span class='ocrx_word' id='word_1_354' title='bbox 1328 2438 1476 2472; x_wconf 78' lang='lat' dir='ltr'>vetere</span> <span class='ocrx_word' id='word_1_355' title='bbox 1518 2432 1615 2471; x_wconf 80' lang='lat' dir='ltr'>vitia</span> <span class='ocrx_word' id='word_1_356' title='bbox 1648 2432 1868 2473; x_wconf 89' lang='lat' dir='ltr'>hominum</span> 
     </span>
     <span class='ocr_line' id='line_1_56' title="bbox 1062 2487 1871 2541; baseline 0 -11"><span class='ocrx_word' id='word_1_357' title='bbox 1062 2489 1415 2530; x_wconf 84' lang='lat' dir='ltr'>describebantur</span> <span class='ocrx_word' id='word_1_358' title='bbox 1457 2494 1500 2530; x_wconf 87' lang='lat' dir='ltr'>et</span> <span class='ocrx_word' id='word_1_359' title='bbox 1528 2487 1720 2529; x_wconf 81' lang='lat' dir='ltr'>homines</span> <span class='ocrx_word' id='word_1_360' title='bbox 1751 2491 1871 2541; x_wconf 85' lang='lat' dir='ltr'>quasi</span> 
     </span>
     <span class='ocr_line' id='line_1_57' title="bbox 1062 2545 1866 2588; baseline 0 0"><span class='ocrx_word' id='word_1_361' title='bbox 1062 2548 1336 2588; x_wconf 82' lang='lat' dir='ltr'>notabantur.</span> <span class='ocrx_word' id='word_1_362' title='bbox 1372 2545 1682 2588; x_wconf 74' lang='lat' dir='ltr'>Fischerus.</span> <span class='ocrx_word' id='word_1_363' title='bbox 1733 2547 1866 2588; x_wconf 89' lang='lat' dir='ltr'>Usum</span> 
     </span>
     <span class='ocr_line' id='line_1_58' title="bbox 1063 2603 1869 2657; baseline 0 -11"><span class='ocrx_word' id='word_1_364' title='bbox 1063 2604 1262 2657; x_wconf 86' lang='lat' dir='ltr'>loquendi</span> <span class='ocrx_word' id='word_1_365' title='bbox 1291 2603 1418 2644; x_wconf 82' lang='lat' dir='ltr'>docte</span> <span class='ocrx_word' id='word_1_366' title='bbox 1448 2605 1675 2646; x_wconf 81' lang='lat' dir='ltr'>illustravit</span> <span class='ocrx_word' id='word_1_367' title='bbox 1695 2604 1869 2646; x_wconf 82' lang='lat' dir='ltr'>Ruhn-</span> 
     </span>
     <span class='ocr_line' id='line_1_59' title="bbox 1065 2661 1615 2715; baseline -0.005 -11"><span class='ocrx_word' id='word_1_368' title='bbox 1065 2663 1176 2704; x_wconf 89' lang='lat' dir='ltr'><strong>ken.</strong></span> <span class='ocrx_word' id='word_1_369' title='bbox 1211 2661 1262 2703; x_wconf 81' lang='lat' dir='ltr'>ad</span> <span class='ocrx_word' id='word_1_370' title='bbox 1298 2661 1412 2702; x_wconf 85' lang='lat' dir='ltr'>Tim.</span> <span class='ocrx_word' id='word_1_371' title='bbox 1443 2676 1482 2715; x_wconf 90' lang='lat' dir='ltr'>p.</span> <span class='ocrx_word' id='word_1_372' title='bbox 1518 2662 1615 2706; x_wconf 83' lang='lat'><strong>174.</strong></span> 
     </span>
    </p>

    <p class='ocr_par' dir='ltr' id='par_1_12' title="bbox 1067 2715 1873 2889">
     <span class='ocr_line' id='line_1_60' title="bbox 1125 2715 1862 2772; baseline -0.001 -12"><span class='ocrx_word' id='word_1_373' title='bbox 1125 2715 1206 2760; x_wconf 82' lang='grc' dir='ltr'>ἀεὶ</span> <span class='ocrx_word' id='word_1_374' title='bbox 1245 2715 1548 2772; x_wconf 82' lang='grc' dir='ltr'>ἀποτρέπει</span> <span class='ocrx_word' id='word_1_375' title='bbox 1599 2744 1655 2751; x_wconf 93' lang='lat'>—</span> <span class='ocrx_word' id='word_1_376' title='bbox 1705 2717 1862 2760; x_wconf 80' lang='grc' dir='ltr'>οὕπο·</span> 
     </span>
     <span class='ocr_line' id='line_1_61' title="bbox 1069 2778 1870 2831; baseline -0.001 -13"><span class='ocrx_word' id='word_1_377' title='bbox 1069 2779 1150 2831; x_wconf 81' lang='lat' dir='ltr'>te]</span> <span class='ocrx_word' id='word_1_378' title='bbox 1217 2778 1374 2818; x_wconf 79' lang='lat' dir='ltr'>lisdem</span> <span class='ocrx_word' id='word_1_379' title='bbox 1421 2792 1556 2831; x_wconf 81' lang='lat' dir='ltr'>paene</span> <span class='ocrx_word' id='word_1_380' title='bbox 1596 2779 1739 2819; x_wconf 75' lang='lat' dir='ltr'>verbis</span> <span class='ocrx_word' id='word_1_381' title='bbox 1780 2791 1870 2819; x_wconf 80' lang='lat' dir='ltr'>rem</span> 
     </span>
     <span class='ocr_line' id='line_1_62' title="bbox 1067 2835 1873 2889; baseline 0 -13"><span class='ocrx_word' id='word_1_382' title='bbox 1067 2840 1211 2876; x_wconf 86' lang='lat' dir='ltr'>narrat</span> <span class='ocrx_word' id='word_1_383' title='bbox 1241 2835 1278 2875; x_wconf 87' lang='lat' dir='ltr'>in</span> <span class='ocrx_word' id='word_1_384' title='bbox 1312 2835 1490 2889; x_wconf 79' lang='lat' dir='ltr'>Tlieage</span> <span class='ocrx_word' id='word_1_385' title='bbox 1524 2850 1564 2889; x_wconf 90' lang='lat' dir='ltr'><strong>p.</strong></span> <span class='ocrx_word' id='word_1_386' title='bbox 1596 2835 1694 2879; x_wconf 82' lang='lat'><strong>128.</strong></span> <span class='ocrx_word' id='word_1_387' title='bbox 1728 2837 1786 2876; x_wconf 90' lang='lat' dir='ltr'>D.</span> <span class='ocrx_word' id='word_1_388' title='bbox 1818 2835 1873 2876; x_wconf 83' lang='lat' dir='ltr'><strong>cf.</strong></span> 
     </span>
    </p>
   </div>
   <div class='ocr_carea' id='block_1_8' title="bbox 1042 2892 1869 2935">
    <p class='ocr_par' dir='ltr' id='par_1_13' title="bbox 1042 2892 1869 2935">
     <span class='ocr_line' id='line_1_63' title="bbox 1042 2892 1869 2935; baseline -0.001 -1"><span class='ocrx_word' id='word_1_389' title='bbox 1042 2904 1048 2911; x_wconf 85' lang='lat'><strong>·</strong></span> <span class='ocrx_word' id='word_1_390' title='bbox 1069 2892 1174 2934; x_wconf 86' lang='lat' dir='ltr'>infra</span> <span class='ocrx_word' id='word_1_391' title='bbox 1193 2905 1228 2935; x_wconf 87' lang='lat' dir='ltr'><strong>c.</strong></span> <span class='ocrx_word' id='word_1_392' title='bbox 1252 2892 1418 2934; x_wconf 82' lang='lat' dir='ltr'><strong>XXXI.</strong></span> <span class='ocrx_word' id='word_1_393' title='bbox 1451 2894 1515 2934; x_wconf 89' lang='lat' dir='ltr'>De</span> <span class='ocrx_word' id='word_1_394' title='bbox 1548 2893 1774 2934; x_wconf 79' lang='lat' dir='ltr'>daemonio</span> <span class='ocrx_word' id='word_1_395' title='bbox 1800 2906 1869 2934; x_wconf 85' lang='lat' dir='ltr'>re-</span> 
     </span>
    </p>
   </div>
   <div class='ocr_carea' id='block_1_9' title="bbox 1065 2949 1871 3463">
    <p class='ocr_par' dir='ltr' id='par_1_14' title="bbox 1065 2949 1871 3463">
     <span class='ocr_line' id='line_1_64' title="bbox 1069 2949 1870 3002; baseline 0 -12"><span class='ocrx_word' id='word_1_396' title='bbox 1069 2952 1233 2991; x_wconf 82' lang='lat' dir='ltr'>tinente</span> <span class='ocrx_word' id='word_1_397' title='bbox 1275 2963 1325 2991; x_wconf 88' lang='lat' dir='ltr'>ac</span> <span class='ocrx_word' id='word_1_398' title='bbox 1367 2949 1620 3002; x_wconf 84' lang='lat' dir='ltr'>probibente</span> <span class='ocrx_word' id='word_1_399' title='bbox 1669 2964 1707 2991; x_wconf 82' lang='lat' dir='ltr'>v.</span> <span class='ocrx_word' id='word_1_400' title='bbox 1743 2951 1870 2992; x_wconf 78' lang='lat' dir='ltr'>etiam</span> 
     </span>
     <span class='ocr_line' id='line_1_65' title="bbox 1068 3007 1868 3059; baseline -0.001 -11"><span class='ocrx_word' id='word_1_401' title='bbox 1068 3007 1258 3048; x_wconf 80' lang='lat' dir='ltr'>Phaedr.</span> <span class='ocrx_word' id='word_1_402' title='bbox 1292 3021 1331 3059; x_wconf 85' lang='lat' dir='ltr'><strong>p.</strong></span> <span class='ocrx_word' id='word_1_403' title='bbox 1365 3007 1464 3051; x_wconf 83' lang='lat'><strong>242.</strong></span> <span class='ocrx_word' id='word_1_404' title='bbox 1506 3009 1555 3048; x_wconf 87' lang='lat' dir='ltr'>B.</span> <span class='ocrx_word' id='word_1_405' title='bbox 1601 3009 1652 3048; x_wconf 87' lang='lat' dir='ltr'>C.</span> <span class='ocrx_word' id='word_1_406' title='bbox 1687 3008 1868 3049; x_wconf 79' lang='lat' dir='ltr'>Theaet.</span> 
     </span>
     <span class='ocr_line' id='line_1_66' title="bbox 1070 3065 1870 3118; baseline -0.005 -10"><span class='ocrx_word' id='word_1_407' title='bbox 1070 3079 1110 3118; x_wconf 86' lang='lat' dir='ltr'><strong>p.</strong></span> <span class='ocrx_word' id='word_1_408' title='bbox 1142 3066 1223 3109; x_wconf 86' lang='lat'>151</span> <span class='ocrx_word' id='word_1_409' title='bbox 1270 3067 1327 3107; x_wconf 89' lang='lat' dir='ltr'>A.</span> <span class='ocrx_word' id='word_1_410' title='bbox 1364 3066 1496 3108; x_wconf 84' lang='lat' dir='ltr'>Alcib.</span> <span class='ocrx_word' id='word_1_411' title='bbox 1527 3067 1562 3107; x_wconf 94' lang='grc' dir='ltr'>Ι.</span> <span class='ocrx_word' id='word_1_412' title='bbox 1583 3066 1682 3109; x_wconf 87' lang='grc'><strong>103.</strong></span> <span class='ocrx_word' id='word_1_413' title='bbox 1709 3065 1870 3109; x_wconf 87' lang='grc' dir='ltr'><strong>Α.124.</strong></span> 
     </span>
     <span class='ocr_line' id='line_1_67' title="bbox 1069 3122 1869 3176; baseline 0.003 -13"><span class='ocrx_word' id='word_1_414' title='bbox 1069 3123 1120 3164; x_wconf 89' lang='lat' dir='ltr'>C.</span> <span class='ocrx_word' id='word_1_415' title='bbox 1162 3122 1409 3176; x_wconf 87' lang='lat' dir='ltr'>Xenoph.</span> <span class='ocrx_word' id='word_1_416' title='bbox 1451 3124 1582 3166; x_wconf 90' lang='lat' dir='ltr'>Mem.</span> <span class='ocrx_word' id='word_1_417' title='bbox 1614 3125 1696 3167; x_wconf 93' lang='lat' dir='ltr'>IV.</span> <span class='ocrx_word' id='word_1_418' title='bbox 1736 3124 1787 3175; x_wconf 88' lang='lat'>8,</span> <span class='ocrx_word' id='word_1_419' title='bbox 1828 3123 1869 3166; x_wconf 87' lang='lat'><strong>5.</strong></span> 
     </span>
     <span class='ocr_line' id='line_1_68' title="bbox 1066 3180 1868 3233; baseline 0.001 -14"><span class='ocrx_word' id='word_1_420' title='bbox 1066 3180 1301 3233; x_wconf 80' lang='lat' dir='ltr'>Impulisse</span> <span class='ocrx_word' id='word_1_421' title='bbox 1330 3181 1430 3222; x_wconf 87' lang='lat' dir='ltr'>illud</span> <span class='ocrx_word' id='word_1_422' title='bbox 1458 3181 1637 3223; x_wconf 88' lang='lat' dir='ltr'>subinde</span> <span class='ocrx_word' id='word_1_423' title='bbox 1666 3182 1794 3223; x_wconf 83' lang='lat' dir='ltr'>etiam</span> <span class='ocrx_word' id='word_1_424' title='bbox 1815 3180 1868 3221; x_wconf 82' lang='lat' dir='ltr'>ud</span> 
     </span>
     <span class='ocr_line' id='line_1_69' title="bbox 1065 3238 1871 3280; baseline -0.002 -1"><span class='ocrx_word' id='word_1_425' title='bbox 1065 3238 1177 3279; x_wconf 83' lang='lat' dir='ltr'>haec</span> <span class='ocrx_word' id='word_1_426' title='bbox 1215 3240 1281 3279; x_wconf 86' lang='lat' dir='ltr'>vel</span> <span class='ocrx_word' id='word_1_427' title='bbox 1322 3238 1393 3280; x_wconf 83' lang='lat' dir='ltr'>ina</span> <span class='ocrx_word' id='word_1_428' title='bbox 1440 3238 1631 3279; x_wconf 82' lang='lat' dir='ltr'>facienda</span> <span class='ocrx_word' id='word_1_429' title='bbox 1683 3244 1871 3280; x_wconf 83' lang='lat' dir='ltr'>testatur</span> 
     </span>
     <span class='ocr_line' id='line_1_70' title="bbox 1066 3294 1867 3347; baseline 0 -11"><span class='ocrx_word' id='word_1_430' title='bbox 1066 3294 1190 3338; x_wconf 84' lang='lat' dir='ltr'>Xen.</span> <span class='ocrx_word' id='word_1_431' title='bbox 1221 3296 1357 3337; x_wconf 90' lang='lat' dir='ltr'>Mem.</span> <span class='ocrx_word' id='word_1_432' title='bbox 1394 3297 1421 3336; x_wconf 92' lang='lat' dir='ltr'><strong>l.</strong></span> <span class='ocrx_word' id='word_1_433' title='bbox 1455 3297 1502 3347; x_wconf 90' lang='lat'>1,</span> <span class='ocrx_word' id='word_1_434' title='bbox 1541 3296 1583 3340; x_wconf 89' lang='lat'><strong>4.</strong></span> <span class='ocrx_word' id='word_1_435' title='bbox 1626 3297 1696 3339; x_wconf 88' lang='lat' dir='ltr'><strong>lv.</strong></span> <span class='ocrx_word' id='word_1_436' title='bbox 1734 3296 1783 3347; x_wconf 80' lang='lat'>8,</span> <span class='ocrx_word' id='word_1_437' title='bbox 1827 3296 1867 3338; x_wconf 85' lang='grc'><strong>2.</strong></span> 
     </span>
     <span class='ocr_line' id='line_1_71' title="bbox 1066 3351 1867 3395; baseline -0.001 -3"><span class='ocrx_word' id='word_1_438' title='bbox 1066 3354 1121 3393; x_wconf 76' lang='lat' dir='ltr'>ol.</span> <span class='ocrx_word' id='word_1_439' title='bbox 1169 3353 1371 3394; x_wconf 87' lang='lat' dir='ltr'>Cicero</span> <span class='ocrx_word' id='word_1_440' title='bbox 1421 3353 1476 3395; x_wconf 78' lang='lat' dir='ltr'>de</span> <span class='ocrx_word' id='word_1_441' title='bbox 1516 3354 1659 3395; x_wconf 86' lang='lat' dir='ltr'>Divin.</span> <span class='ocrx_word' id='word_1_442' title='bbox 1710 3354 1752 3393; x_wconf 91' lang='grc' dir='ltr'>Ι.</span> <span class='ocrx_word' id='word_1_443' title='bbox 1799 3351 1867 3395; x_wconf 83' lang='grc'>54.</span> 
     </span>
     <span class='ocr_line' id='line_1_72' title="bbox 1066 3409 1866 3463; baseline 0 -13"><span class='ocrx_word' id='word_1_444' title='bbox 1066 3409 1154 3452; x_wconf 85' lang='lat' dir='ltr'>Sed</span> <span class='ocrx_word' id='word_1_445' title='bbox 1188 3410 1336 3453; x_wconf 82' lang='lat' dir='ltr'>confer</span> <span class='ocrx_word' id='word_1_446' title='bbox 1367 3410 1421 3452; x_wconf 86' lang='lat' dir='ltr'>de</span> <span class='ocrx_word' id='word_1_447' title='bbox 1442 3409 1504 3453; x_wconf 81' lang='lat' dir='ltr'>his</span> <span class='ocrx_word' id='word_1_448' title='bbox 1538 3412 1866 3463; x_wconf 82' lang='lat' dir='ltr'>Prolegomena.</span> 
     </span>
    </p>
   </div>
  </div>
 </body>
</html>
