2158 3718
404 141 820 197 APOLOGIA
857 134 1274 208 εοοιιΑΤιε,
1326 140 1388 192 Ρ.
1429 141 1520 191 37.
1562 139 1643 194 st.

1744 142 1839 191 153

144 294 243 357 τῆς
267 288 687 362 ἀντιβολήσεως,
733 285 1294 358 ἀπαυθαδιζόμενος·
1343 282 1405 338 τὸ
1450 286 1506 338 δὲ
1543 285 1643 339 οὐκ
1681 289 1850 355 ἔστιν,

143 367 183 428 ὦ
231 371 428 446 ἄνδρες
466 373 797 439 Ἀθηναῖοι,
847 375 1125 435 τοιοῦτον,
1167 365 1311 424 ἀλλά
1356 366 1573 423 τοιόνδε
1616 372 1849 438 μᾶλλον.

144 466 432 529 πέπεισμαι
472 455 575 525 ἐγώ
623 454 759 511 ἑκών
814 455 955 511 εἶναι
997 459 1204 525 μηδένα
1246 452 1457 508 ἀδικεῖν
1505 452 1851 524 ἀνθρώπων,

144 542 290 598 ἀλλά
335 541 480 613 ὑμᾶς
526 544 697 597 τοῦτο
745 539 811 596 οὐ
859 544 1072 594 πείθω·
1119 537 1313 606 ὀλίγον
1347 536 1454 608 γὰρ
1494 535 1708 608 χρόνον
1750 537 1851 591 ἀλ-

144 626 331 694 λήλοις
371 629 751 695 διειλέγμεθα·

817 623 949 693 ἐπεί,
991 622 1063 688 οἷς
1107 615 1330 692 ἐγῷμαι,
1372 627 1418 676 εὶ
1463 613 1533 688 ἦν
1574 619 1706 691 ὑμῖν
1759 619 1853 676 νό-

143 733 266 781 μος,
307 707 483 781 ὥςπερ
527 713 619 764 καὶ
661 707 851 772 ἄλλοις
897 705 1257 780 ἀνθρωποις,
1302 709 1426 777 περὶ
1466 705 1731 760 θανάτου
1772 701 1899 775 μηέἒ

144 799 306 865 μίαν
323 794 530 865 ἡμέραν
571 791 748 863 μόνον
795 798 1023 864 κρίνειν,
1077 790 1220 846 ἀλλά
1266 790 1507 855 πολλάς,
1550 790 1847 856 ἐπείσθητε
1898 777 1950 830 Β

146 878 257 934 ἄν·
301 882 404 934 νῦν
447 877 490 932 δ’
529 876 607 932 οὐ
655 876 853 950 ῥάδιον
908 876 967 932 ὲν
1005 874 1190 947 χρόνῳ
1236 873 1403 943 ὀλίγῳ
1444 875 1691 946 μεὶάλας
1735 877 1854 929 δια-

147 962 321 1033 βολάς
375 960 751 1017 ἀπολύεσθαι.
783 968 1163 1029 ·πεπεισμένος
1221 956 1287 1025 δὴ
1334 956 1436 1025 ἐγώ
1481 964 1689 1029 μηδένα
1733 958 1856 1013 ἀδι-

148 1058 262 1104 κεῖν
304 1048 516 1103 πολλοῦ
565 1048 661 1100 δέω
706 1043 948 1114 ἐμαυτόν
991 1065 1048 1113 γε
1086 1041 1369 1107 ἀδικήσειν
1394 1045 1485 1096 καὶ
1531 1042 1644 1097 κατ’
1689 1041 1855 1113 ὲμαυ·

150 1134 251 1191 τοῦ
297 1130 439 1202 ἐρεῖν
485 1125 672 1193 αὐτός,
717 1126 790 1192 ὡς
833 1124 987 1194 ἄξιός
1029 1131 1136 1198 εἰμί
1182 1147 1280 1182 του
1323 1129 1513 1191 κακοῦ,
1559 1131 1650 1183 καὶ
1697 1125 1857 1197 τιμή-

266 1378 456 1449 ὥςπερ
471 1379 561 1419 καὶ
593 1374 801 1429 ἄλλοις]
845 1378 892 1419 V.
926 1375 1079 1430 ὅςπερ,
1120 1378 1271 1419 invitis
1304 1378 1432 1420 codd.
1465 1376 1683 1419 omnibus.

263 1438 392 1489 μίαν
431 1432 633 1491 ἡμέραν
674 1431 876 1489 μόνον]
936 1437 985 1477 V.
1025 1438 1124 1486 μίαν
1166 1432 1306 1485 μόνον
1343 1430 1459 1488 ἡμέρ.
1504 1434 1624 1487 quod
1662 1445 1686 1473 e
1728 1430 1855 1471 nodi.

153 1497 255 1537 Vat.
299 1509 340 1538 a.
383 1496 426 1536 b.
471 1494 696 1535 Vindobb.
738 1499 782 1534 et
819 1494 1111 1546 Florentinis,
1162 1495 1350 1562 aliisque
1391 1493 1592 1546 plurimis
1626 1495 1858 1531 mutatum

154 1553 441 1595 Bekkerus
472 1566 496 1594 e
531 1552 630 1593 Par.
661 1551 754 1593 DS.
784 1551 906 1593 dedit
934 1555 1034 1602 μίαν
1065 1547 1226 1605 ἡμέραν
1254 1548 1408 1604 μόνην.

270 1612 318 1653 Β.
379 1609 742 1661 πεπεισμένος
784 1606 845 1663 δὴ
886 1607 1017 1664 ἐγώ]
1084 1609 1158 1651 Sic
1191 1609 1459 1650 Bod1.Vat
1489 1608 1604 1647 Ven.
1646 1606 1686 1646 b.
1731 1604 1857 1646 vind.

155 1670 193 1713 1.
225 1670 266 1714 6.
297 1670 418 1712 Flor.
454 1670 496 1709 d.
529 1680 569 1720 g
602 1668 645 1707 h.
679 1667 778 1708 Par.
813 1666 898 1710 DS.
939 1668 1079 1720 Vulgo
1113 1667 1395 1721 πεπεισμένος
1425 1661 1461 1707 δ’
1493 1661 1590 1719 ἑ)ω’.

270 1724 433 1779 ἄξιός
461 1725 574 1776 εἰμι’
599 1738 695 1765 του
726 1726 926 1779 κακοῦ]
966 1725 1092 1766 Libri
1125 1725 1205 1766 τοῦ
1233 1740 1271 1768 κ.
1299 1740 1340 1766 v.
1372 1738 1473 1766 ann.

154 1857 259 1885 uno
312 1854 538 1884 sessore
602 1847 856 1897 regatur.
918 1854 956 1884 v.

153 1900 432 1943 Scheffer.
467 1899 530 1941 de
561 1912 615 1941 re
650 1900 819 1942 vehic.
852 1899 888 1942 I.
915 1898 955 1943 8.

153 1974 193 2012 p.
222 1958 279 2003 85
312 1971 375 2012 sq.
422 1958 621 2010 Ξυνωρὶς
661 1963 807 1999 antem
856 1963 958 1998 sunt

153 2019 339 2071 bigae,
389 2022 432 2056 et
471 2016 626 2069 ζεῦγος
674 2016 860 2069 trigae
915 2020 959 2056 et

153 2074 470 2128 quadrigae.
511 2087 548 2116 v.
590 2074 813 2122 snidan,
855 2072 958 2113 He-

153 2132 402 2186 sychius,
452 2131 797 2172 Phavorinus
838 2143 874 2169 s.
918 2128 956 2170 Ιι.

155 2203 220 2233 vv.
290 2188 495 2230 Ceterum
539 2187 593 2228 de
626 2188 847 2241 prytaneis
888 2200 963 2227 ve·

155 2246 260 2288 teris
315 2244 529 2287 Graeciae
585 2257 622 2285 v.
676 2244 710 2284 H
729 2256 961 2286 ermann.

153 2304 436 2356 Antiquitatt.
468 2303 588 2344 Pubi.
619 2301 659 2354 ξ.
678 2300 721 2344 5.
748 2307 790 2342 et
830 2301 868 2354 ξ.
889 2301 962 2345 36.

153 2361 324 2404 Mfille
338 2375 369 2402 r.
386 2361 610 2401 Dorienss.
631 2359 691 2400 11.
703 2359 789 2403 134
801 2372 894 2412 sqq.
912 2382 963 2389 —

155 2424 238 2461 Pro
269 2432 309 2459 v,
340 2420 559 2471 νενίκηκεν
589 2413 835 2467 Ὀλυμπιάσι
875 2416 965 2457 fere

155 2475 312 2518 dicitur
342 2477 563 2529 νενίκηκεν
592 2471 805 2525 Ὀλύμπια.
872 2472 960 2515 Sed

157 2534 311 2576 eodem
349 2535 481 2575 modo
516 2534 748 2574 isocrat.
785 2532 839 2573 de
861 2531 957 2583 Bier.

156 2607 197 2647 p.
228 2591 329 2636 351.
362 2592 411 2634 C.
446 2596 489 2633 et
519 2605 560 2644 p.
591 2590 690 2635 357
722 2590 783 2631 B:
815 2582 958 2639 Ὀλυμ-

158 2645 308 2690 πιάσιν
337 2647 544 2702 ἐνίκησεν.

217 2721 241 2747 ο
273 2705 365 2758 μὲν
395 2704 495 2761 γὰρ
524 2703 663 2756 ὑμᾶς
685 2728 742 2736 —-
773 2703 962 2744 δοκεῖν

156 2757 324 2819 εἶναι]
341 2766 642 2835 opponuntur
674 2762 785 2804 inter
803 2776 850 2803 se
882 2760 962 2803 δο-

157 2826 273 2863 κεῖν
303 2817 452 2863 εἶναι
481 2828 525 2863 et
554 2816 675 2870 εἶναι,
709 2820 736 2863 i.
757 2834 794 2862 e.
829 2817 964 2861 ὅντως

155 2875 280 2921 εἶναι.
314 2881 472 2933 Itaque
503 2893 588 2921 non
620 2879 813 2919 videmus
843 2891 965 2918 caus-

159 2951 253 2979 sam
273 2939 492 2988 idoneam,
514 2936 699 2988 curquis
719 2947 815 2976 cum
833 2935 908 2976 He
922 2948 964 2976 ι·-

159 3008 350 3037 manno
398 2989 507 3035 εἶναι
555 2998 655 3048 post
694 2991 835 3034 δοκεῖν
881 2994 966 3034 toi·

162 3052 334 3095 lendum
370 3057 556 3094 censeat.

218 3110 324 3160 Ca'p.
353 3109 539 3152 XXVH.
589 3111 632 3148 Ρ.
666 3108 738 3152 37.
783 3105 962 3161 ὥςπερ

162 3167 289 3221 περὶ
344 3168 440 3208 τοῦ
492 3168 688 3207 οἴκτου
743 3166 828 3206 καὶ
875 3166 965 3219 τῆς

159 3221 610 3279 ἆντιβολήσεως]
672 3224 872 3277 Respicit
909 3223 963 3264 ad

162 3297 199 3327 c.
230 3282 415 3335 XX111.,
459 3283 530 3323 ubi
571 3282 743 3322 dicebat
773 3282 886 3323 noue
917 3294 964 3321 se

161 3341 343 3383 aliorum
362 3353 535 3382 reorum
558 3339 803 3392 exemplum
825 3338 964 3392 sequi,

160 3399 234 3451 qui
276 3398 483 3440 iudicibus
537 3400 759 3438 moverent
798 3395 962 3437 miseri-

1044 1839 1232 1881 cordiam
1267 1833 1508 1892 (οἶκτον),
1541 1850 1621 1879 nec
1651 1835 1857 1877 commis-

1043 1911 1188 1939 surum
1224 1910 1345 1948 esse,
1390 1903 1436 1937 ut
1467 1895 1630 1936 iudices
1671 1894 1856 1961 supplex

1043 1961 1248 2008 rogaret,
1293 1956 1331 1995 in
1362 1967 1446 2002 qua
1480 1966 1526 1994 re
1558 1952 1747 1993 cernitur
1780 1945 1853 1990 ἀν-

1045 2011 1265 2065 τιβόλησις
1298 2026 1333 2053 ε.
1365 2007 1604 2063 ἀντιβολιᾝα
1665 2009 1773 2051 Nam
1809 2013 1855 2048 ut

1043 2067 1283 2123 ἀντιβολεῖν
1321 2069 1433 2110 idem
1475 2069 1591 2109 vaiet
1620 2065 1736 2119 quod
1770 2064 1854 2106 t‘-ne

1045 2125 1195 2176 τεύειν,
1226 2128 1284 2168 ita
1318 2122 1593 2179 ἀντιβόλησις
1630 2124 1745 2164 idem
1786 2129 1856 2164 est

1049 2187 1167 2238 quod
1207 2183 1371 2225 [nst-sim
1414 2198 1452 2224 v.
1497 2183 1681 2225 T.hom
1716 2180 1857 2235 Mag.

1050 2257 1092 2297 p
1126 2242 1193 2286 75.
1225 2239 1524 2283 Βετὸδὲν.
1557 2238 1834 2293 adp.23A

1107 2297 1248 2342 ἑκών
1288 2313 1406 2341 εινα
1425 2299 1470 2351 ι]
1518 2297 1556 2339 Ιι.
1605 2311 1644 2338 e
1690 2309 1855 2349 quan-

1050 2363 1162 2399 tum
1195 2358 1411 2410 quidem
1446 2371 1469 2396 a
1507 2368 1620 2396 mea
1650 2353 1853 2407 pende-

1051 2416 1142 2457 bat
1199 2417 1506 2456 voiuntate.
1587 2411 1681 2454 Non
1740 2410 1854 2453 idem

1051 2480 1131 2520 est,
1149 2471 1460 2526 quodsimpiex
1480 2467 1602 2512 ἑκών.
1624 2483 1664 2510 ν.
1680 2468 1855 2510 Herm.

1045 2531 1097 2572 ad
1129 2531 1278 2582 Viget.
1322 2544 1363 2584 p.
1396 2528 1494 2574 880.
1536 2534 1580 2569 et
1611 2527 1855 2581 opusculi

1048 2603 1091 2641 p.
1135 2589 1220 2632 227
1258 2601 1305 2640 sq
1373 2585 1649 2628 Matthiae
1697 2585 1773 2626 Gr
1813 2583 1854 2636 ξ.

1044 2645 1142 2691 545.
1195 2646 1350 2688 Rost.
1384 2646 1461 2686 Gr.
1494 2657 1530 2686 c.
1564 2643 1663 2686 122.
1697 2655 1735 2696 p
1770 2642 1855 2686 653

1050 2704 1117 2746 ed.
1148 2704 1188 2748 7.
1223 2705 1320 2744 coll.
1360 2702 1600 2744 Lobeck.
1633 2699 1686 2740 ad
1719 2699 1860 2753 Phry-

1050 2761 1158 2804 nich.
1182 2775 1223 2814 p.
1241 2760 1326 2805 273
1339 2774 1422 2813 sq.,
1443 2759 1514 2812 qui
1538 2758 1668 2799 docet
1684 2757 1859 2800 Atticos

1051 2819 1128 2861 hac
1160 2819 1342 2860 formula
1372 2818 1643 2872 potissimum
1665 2816 1705 2856 in
1728 2827 1860 2857 enun-

1050 2877 1296 2918 tiationibus
1328 2875 1587 2926 negantibus
1619 2885 1724 2914 usos
1745 2886 1858 2914 esse.

1110 2929 1858 2988 ἀλλήλοιςὸιειλέγμεθα]νί-

1053 2992 1217 3034 delicet
1247 2993 1288 3032 in
1321 2991 1456 3045 prima
1487 2995 1609 3059 parte
1642 2989 1785 3030 libelli.

1109 3045 1286 3102 ὥςπερ
1357 3048 1445 3089 καὶ
1506 3044 1702 3088 ἄλλοις
1770 3039 1851 3085 ἇν-

1048 3104 1333 3161 θρώποις]
1386 3112 1432 3148 ut
1480 3103 1855 3153 lacedaemoniis,

1050 3165 1104 3206 de
1135 3165 1291 3218 quibus
1323 3177 1361 3207 v,
1393 3160 1630 3214 Thucyd.
1678 3161 1707 3203 1.
1754 3161 1855 3211 132,

1049 3223 1090 3265 9.
1111 3219 1386 3264 Plutarch.
1404 3223 1529 3274 Ages.
1546 3219 1618 3262 32.
1644 3217 1855 3272 Apophtin

1050 3278 1212 3324 Lacon.
1317 3279 1418 3323 217.
1438 3255 1511 3319 DA.
1546 3277 1600 3318 Β.
1635 3277 1704 3317 ubi
1735 3277 1855 3330 plura

1052 3336 1435 3389 wyttenbacb.

1112 3394 1162 3435 B.
1231 3391 1389 3446 ἄξιός
1452 3392 1564 3442 εἰμι
1619 3405 1714 3431 του
1772 3402 1852 3427 κα-
