2158 3718
60 2618 61 2623 ’
109 2629 273 2657 mann.
314 2646 342 2666 ‚,

0 3224 5 3230 ’“
0 2799 30 3199 '5⁴7'lqupg-»oe--.nffh
20 2763 25 2765 ‚

799 140 1062 215 rHAEDo
1096 155 1140 197 p.
1173 143 1269 186 ιιι.

1799 141 1904 195 283

116 284 213 338 καὶ
242 280 416 353 αὐθὴρ
442 278 605 350 ἀέρος
630 277 770 350 πρὸς
807 279 1184 350 καθαρότητα.
1242 280 1335 332 καὶ
1363 277 1430 348 δὴ
1459 280 1551 332 καὶ
1576 282 1732 332 θεῶν
1758 278 1902 349 ἄλση

114 387 178 421 τε
204 367 298 421 καὶ
336 364 458 437 ἱερὰ
495 363 686 427 αὐτοῖς
713 359 883 433 εἶναι,
925 365 988 418 ἐν
1013 356 1099 427 οἷς
1123 366 1199 434 τῷ
1226 360 1347 416 ὄντι
1374 361 1599 432 οἰκητὰς
1622 362 1796 426 θεοὺς
1823 360 1902 416 εἶ-

117 471 232 521 ναι,
271 451 364 505 καὶ
402 450 588 520 φήμας
623 468 683 502 τε
720 448 814 500 καὶ
850 450 1113 518 μαντείας
1149 448 1243 501 καὶ
1281 447 1572 517 αἰσθήσεις
1596 450 1712 499 τῶν
1741 449 1905 501 ’θεῶν

116 535 212 590 καὶ
257 534 519 596 τοιαύτας
569 533 870 597 ξυνουσίας
917 535 1216 601 γίγνεσθαι
1255 529 1448 594 αὐτοῖς
1484 530 1624 600 πρὸς
1662 528 1898 594 αύτούς·
1935 542 1966 584 C

116 620 211 672 καὶ
255 619 356 672 τόν
401 637 467 686 γε
512 616 677 688 ἥλιον
725 617 818 670 καὶ
865 616 1110 687 σελήνην
1156 617 1250 670 καὶ
1296 613 1475 685 ἄστρα
1520 613 1764 686 ὁρᾶσθαι
1801 613 1903 669 ὑπ’

114 702 307 756 αὐτῶν
356 695 448 755 οἶα
493 701 758 771 τυγχάνει
805 698 975 769 ὄντα,
1026 702 1120 754 καὶ
1166 698 1268 770 τὴν
1317 698 1497 770 ἄλλην
1537 696 1903 770 εὐδαιμονίαν

111 786 333 840 τούτων
372 785 698 840 ἀκόλουθον
737 781 899 839 εἶναι.

256 875 371 939 Cap.
412 874 511 924 LX.
585 870 696 924 Καὶ
735 868 874 939 ὅλην
911 870 1015 939 μὲν
1053 868 1120 939 δὴ
1169 868 1272 939 τὴν
1317 873 1427 938 γῆν
1464 867 1612 922 οὕτω
1651 871 1903 938 πεφυκέ-

113 975 209 1008 ναι
246 956 340 1008 καὶ
377 953 445 1008 τὰ
481 955 611 1023 περὶ
648 953 752 1023 τὴν
788 958 922 1023 γῆν·
963 953 1172 1016 τόπους
1210 951 1261 1005 δ’
1305 954 1370 1006 ἐν
1408 951 1551 1022 αὐτῇ
1591 948 1735 1006 εἶναι
1760 952 1902 1007 κατα

109 1037 181 1092 τὰ
225 1041 453 1107 ἔγκοιλα
500 1037 671 1107 αὐτῆς
718 1039 910 1108 κύκλῳ
960 1038 1089 1107 περὶ
1136 1036 1276 1105 ὅλην
1313 1037 1588 1104 πολλούς’,
1627 1035 1761 1099 τοὺς
1797 1038 1902 1107 μὲν

111 1123 466 1192 βαθυτέρους
510 1124 603 1176 καὶ
655 1121 1152 1190 ἀναπεπταμένους
1197 1123 1414 1190 μᾶλλον
1459 1118 1495 1190 ἢ
1544 1120 1607 1173 ἐν

109 1208 410 1282 οἰκοῦμεν,
459 1204 591 1270 τούς
637 1207 698 1260 δὲ
746 1206 1101 1276 βαθυτέρους
1147 1203 1314 1267 ὄντας
1359 1202 1421 1257 τὸ
1471 1204 1654 1273 χάσμα
1692 1203 1902 1268 αὐτούς

1655 1112 1701 1191 93
1745 1119 1903 1190 ἡμεῖς

226 1363 383 1406 θεῶν
423 1355 592 1418 αλση]
636 1360 722 1418 ε’ὃη
753 1377 828 1417 pio
858 1355 979 1416 ἄλση
1010 1364 1117 1405 Ven.
1140 1364 1180 1404 Α
1208 1361 1519 1403 Pa1.CEH1L
1550 1362 1659 1405 Flor
1684 1375 1708 1402 a
1732 1364 1755 1404 b
1778 1375 1798 1402 o
1822 1364 1834 1402 i
1859 1376 1901 1402 m

110 1422 221 1487 Aug.
250 1428 290 1461 et
317 1433 449 1474 marg.
479 1422 587 1462 Ven
611 1420 666 1467 Ξ.
719 1420 804 1461 Sed
833 1428 945 1460 reete
975 1419 1102 1472 vulgo
1133 1418 1266 1460 θεῶν
1293 1410 1428 1472 αλση.
1475 1417 1603 1460 Coisl.
1635 1419 1748 1463 Flor.
1770 1420 1797 1459 d
1824 1432 1898 1460 τε·

109 1473 248 1531 μένη,
271 1490 381 1530 quae
403 1486 468 1518 est
487 1477 776 1531 ἰηιετριεῑειῑίο
799 1489 891 1517 voc.
914 1467 1050 1529 α’λση.

225 1561 271 1604 C.
301 1554 516 1603 τούτων
557 1553 914 1613 ακόλουθον]
957 1553 1158 1608 τούτων,
1204 1560 1318 1609 quod
1358 1559 1457 1599 olim
1499 1560 1667 1608 aberat,
1712 1571 1734 1598 e
1774 1560 1897 1603 Bodl.

111 1615 241 1659 Coisl.
270 1619 367 1660 Vat.

111 1681 263 1715 tutum.

404 1619 512 1660 Tub.
542 1619 650 1659 Ven.
675 1616 778 1663 ΞΠ
803 1617 929 1659 Vind.
958 1617 1044 1658 ΤΦ
1082 1617 1176 1660 Par.
1201 1615 1235 1655 G
1263 1616 1409 1655 Ambr.

1443 1615 1552 1656 Flor.
1576 1616 1604 1656 d
1633 1616 1728 1656 Zitt.
1768 1617 1897 1656 resti-

221 1744 328 1810 Cap.
351 1743 442 1786 LX.
474 1737 533 1785 τὸ
565 1754 754 1798 χασμα
784 1736 1015 1795 αὐτούς]
1047 1743 1125 1783 Pro
1149 1734 1327 1790 αὐτούς
1349 1742 1458 1783 Tub.
1479 1741 1606 1782 habet
1628 1734 1803 1786 αὐτῶν
1848 1743 1898 1784 Id

107 1801 153 1840 in
175 1793 334 1842 αὐτῶν
355 1807 562 1841 mutatum
585 1800 799 1844 Heindorf.
825 1806 863 1841 et
884 1799 1353 1852 Bekker.1eceperunt
1397 1799 1519 1846 Quod.
1541 1811 1687 1839 vereor
1707 1811 1763 1838 ne
1782 1800 1894 1839 iusto

166 1939 322 1982 θεῶν
343 1935 486 2008 αλση
511 1952 567 1980 τε
590 1937 687 1980 καὶ
711 1933 854 1993 ἴερα]
878 1940 954 1979 Le-

107 1998 222 2051 gitur
260 1998 386 2037 etiam
426 1991 529 2050 ε’ὃη,
571 1996 686 2047 quod
723 1996 872 2036 habuit
903 1997 955 2035 ob

108 2054 258 2094 oculos
277 2054 388 2093 Tim
405 2065 532 2093 aeus
548 2051 686 2092 Gloss
708 2063 750 2103 p.
771 2054 825 2093 93
837 2047 957 2120 ἕδος

108 2103 162 2151 τὸ
205 2101 398 2164 ἄγαλμα
436 2106 520 2150 καὶ
559 2103 583 2148 ὃ
626 2101 785 2159 τόπος,
829 2101 879 2149 ἐν
920 2123 955 2164 ῳ

109 2165 322 2219 ἵδρυται.
366 2165 475 2206 Sunt
504 2160 590 2218 ε’δη
621 2164 820 2217 templa
848 2150 955 2204 stast

108 2224 217 2262 tuis
254 2228 463 2270 ornata,
496 2233 756 2273 quamquam
787 2220 957 2273 saepius

109 2279 163 2318 de
191 2278 499 2318 simulacris
528 2278 694 2316 dicitur.
720 2289 762 2318 v,
786 2276 954 2316 doctam

108 2334 295 2375 Kochii
326 2334 662 2400 disputationem
688 2332 881 2373 Addend
912 2334 955 2371 in

108 2392 216 2431 Tim.
233 2390 371 2433 Gloss.
389 2403 431 2443 p.
446 2392 510 2430 16.
534 2383 662 2441 Ιεροῖ
681 2395 780 2428 sunt
802 2401 956 2440 quae

108 2448 188 2487 vis
223 2447 339 2488 loca
369 2447 472 2486 diis
501 2451 828 2486 consecrata.
871 2445 957 2485 Sed

111 2504 252 2543 minus
289 2510 434 2557 aptum
478 2509 542 2542 est
580 2502 634 2543 ιθ.
665 2496 750 2554 έδη
786 2514 837 2542 τε
872 2498 957 2542 καὶ

108 2553 238 2613 ἷερα,
268 2565 316 2599 ut
342 2559 564 2599 verissime
597 2558 799 2598 iudicavit
829 2558 954 2597 Her-

349 2615 559 2663 Quorsum
593 2615 703 2654 enim
731 2614 956 2653 simulacra

108 2672 300 2719 deorum,
334 2673 486 2723 inquit,
524 2671 593 2711 ubi
623 2671 678 2710 dii
710 2677 955 2723 praesentes

106 2727 274 2768 sunt?“
323 2729 452 2769 Recte
486 2728 615 2780 igitur
643 2720 764 2780 ἄλση
796 2739 845 2767 τε
873 2723 956 2767 καὶ

107 2797 215 2837 ιερα
240 2785 270 2825 ἰ.
293 2796 330 2827 e.
358 2784 466 2823 luci
497 2797 531 2826 s.
555 2795 728 2823 nemora
748 2783 831 2823 diis
852 2795 956 2822 con-

107 2849 272 2880 secrata
310 2847 436 2892 atque
466 2839 587 2880 fana
615 2841 656 2878 in
687 2839 836 2878 iisdem
881 2852 953 2879 ex-

108 2903 280 2947 structa,
302 2903 346 2935 ut
366 2895 792 2948 ap.Liv‚XXXV.51
811 2896 957 2946 fanum

107 2959 153 2993 et
173 2954 302 2992 lucus.
326 2952 485 2991 Deinde
507 2950 666 3005 φῆμαι
684 2961 782 2990 sunt
798 2964 955 2991 voces

111 3009 335 3049 deorum.
407 3007 613 3048 Vocabuli
661 3007 865 3058 originem
917 3015 956 3046 et

111 3077 235 3104 usum
265 3064 389 3104 docte
417 3070 456 3102 et
485 3063 694 3103 subtiliter
728 3063 956 3102 illustravit

110 3118 478 3173 Wyttenbach.
519 3119 572 3159 ad
612 3118 761 3160 Iulian.
804 3118 872 3159 Or.
914 3119 953 3158 in

112 3176 350 3217 Constantii
398 3175 511 3215 laud.
554 3187 596 3228 p.
636 3175 716 3214 150
752 3187 844 3226 sqq.
888 3175 955 3215 ed.

111 3233 229 3286 Lips.
286 3232 351 3272 Ab
393 3231 460 3271 his
500 3232 800 3271 discernuntur
838 3244 956 3284 μαν-

110 3291 253 3339 τεῖαι,
297 3300 405 3341 quae
446 3294 545 3327 sunt
587 3287 706 3339 ipsa
747 3287 957 3326 deorum

113 3356 392 3397 responsa.
416 3357 456 3383 v
459 3341 845 3408 Wyttenbach.
870 3343 896 3381 l.
919 3355 955 3384 c

111 3413 155 3454 Ρ.
187 3402 280 3443 137.
313 3392 470 3441 Αἰσθ’
440 3410 572 3453 ησεις
601 3396 732 3440 θεῶν
763 3410 846 3438 non
874 3399 958 3438 iam

110 3468 209 3495 cum
230 3455 476 3496 Fischero
506 3454 750 3496 referendas
780 3454 959 3494 a1bitro1

1043 1940 1098 1979 ad
1127 1938 1246 1978 visa
1278 1944 1323 1978 et
1352 1939 1579 1987 somnia,
1612 1951 1705 1978 oum
1737 1939 1795 1979 dii
1814 1937 1894 1979 ho-

1043 1995 1226 2034 minibus
1269 1994 1334 2033 vel
1376 1995 1652 2046 vigilantibus
1688 1995 1756 2034 vel
1795 1995 1893 2035 dor·

1043 2051 1274 2091 mientibus
1304 2063 1511 2103 apparere
1538 2051 1732 2092 videntur
1751 2051 1893 2101 iisque

1044 2107 1204 2158 aliquid
1243 2106 1503 2159 significare3
1545 2108 1622 2147 sed
1651 2107 1894 2161 significare

1044 2172 1146 2216 puto
1181 2163 1352 2202 deorum
1380 2163 1564 2203 visiones
1596 2170 1636 2202 et
1658 2163 1894 2217 apparitio—

1046 2232 1136 2267 nes,
1167 2231 1263 2258 eum
1294 2231 1449 2258 numen
1471 2220 1664 2272 ipsorum
1685 2232 1892 2273 praesens

1043 2276 1195 2316 adesse
1218 2275 1406 2315 sentitur.
1451 2275 1615 2328 Quippe
1645 2276 1703 2315 dii
1726 2276 1785 2315 ibi
1808 2288 1893 2316 non

1043 2332 1358 2372 obscurioribus
1374 2331 1540 2372 indiciis
1559 2338 1891 2384 cognoscuntur,

1043 2396 1090 2428 ut
1117 2388 1232 2441 apud
1261 2387 1468 2436 homines,
1499 2388 1574 2427 sed
1597 2388 1778 2428 sentitur
1797 2389 1894 2442 ipsa

1044 2457 1186 2485 eorum
1212 2445 1467 2508 piaesentia.

1103 2499 1146 2541 C.
1181 2492 1408 2565 αυτοῖς]
1469 2499 1786 2541 hominibus.
1837 2521 1895 2528 —

1044 2550 1162 2610 πρὸς
1193 2549 1383 2607 αὐτούς,
1415 2569 1472 2598 sc.
1508 2549 1619 2603 τοὺς
1649 2550 1892 2603 θεούς.-

1043 2614 1143 2654 Mox
1173 2614 1286 2664 quod
1315 2613 1522 2678 scriptum
1552 2613 1705 2677 legitur
1732 2607 1817 2653 τόν
1838 2625 1891 2667 γε

1043 2661 1183 2723 ἥλιον
1199 2665 1283 2710 καὶ
1301 2668 1505 2722 σεληνην
1527 2661 1649 2709 καὶ’
1627 2680 1792 2722 αστρα,
1817 2681 1888 2708 eo-

1044 2728 1142 2766 dem
1170 2725 1296 2766 modo
1329 2725 1490 2766 Phileb.
1522 2738 1563 2777 p.
1586 2727 1641 2766 28
1665 2725 1696 2764 Ε
1725 2722 1808 2765 καὶ
1837 2718 1894 2778 ἡ-

1045 2781 1149 2823 λίου
1189 2778 1273 2822 καὶ
1313 2775 1514 2835 σελήνης
1553 2778 1636 2822 καὶ
1668 2772 1890 2835 αστέρων.

1043 2839 1205 2880 Politie..
1242 2851 1286 2891 p.
1315 2839 1395 2878 271
1424 2836 1455 2878 C
1490 2836 1584 2878 τῶν
1621 2848 1804 2890 αστρων
1840 2850 1891 2878 τε

1042 2891 1126 2935 καὶ
1161 2888 1324 2958 ἡλίου
1337 2887 1620 2961 μεταβολήν.
1661 2895 1791 2946 Legg.
1832 2893 1888 2934 X.

1045 2964 1086 3004 p.
1115 2953 1196 2991 899
1228 2951 1258 2990 B
1294 2941 1477 3002 ἄστρων
1507 2963 1616 3001 περι
1645 2946 1726 2990 καὶ
1757 2942 1893 3013 σελή-

1044 3021 1144 3072 νης
1179 3007 1237 3045 De
1257 3007 1362 3060 Rep.
1387 3008 1478 3049 Vll.
1504 3019 1542 3070 p.
1567 3007 1648 3046 516
1668 3007 1702 3045 A
1723 2999 1775 3046 τὸ
1797 3004 1892 3046 τῶν

1043 3056 1227 3127 ἄστρων
1248 3075 1298 3103 τε
1320 3059 1402 3103 καὶ
1425 3056 1624 3127 σελήνης
1648 3060 1765 3114 φῶς.

1101 3113 1319 3159 τούτων
1349 3111 1683 3159 ακόλουθον
1713 3111 1900 3166 εἶναι]

1044 3176 1282 3215 licinus
1306 3176 1504 3214 ceteris
1527 3175 1574 3213 in
1595 3173 1886 3212 rebusbea-

1043 3232 1330 3271 titudinem
1361 3243 1451 3271 eos
1475 3230 1557 3269 his
1587 3229 1739 3268 rebus
1762 3239 1886 3267 con-

1044 3300 1100 3339 gr
1112 3300 1220 3326 uam
1243 3287 1539 3349 possidere.

1103 3343 1206 3395 Cap.
1229 3343 1318 3384 LX.
1359 3335 1494 3389 τούς
1533 3335 1593 3381 δὲ
1636 3335 1889 3392 βαθυτέ-

1045 3411 1181 3450 ρους
1218 3397 1288 3451 -]
1337 3397 1600 3438 Constructio
1651 3395 1888 3460 paullulum

1044 3462 1226 3501 mutata;
1270 3455 1449 3494 debebat
1491 3453 1601 3492 enim
1643 3452 1762 3504 pergi
1803 3451 1883 3491 sic:
