2158 3718
745 164 828 208 AD
859 166 1282 212 PHAEDONEM.
1317 152 1330 156 ”
1839 156 1909 209 55

135 310 415 372 exposuisse
440 307 686 360 luculente
715 315 919 360 testatur
946 309 1226 377 lulianus1).
1281 310 1408 368 Quin
1434 314 1532 359 tota
1561 302 1676 359 Orci
1703 307 1751 350 et
1775 301 1907 353 1060-

131 378 243 427 rum
269 380 537 430 inferorum
564 380 825 446 descriptio
852 397 877 431 3
900 381 1114 431 Diodoro
1134 380 1298 433 Siculo
1312 378 1348 444 ²)
1378 381 1690 430 sacerdotum
1716 373 1906 438 Aegyp·

133 450 311 499 tiorum
339 451 626 500 auctoritate
653 451 713 500 ad
741 452 991 515 Orpheum
1020 454 1235 503 refertur
1261 457 1512 502 auctorem
1525 449 1581 514 3).
1632 442 1701 491 De
1734 443 1906 507 imagi·

131 519 274 570 nibus
309 527 471 570 autem
505 522 555 584 in
592 523 834 586 mysteriis
871 522 932 572 ob
971 524 1136 574 oculos
1171 523 1341 589 positis
1369 527 1417 572 et
1444 522 1504 572 ad
1533 518 1634 571 veri
1661 513 1906 563 divinandi

39 619 42 622 Δ
129 592 500 656 augurandique
525 593 765 642 rationem
797 597 1090 658 comparatis
1117 595 1282 645 omnia
1315 609 1447 643 nunc
1473 607 1631 657 prope
1657 583 1707 631 in
1734 582 1906 649 vulgus

128 665 239 710 nota
266 669 396 712 sunt.

269 733 366 783 Sed
390 734 506 783 satis
532 734 653 784 haec
679 736 928 792 universe;
958 737 1207 788 videamus
1234 737 1295 786 de
1322 734 1538 799 singulis,
1581 733 1643 783 Et
1667 733 1716 781 in
1742 737 1905 783 terrae

126 803 315 853 inferae
341 805 537 869 quidem
567 806 893 869 descriptione
931 806 1061 856 haud
1089 810 1269 858 scimus
1296 822 1357 856 an
1384 805 1521 856 Plato
1549 802 1782 853 nonnulla
1809 803 1903 852 531-

126 879 223 923 tem
258 882 342 924 aut
376 875 434 925 ab
473 875 700 940 Orphicis
736 883 904 928 mutua
941 879 1190 935 sumserit,
1238 883 1321 928 aut
1356 878 1416 926 ad
1453 891 1622 926 eorum
1660 875 1903 924 rationem

125 945 450 996 adornaverit.
503 946 558 995 In
594 949 768 996 ceteris
804 954 967 998 autem
1004 947 1346 1012 descriptionis
1382 962 1499 996 suae
1534 943 1755 1010 partibus
1780 945 1900 1009 phy-

125 1016 338 1066 sicorum
368 1022 415 1065 et
441 1016 880 1082 Pythagoricorum
907 1017 1083 1083 placita
1110 1020 1390 1083 promiscue
1417 1016 1477 1066 ad
1503 1031 1609 1065 rem
1636 1029 1775 1063 suam
1799 1020 1896 1063 tra-

126 1086 321 1137 duxisse
367 1087 567 1137 videtur.
621 1088 690 1137 Ita
734 1089 863 1152 quod
908 1094 1090 1139 terram
1136 1088 1395 1139 rotundam
1433 1088 1482 1135 in
1517 1085 1679 1135 medio
1716 1084 1901 1133 mundo

123 1156 300 1207 locavit
325 1173 529 1223 eamque
557 1158 615 1208 ab
645 1161 777 1208 omni
804 1175 888 1210 sua
916 1165 1054 1224 parte
1081 1174 1251 1210 versus
1279 1164 1501 1209 centrum
1527 1171 1669 1206 suum
1696 1169 1900 1218 vergen-

123 1233 222 1278 tem
249 1229 385 1286 fecit,
424 1230 474 1278 in
509 1231 783 1293 posteriore
818 1232 1086 1281 sententiae
1122 1236 1261 1295 parte
1288 1234 1484 1280 secutus
1512 1233 1584 1277 est
1608 1226 1900 1275 Anaximan-

123 1299 265 1348 drum
278 1297 339 1364 ⁴),
385 1300 435 1349 in
479 1302 646 1364 priore
690 1302 920 1366 opinione
967 1303 1110 1352 etiam
1155 1302 1304 1351 duces
1346 1299 1519 1348 habuit
1552 1296 1900 1362 Pythagoreos,

124 1385 249 1435 quos
278 1375 458 1420 terram
485 1370 737 1435 globo-sam
766 1389 874 1422 esse
902 1372 1110 1422 voluisse
1138 1377 1327 1422 constat
1340 1368 1392 1433 5).
1430 1369 1490 1418 Et
1514 1366 1739 1432 probavit
1763 1365 1900 1415 Plato

123 1443 417 1492 sententiam
453 1442 514 1493 de
548 1448 682 1492 terra
716 1444 765 1491 in
801 1444 960 1493 media
987 1458 1155 1493 rerum
1184 1441 1501 1492 universitate
1527 1438 1684 1503 posita
1711 1452 1823 1487 cum
1849 1439 1900 1486 in

121 1512 320 1562 Timaeo
332 1509 387 1577 6),
416 1519 518 1563 tum
537 1515 681 1563 etiam
704 1515 755 1562 in
775 1514 1000 1564 Phaedro
1015 1512 1066 1578 ⁷),
1096 1519 1150 1564 ut
1176 1514 1306 1562 illam
1334 1512 1535 1560 omnino
1563 1523 1699 1558 suam
1726 1508 1901 1557 fecisse

121 1583 470 1634 existimandus
507 1586 582 1634 sit.
634 1585 734 1634 lam
773 1601 888 1635 vero
926 1585 1055 1650 quod
1092 1592 1278 1635 terram
1304 1582 1442 1633 finxit
1467 1594 1756 1644 supernam,
1787 1593 1900 1628 coe-

120 1653 323 1705 lestibus
342 1655 627 1719 regionibus
647 1657 991 1721 propinquam,
1017 1671 1164 1721 quam
1191 1671 1338 1705 unam
1360 1666 1526 1702 veram
1549 1656 1597 1700 et
1615 1663 1897 1712 germanam

120 1731 304 1775 terram
342 1741 449 1776 3553
485 1726 694 1783 dictitat,
734 1727 919 1777 etiamsi
956 1727 1051 1776 hoc
1091 1742 1190 1776 non
1226 1725 1368 1775 aliam
1396 1722 1458 1772 ob
1487 1736 1684 1771 causam
1711 1719 1895 1778 fecerit,

119 1811 266 1860 quam
303 1802 357 1846 ut
390 1796 552 1847 locum
588 1797 818 1854 haberet,
856 1797 941 1847 uhi
975 1799 1066 1862 piis
1102 1798 1275 1847 animis
1311 1810 1455 1845 suum
1493 1791 1795 1842 domicilium
1822 1806 1896 1839 35-

118 1868 347 1931 signaret,
375 1874 538 1918 tamen
565 1883 628 1918 ne
653 1868 747 1918 hac
773 1869 969 1932 quidem
992 1871 1040 1917 in
1061 1884 1116 1918 re
1138 1869 1295 1918 caruit
1315 1864 1708 1916 testimoniorum
1732 1867 1897 1910 aucto-

119 1939 278 1996 ritate,
301 1954 426 2003 quae
451 1941 722 1989 sententiae
750 1955 867 1989 suae
895 1938 969 1988 vel
995 1939 1141 1988 fidem
1162 1940 1347 1988 faceret
1371 1934 1440 1985 vel
1464 1931 1899 1982 verisimilitudinis

118 2010 331 2071 speciem
359 2009 655 2059 conciliaret.
709 2011 832 2060 Nam
859 2011 1069 2073 primum
1099 2009 1299 2074 quidem
1326 2009 1416 2056 ista
1442 2011 1604 2054 terrae
1631 2003 1899 2066 superioris

38 2132 42 2138 ,
119 2080 250 2130 fictio
277 2089 481 2142 cognata
521 2087 594 2130 est
627 2080 909 2143 vulgaribus
945 2081 1005 2130 de
1033 2079 1263 2145 Olympo,
1307 2075 1508 2127 coelesti
1533 2075 1739 2123 deorum
1766 2073 1896 2130 sede,

120 2150 458 2214 opinionibus,
495 2152 627 2200 unde
664 2157 797 2201 certe
828 2153 932 2214 ipsa
970 2166 1164 2215 quoque
1200 2150 1424 2213 speciosa
1460 2145 1658 2196 exsistit.
1710 2143 1898 2192 Deinde

118 2221 213 2270 iam
240 2220 606 2284 Anaxagorasss)
641 2221 849 2272 similem
888 2222 1130 2284 quandam
1169 2218 1438 2284 superioris
1472 2222 1636 2265 terrae
1662 2213 1896 2263 informa-

118 2298 255 2341 verat
279 2293 564 2356 imaginem,
602 2298 655 2342 ut
680 2293 816 2342 Plato
845 2293 989 2342 etiam
1017 2292 1333 2356 physicorum
1372 2287 1593 2337 doctriua
1621 2284 1707 2333 niti
1734 2284 1895 2333 videa-

118 2369 214 2412 tur.
268 2361 506 2412 Ornatum
557 2370 720 2413 autem
768 2362 1013 2428 reliquum
1063 2364 1285 2426 picturae
1334 2372 1576 2424 perquam
1624 2354 1806 2403 vividae
1850 2360 1898 2403 et

119 2433 319 2483 illustris
345 2435 434 2483 etsi
461 2449 560 2483 non
589 2440 802 2491 constat,
833 2434 963 2483 unde
989 2432 1312 2497 philosophus
1339 2427 1646 2492 repetiverit,
1675 2430 1897 2490 praeter-

119 2519 265 2569 quam
292 2504 422 2568 quod
447 2506 717 2568 superioris
743 2511 906 2554 terrae
931 2505 1106 2554 faciem
1135 2518 1245 2552 cum
1274 2502 1371 2566 pila
1399 2498 1657 2549 duodecim
1686 2494 1895 2575 laterum

118 2574 442 2625 verisimiliter
475 2577 747 2625 secundum
783 2575 1118 2640 Pythagoreos
1163 2572 1436 2627 contendit,
1483 2571 1567 2634 qui
1610 2567 1894 2633 primariam

119 2645 331 2696 aetheris
356 2647 564 2696 formam
591 2647 899 2697 dodecaedro
937 2641 1435 2709 comparavissent9),
1472 2646 1637 2689 tamen
1673 2637 1787 2702 quid
1825 2638 1896 2686 rei

120 2717 181 2766 sit
222 2716 282 2765 ad
327 2718 684 2768 coniiciendum
730 2733 830 2767 non
876 2718 997 2767 adeo
1044 2722 1117 2767 est
1154 2713 1364 2765 difficile.
1419 2711 1609 2776 Quippe
1646 2710 1898 2760 exornavit

235 2887 255 2925 1
313 2884 438 2946 Orrat.
472 2886 573 2927 VII.
604 2900 645 2939 p.
678 2888 783 2928 216:
816 2883 898 2926 καὶ
931 2878 1151 2926 Πλάτωνι
1182 2876 1331 2924 πολλὰ
1362 2875 1896 2947 μ’,εμυθολᾷγηταιηπερὶ

119 2940 210 2982 τῶν
274 2956 301 2982 ν
337 2940 461 2993 ᾳδου
499 2937 788 2994 πραγμάτων
828 2940 1141 2994 θεολογοῦντι
1180 2938 1260 2982 καὶ
1299 2952 1390 2992 προ
1429 2953 1480 2992 γε
1518 2951 1689 2980 τουτου
1719 2952 1782 2991 τῳ
1814 2937 1896 2991 τῆς

117 2991 389 3051 Καλλιόπης
419 2997 461 3037 11.
496 3011 533 3038 3.
567 2998 765 3051 Orpheo.

232 3055 275 3162 ἐξ
306 3055 507 3157 ἒοξξὲῆς,
539 3109 763 3162 Aglaoph.
797 3124 839 3163 p.
875 3111 971 3151 811.

231 3166 276 3214 4)
306 3168 445 3209 Arist.
476 3167 544 3206 De
578 3165 704 3206 coelo
736 3167 797 3219 ΙΙ,
831 3168 897 3208 13.

233 3222 276 3272 5)
307 3224 442 3276 Diog.
474 3223 629 3263 Laert.
661 3221 789 3274 VIII,
819 3224 886 3264 48.

234 3279 277 3329 6)
311 3280 424 3332 Pag.
455 3281 510 3320 40
532 3279 582 3321 B.

235 3334 277 3387 7)
309 3335 412 3376 Hoc
452 3335 789 3376 demonstrasse
827 3334 1033 3375 videmur
1071 3335 1117 3374 in
1156 3334 1369 3375 Diatribe
1409 3333 1463 3375 de
1503 3333 1657 3386 mytho
1695 3331 1893 3374 Phaedri

120 3391 516 3500 Platbf‘sitffipssilc.
551 3447 803 3492 Comment.
838 3446 896 3486 ad
924 3446 1062 3486 Arist.
1093 3447 1231 3500 Phys.
1263 3461 1304 3499 p.
1337 3450 1391 3488 33
1412 3447 1461 3495 B,
1494 3447 1550 3487 34
1570 3445 1623 3489 A.

236 3502 280 3556 9)
313 3504 427 3544 Tim.
462 3518 503 3557 p.
534 3506 588 3545 55
612 3503 661 3543 O.
