2158 3718
295 120 397 173 172

1022 83 1346 158 PLATole

295 261 360 313 ἐν
395 257 628 327 τοιαύτῃ
667 253 789 327 ὥρα
826 257 920 308 καὶ
956 254 1109 307 πάνυ
1146 253 1321 323 μάλα·
1362 251 1655 323 συμπεσὸν
1689 252 1799 325 γὰρ
1824 254 1887 309 τὸ
1913 261 2075 327 σῶμα

293 343 387 396 καὶ
438 340 799 416 ταριχευθέν,
859 335 1042 407 ὥςπερ
1098 337 1157 390 οἱ
1207 338 1272 391 ἐν
1317 337 1588 409 Αἰγύπτῳ
1627 341 2076 411 ταριχευθέντες,

234 434 272 475 D
294 426 490 495 ὀλίγου
528 425 665 479 ὅλον
702 424 856 493 μένει
894 419 1183 491 ἀμήχανον
1220 418 1362 475 ὅσον
1400 422 1631 493 χρόνον·
1675 424 1798 476 ἔνια
1836 425 1898 479 δὲ
1934 425 2077 495 μέρη

292 514 395 564 τοῦ
443 509 724 579 σώματος,
773 507 865 559 καὶ
904 503 974 558 ἂν
1013 509 1193 576 σαπῇ,
1241 505 1376 559 ὀστᾶ
1423 526 1482 561 τε
1529 508 1623 560 καὶ
1662 510 1840 577 νεῦρα
1878 510 1972 562 καὶ
2009 505 2077 562 τὰ

293 598 524 648 τοιαῦτα
572 593 782 660 πάντα,
833 589 1009 660 ὅμως,
1059 587 1134 652 ὥς
1179 591 1311 653 ἔπος
1349 591 1555 659 εἰπεῖν,
1604 589 1861 646 ἀθάνατα
1901 593 2072 646 ἐστιν.

292 678 328 748 ἢ
366 677 438 732 οὔ
452 702 464 743 3
505 680 639 730 Ναί.
696 674 768 728 Ἡ
800 674 861 729 δὲ
899 671 1049 743 ψυχὴ
1090 671 1218 745 ἄρα,
1257 672 1321 727 τὸ
1360 673 1558 744 ἅειδές,
1596 674 1659 728 τὸ
1702 676 1781 739 εἰς
1816 680 2078 730 τοιοῦτον

254 753 257 755 d
292 762 468 818 τόπον
503 762 699 830 ἕτερον
737 759 1051 829 οἰχόμενον,
1090 765 1358 826 γενναῖον
1397 760 1491 811 καὶ
1530 758 1789 829 καθαρὸν
1826 762 1919 814 καὶ
1957 759 2077 814 ἀει-

405 962 455 1005 D.
490 958 589 1002 καὶ
630 951 697 1002 ὂίν
738 957 915 1011 σαπῇ]
959 957 1028 999 Sic
1055 957 1177 1002 Bodl.
1208 958 1313 999 Tub.
1344 959 1453 1001 Ven.
1485 957 1544 1002 H.
1586 957 1827 1012 Legebatur
1866 956 1951 1001 καὶ
1992 951 2079 1002 ε’ἀν

290 1017 436 1073 σαπῇ.

294 1188 468 1238 durat3
497 1185 843 1240 potestenim
878 1184 1142 1236 integrum

293 1243 612 1284 conservari
639 1253 804 1295 prope
834 1240 1144 1279 immensum

294 1310 502 1353 temp-us
549 1298 936 1351 Aegyptiorum
1000 1307 1145 1336 more

293 1369 349 1397 00
364 1357 565 1396 nditum
586 1353 1054 1402 medicaminibus3
1073 1353 1146 1391 si-

291 1425 354 1453 ve
381 1423 576 1465 corpus
605 1412 658 1450 in
694 1409 1028 1463 putredinem
1058 1409 1144 1447 ab-

291 1469 438 1517 ierit,
481 1467 644 1507 sicuti-
670 1466 758 1518 fit,
790 1465 877 1504 ubi
907 1477 1005 1504 non
1034 1476 1144 1503 am-

291 1525 439 1579 plius
466 1524 642 1564 viride
674 1531 721 1561 et
749 1528 994 1573 vegetum
1016 1519 1145 1572 fuit,

293 1589 439 1621 certe
468 1579 761 1620 nonnullae
792 1578 904 1618 eius
939 1584 1145 1630 partes,

294 1649 418 1679 ossa
438 1648 495 1676 ac
515 1635 765 1676 tendines
798 1640 845 1673 et
874 1645 1005 1684 quae
1027 1640 1148 1673 sunt

293 1694 401 1734 alia
440 1693 494 1734 id
533 1705 698 1745 genus
740 1691 938 1739 omnia,
981 1701 1147 1742 prope

293 1749 622 1790 immortales
689 1747 943 1787 videntur
1012 1758 1145 1788 esse.

293 1806 460 1846 Etenim
489 1801 748 1859 χαριέντως
779 1796 831 1843 τὸ
855 1801 989 1854 σῶμα
1019 1797 1146 1855 ἔχειν

295 1863 514 1909 dicuntur,
546 1862 620 1913 qui
648 1867 803 1911 vegeto
833 1871 1008 1912 corpore
1048 1866 1148 1897 sunt

297 1927 338 1958 et
356 1918 519 1972 pollent
546 1918 682 1970 gratia
706 1927 755 1955 ao
773 1924 995 1955 venustate
1018 1915 1146 1954 adeo-

295 1987 378 2025 que
405 1975 583 2015 iuvenili
611 1972 752 2014 adhuc
782 1978 957 2011 utuntur
986 1971 1145 2023 vigore.

292 2031 359 2072 Ex
388 2043 471 2082 quo
503 2038 633 2084 patet,
663 2028 873 2080 quomodo
895 2027 1148 2079 intellegen-

295 2088 397 2127 dum
427 2087 484 2127 sit
511 2087 649 2127 istud:
680 2083 764 2126 καὶ
794 2077 844 2125 ἐν
866 2077 1066 2137 τοιαύτῃ
1087 2074 1147 2123 ὅ·

294 2158 370 2198 ρᾳ.
413 2143 517 2184 Nam
547 2144 602 2183 ad
631 2134 830 2194 τοιαύτῃ
857 2153 935 2194 per
971 2140 1147 2192 synesin

295 2196 522 2254 χαριέσσῃ
533 2198 806 2252 cogitandum
816 2197 1081 2248 relinquitur,
1093 2196 1147 2235 de

296 2269 378 2307 quo
410 2256 613 2307 loquendi
634 2266 790 2308 genere
818 2267 859 2293 v.
882 2266 924 2307 p.
947 2254 1001 2294 59
1022 2254 1061 2292 A
1091 2253 1143 2294 al.

294 2313 512 2362 Quaenam
535 2319 675 2352 autem
699 2312 754 2351 sit
774 2301 873 2362 ὅρα
902 2307 1145 2363 χαρίεσσα,

294 2369 411 2409 1111110
437 2369 606 2421 negotio
627 2367 888 2419 intellegitur
906 2378 960 2406 ex
975 2366 1144 2415 Protag.

294 2439 337 2479 p.
361 2427 444 2466 309
466 2427 518 2467 Α.
558 2426 635 2465 Ε51
658 2425 771 2463 enim
793 2431 922 2472 aetas,
947 2434 1032 2473 qua
1053 2433 1146 2460 eor-

292 2494 375 2535 pus
404 2482 582 2522 iuvenili
608 2481 712 2520 flore
740 2479 927 2519 maxime
958 2487 1022 2518 est
1042 2489 1147 2517 0011-

294 2539 517 2591 spicuum,
557 2538 611 2601 9⁶
656 2549 741 2588 qua
791 2534 959 2585 quidem
1009 2540 1148 2574 aetate

294 2595 422 2633 etiam
441 2605 643 2646 νο0.ωρα
665 2598 833 2632 constat
851 2591 1004 2630 eximie
1024 2602 1146 2630 usur-

292 2651 386 2702 pari
427 2650 579 2690 solere.
642 2649 709 2689 Ad
738 2645 822 2689 καὶ
849 2641 980 2687 πάνυ
1015 2639 1145 2698 μάλα

291 2717 410 2757 vero,
443 2707 557 2757 quod
584 2706 773 2758 positum
795 2713 858 2743 est
889 2704 930 2741 in
953 2701 1146 2741 clausula

291 2769 339 2800 ut
359 2774 403 2814 p.
426 2763 481 2802 64
501 2762 534 2800 B
561 2757 645 2801 καὶ
666 2753 813 2811 πάνυ,
836 2771 889 2798 ex
911 2757 1144 2810 superiori-

292 2818 373 2856 bus
395 2817 528 2867 liquet
547 2817 826 2880 repetendum
851 2826 947 2854 esse
969 2806 1146 2866 συχνὸν

295 2865 508 2925 ἐπιμένει
531 2884 716 2926 χρονον,
752 2873 837 2910 Iam
860 2882 961 2909 vero
985 2869 1037 2908 de
1060 2862 1146 2909 ἐὰν

294 2924 382 2981 μέν
409 2941 482 2976 τις
508 2927 606 2976 καί,
637 2930 679 2967 51
709 2927 828 2978 quis
852 2926 1003 2975 adeo,
1028 2938 1144 2965 eom-

292 2997 419 3037 pares
460 2984 637 3025 Phaedr.
679 2997 721 3036 p.
745 2984 828 3022 255
850 2983 886 3021 A
929 2974 1014 3022 ἐὰν
1050 2972 1144 3033 ἄρα

293 3038 379 3082 καὶ
398 3062 452 3070 -
474 3035 852 3107 διαβεβλημένος
899 3026 933 3078 ³.
975 3037 1145 3101 Protag.

293 3110 337 3163 p‘.
361 3099 443 3139 323
459 3097 492 3137 Β
514 3091 599 3138 ἐαν
621 3108 731 3138 τινα
751 3092 835 3136 καὶ
858 3107 877 3135 ε
903 3093 1051 3135 δῶσιν
1071 3107 1145 3134 οτι

294 3146 465 3202 αὸικός
494 3146 637 3195 ἐστιν.
679 3153 788 3192 Τ11111
817 3144 1061 3203 συμπεσὸν
1091 3142 1142 3190 τὸ

295 3208 445 3263 σῶμα,
475 3222 672 3263 eorpus
705 3208 1022 3261 collapsum,
1047 3219 1143 3245 011111

293 3266 447 3307 Fiseh
460 3278 544 3306 ero
595 3264 815 3317 intellegas
864 3265 917 3303 de
966 3275 1144 3315 corpore

295 3329 565 3375 exenterato,
601 3316 893 3375 ταριχευθέν
922 3326 1063 3358 autem
1092 3319 1144 3357 de

294 3390 473 3432 corpore
511 3379 720 3418 medicato
751 3376 817 3417 vel
853 3375 1142 3415 medicamini·-

295 3437 378 3476 bus
399 3435 583 3477 condito.
607 3435 667 3474 De
684 3433 907 3486 Aegyptiis
931 3445 969 3475 v.
987 3432 1144 3473 Herod.

1231 1184 1282 1224 ΙΙ.
1306 1183 1374 1226 86.
1414 1183 1538 1227 Diod.
1562 1183 1646 1226 Sic.
1670 1186 1701 1228 Ι.
1731 1185 1798 1226 91.
1844 1183 1930 1227 Cic.
1952 1185 2080 1229 Tuse.

1231 1241 1262 1279 Ι.
1285 1241 1355 1280 45.
1396 1239 1589 1292 Denique
1609 1242 1709 1282 inde
1730 1253 1754 1280 a
1775 1241 1940 1281 verbis:
1972 1236 2081 1282 ἔνια

1233 1291 1287 1337 δὲ
1308 1292 1426 1350 μέρη
1448 1310 1490 1339 κ.
1506 1310 1544 1337 τ.
1560 1298 1599 1338 λ.
1623 1297 1797 1337 liberius
1819 1296 2082 1338 conformata

1235 1354 1368 1392 oratio
1391 1361 1454 1393 est
1474 1365 1552 1407 pro
1575 1352 1663 1395 his:
1693 1354 1736 1394 si
1764 1354 1882 1404 quis
1910 1362 2082 1394 autem

1233 1421 1457 1461 corpore
1484 1410 1723 1450 morbido
1755 1418 1802 1448 01
1836 1409 1971 1450 male
2005 1409 2083 1450 af-

1232 1464 1373 1506 fecto
1405 1466 1684 1516 moriatur,
1716 1466 1792 1506 ita
1821 1473 1877 1505 ut
1906 1466 2080 1513 conti,-

1238 1533 1335 1561 uuo
1383 1521 1658 1575 putrefiat
1717 1534 1815 1562 nec
1873 1521 2080 1562 diutius

1236 1590 1258 1616 0
1271 1589 1293 1617 0
1308 1591 1332 1617 11
1347 1591 1366 1618 5
1381 1591 1402 1617 0
1415 1591 1471 1617 rv
1484 1585 1567 1618 etu
1579 1591 1599 1617 r
1621 1585 1700 1619 010.
1723 1579 1839 1627 Quae
1859 1586 2083 1619 construe-

1234 1635 1363 1675 tionis
1383 1636 1560 1675 mutatio
1583 1635 1696 1675 unde
1718 1634 1924 1687 originem
1945 1635 2079 1675 duxe-

1233 1691 1285 1729 rit
1314 1697 1354 1730 et
1385 1691 1539 1742 quibus
1571 1691 1710 1732 causis
1738 1691 1909 1739 nitatur,
1931 1703 2084 1744 prope—

1233 1747 1407 1787 modum
1434 1749 1478 1787 in
1511 1748 1654 1800 aprico
1686 1754 1764 1790 est.
1815 1747 1983 1801 Quippe
2010 1759 2083 1787 ae-

1233 1803 1500 1843 commodata
1538 1803 1644 1843 haee
1684 1812 1806 1852 sunt,
1837 1804 1960 1844 sicuti
1997 1815 2084 1844 non

1234 1871 1330 1899 raro
1352 1859 1444 1899 fieri
1467 1860 1588 1911 solet,
1611 1860 1853 1913 parenthesi
1875 1861 1966 1902 sive
1986 1872 2084 1900 sen·

1233 1916 1390 1955 tentiae
1417 1917 1708 1966 intermediae,
1737 1917 2082 1968 quandoquidem

1232 1971 1376 2012 habita
1403 1972 1608 2025 imprimis
1636 1973 1740 2013 ratio
1771 1981 1836 2013 est
1855 1974 2084 2013 verborum

1233 2029 1428 2081 proxime
1458 2029 1727 2097 superiorum
1758 2021 1870 2070 ὅλον
1899 2023 1972 2079 (τό
1995 2027 2083 2070 σῶ-

1234 2082 1318 2136 μα)
1341 2079 1475 2138 με’νει
1497 2078 1748 2138 αμήχανον
1766 2076 1879 2127 ὅσον
1895 2078 2082 2139 χρόνον,

1234 2148 1402 2180 totum
1433 2148 1712 2194 permanet
1751 2150 1957 2194 tempus
1989 2141 2085 2180 mi-

1233 2210 1343 2237 rum
1363 2205 1640 2248 quantum,
1662 2198 1690 2239 i.
1711 2210 1747 2238 e.
1769 2199 1839 2238 lon
1874 2199 2081 2247 issimum,

1235 2254 1389 2305 quibus
1417 2254 1503 2293 iam
1533 2261 1808 2307 opponuntur
1867 2249 1977 2295 ’νια
2018 2249 2082 2295 δὲ

1233 2304 1352 2363 μέρη
1393 2308 1477 2351 τοῦ
1520 2305 1734 2363 σώματος
1762 2331 1816 2339 -
1851 2302 2084 2352 ἀθάνατοί

1234 2359 1377 2407 ἐστιν.
1420 2368 1465 2406 111
1497 2367 1653 2416 quibus
1683 2367 1737 2406 ad
1765 2363 1851 2408 καὶ
1872 2356 1933 2407 ‹322›
1953 2365 2081 2418 σαπῇ

1235 2423 1305 2462 ubi
1326 2415 1379 2463 τὸ
1403 2421 1536 2475 σῶμα
1565 2423 1836 2474 intellexeris,
1870 2422 1976 2462 nihil
1997 2424 2082 2462 iam

1235 2479 1311 2518 erit
1331 2479 1558 2530 reliquum,
1587 2480 1629 2519 in
1653 2491 1735 2529 quo
1758 2479 1900 2531 aliqua
1920 2479 2082 2519 ratione

1231 2534 1496 2575 haereamus.

1289 2591 1339 2632 D.
1371 2584 1431 2631 ‘H
1468 2586 1530 2633 δὲ
1570 2583 1724 2644 ψυχὴ
1757 2581 1957 2644 ἅρα-]
1988 2591 2082 2630 Ad-

1232 2654 1374 2687 vertas
1404 2647 1516 2686 hunc
1546 2659 1673 2686 usum
1702 2646 2004 2700 particularum
2027 2642 2082 2688 δὲ

1232 2694 1354 2755 ἄρα,
1397 2715 1507 2752 quae
1546 2704 1711 2755 positae
1751 2704 1794 2742 iu
1834 2703 2083 2743 huiusmodi

1232 2759 1638 2811 interrogationibus
1679 2759 1870 2799 indicant
1914 2767 2081 2799 contra-

1232 2816 1356 2863 rium,
1380 2815 1494 2866 quod
1514 2822 1735 2862 statuatur,
1761 2827 1847 2855 non
1869 2827 1962 2855 esse
1983 2827 2082 2868 pro-

1233 2870 1372 2910 babile
1392 2879 1465 2910 0111
1484 2871 1727 2912 verisimile.
1749 2870 1972 2937 Ρ111101).ῃρ.
1985 2871 2081 2912 3013

1232 2924 1326 2967 τῶν
1366 2919 1417 2967 δ’
1447 2920 1606 2968 αὐτῶν
1647 2919 1799 2968 ὄντων
1829 2920 1881 2968 ἐν
1908 2929 2001 2981 ολῳ
2029 2939 2082 2968 τε

1233 2975 1422 3038 οὐρανῷ
1451 2981 1535 3024 καὶ
1569 2977 1691 3024 κατὰ
1734 2977 1917 3038 μεγάλα
1946 2979 2081 3037 μέρη,

1231 3037 1317 3080 καὶ
1357 3036 1548 3093 προςέτι
1587 3037 1746 3081 καλῶν
1775 3037 1859 3081 καὶ
1889 3036 2081 3092 εἰλικρι-

1231 3094 1343 3148 νῶν,
1380 3089 1432 3136 ἓν
1460 3089 1648 3144 τούτοις
1677 3089 1727 3137 δ’
1756 3090 1844 3137 οὐκ
1875 3087 1970 3147 ἄρα
1999 3108 2079 3148 με·

1231 3151 1550 3249 μηῖανῆσθαι
1581 3147 1669 3206 τὴν
1699 3151 1795 3193 τῶν
1815 3151 2080 3193 καλλίστων

1231 3221 1294 3248 κα
1337 3203 1634 3261 τιμιωτάτων
1650 3202 1823 3261 (primm
1847 3209 1949 3250 v.ad
1963 3208 2082 3260 Apo-

1232 3265 1316 3317 log.
1371 3295 1380 3305 .
1403 3267 1458 3306 34
1481 3265 1526 3306 C.
1568 3319 1584 3328 ν
1792 3315 1803 3329 '
1937 3314 1986 3339 θ’

1290 3333 1310 3361 ε
1353 3335 1374 3368 ς
1424 3332 1693 3363 τοιουτον
1742 3331 1921 3360 τοπον
1963 3331 2079 3360 ετε-

1233 3374 1353 3431 ρον]
1398 3378 1449 3417 111
1477 3377 1634 3417 talem
1662 3376 1847 3416 itidem
1880 3376 2078 3425 10011111,

1232 3435 1320 3483 qui
1344 3440 1423 3474 est
1452 3426 1633 3487 ἀειδής.
1656 3446 1697 3475 ν.
1722 3432 1774 3472 ad
1796 3445 1837 3485 p.
1859 3433 1912 3473 58
1933 3431 1984 3475 Ι).
