2222 3762
413 170 482 222 48
595 166 1209 222 PROLEGOMENA
1248 167 1356 220 AD
1382 168 1800 224 ›PLATONIS
1840 179 1943 224 etc.

529 317 735 365 arguunt,
774 313 1028 355 Vossium
1072 318 1160 354 tum
1202 312 1370 364 quidem
1411 311 1546 355 fuisse
1586 314 1775 355 criticum
1819 321 1863 355 et
1893 326 2109 367 gramma·

483 423 486 425 Α
529 385 659 427 ticum
692 384 745 425 ad
775 383 1043 426 Fischeri
1074 385 1275 424 virtutem
1309 386 1425 426 nullo
1446 385 1577 427 mod-o
1597 386 1950 439 comparandum.
1990 385 2110 429 Qua-

530 461 709 510 propter
739 458 893 498 melius
925 455 1073 508 utique
1103 454 1243 495 fuerat
1268 454 1490 507 futurum,
1533 458 1568 498 si
1613 459 1698 499 ista
1731 458 1870 498 omnia
1903 463 2111 510 perpetua

529 529 699 582 sepulta
731 528 988 570 mansissent
1017 526 1254 577 oblivione3
1286 533 1385 568 sunt
1417 530 1527 569 enim
1561 529 1718 569 nullius
1750 529 1888 582 pretii.

417 600 661 642 Platonis
719 597 951 648 Laches,
1011 596 1360 651 Euthypnro,
1412 601 1688 654 Apologia
1748 601 2002 642 Socratis
2061 607 2113 642 et

530 673 876 713 Menexenus.
939 667 1019 709 Ed.
1054 668 1413 722 Eugelha'rdt.
1479 671 1666 713 Berolin.
1701 671 1825 716 1826.
1858 672 1898 716 8.
1967 671 2110 714 Editio

527 745 674 785 multis
707 741 949 782 nominibus
985 742 1362 794 commendabilis,
1405 744 1590 785 maxime
1623 751 1838 797 occupata
1866 745 1908 784 in
1939 743 2110 799 discep-

526 815 666 856 tandis
697 814 824 855 rebus
855 814 1156 865 grammaticis.

413 888 648 930 Platons
705 883 1144 938 Vertlicidigung
1196 885 1293 927 des
1344 886 1630 928 Socrates,
1723 885 1973 928 Griechisch
2025 886 2111 927 und

525 957 704 1000 deutscli
735 958 814 998 mit
843 955 1075 998 kritischen
1108 957 1195 998 und
1228 958 1510 1000 erkffirenden
1546 959 1894 1011 Anmerkungen.
1955 958 2110 1012 Leipz.

527 1031 566 1074 b.
601 1030 879 1083 Engelmann.
911 1027 1038 1073 1846.
1073 1028 1115 1073 8.
1149 1032 1250 1074 min.
1283 1036 1328 1072 et
1358 1031 1461 1074 edit.
1493 1031 1535 1074 2.
1567 1029 1667 1071 ibid.
1703 1029 1828 1073 1850.
1859 1029 1900 1073 8.

410 1104 650 1145 Platons
692 1099 1067 1154 Eutliyphron
1105 1114 1146 1143 u.
1187 1102 1392 1146 Kriton.
1455 1101 1706 1144 Griechisch
1747 1114 1788 1142 u.
1822 1101 2003 1142 deutsch
2036 1101 2113 1142 mit

523 1173 751 1217 kritischen
792 1172 878 1213 und
921 1174 1204 1215 erkliirenden
1248 1175 1596 1228 Anmerkungen.
1669 1176 1743 1218 2te
1788 1178 1922 1228 Ausg.
1984 1173 2111 1227 1850,

523 1246 633 1287 Ibid.
696 1245 1017 1286 Animadversa.
1061 1244 1127 1287 hic
1168 1251 1211 1288 et
1249 1247 1337 1288 illic
1374 1246 1533 1300 aliquid
1563 1246 1619 1287 ad
1649 1248 1842 1288 criticam
1877 1251 1923 1287 et
1953 1258 2113 1299 exege-

524 1319 649 1360 ticam
683 1318 882 1359 afferunt.

410 1392 679 1438 Platonis
712 1390 996 1444 Apologia
1026 1389 1180 1432 Socr.
1207 1390 1362 1432 Crito
1408 1396 1462 1432 et
1489 1389 1730 1432 Pliaedo.
1765 1387 1948 1430 Accedit
1968 1399 2111 1429 emen-

525 1462 710 1506 dationis
729 1462 950 1516 specimen
970 1463 1019 1503 in.
1035 1463 1248 1504 nonnullis
1272 1463 1539 1516 reliquorum
1563 1462 1831 1516 dialogorum
1857 1459 1991 1512 (sicl).
2021 1459 2113 1501 edi-

523 1537 587 1577 dit
619 1536 674 1577 R.
710 1535 757 1575 Β.
792 1533 1074 1589 Hirschig.
1135 1535 1325 1577 Traiecti
1365 1534 1418 1576 ad
1452 1534 1590 1578 Rhen.
1624 1548 1692 1588 ap.
1724 1533 1907 1575 Kemiuk
1941 1538 2111 1585 typogr.

523 1607 652 1654 1853.
684 1606 729 1651 8.
755 1598 758 1602 ’
790 1606 947 1648 Editor
986 1607 1125 1648 severi
1166 1607 1301 1648 critici
1339 1606 1535 1660 partibus
1566 1606 1784 1659 susceptis
1814 1606 1854 1645 in
1884 1605 2112 1645 Platonem

522 1692 644 1722 suum
691 1681 852 1733 passim
893 1680 1015 1720 iusto
1047 1679 1216 1721 saevius
1261 1683 1327 1719 est
1355 1683 1606 1731 grassatus,
1645 1679 1806 1730 quippe
1843 1677 1915 1729 qui
1941 1676 2113 1728 ubique

521 1753 669 1806 inepta
708 1751 920 1792 odoratus
968 1752 1025 1792 sit
1072 1752 1339 1805 glossemata
1388 1755 1434 1791 et
1475 1750 1638 1790 multos
1683 1751 1807 1790 locos
1853 1748 1979 1790 nimia
2022 1746 2114 1788 fere

524 1823 704 1867 audacia
752 1824 970 1876 corrigere
1027 1836 1078 1864 ac
1135 1823 1344 1876 refingere
1401 1822 1629 1865 studuerit.
1703 1822 1875 1866 Quibus
1922 1819 2112 1860 consiliis

521 1896 658 1951 ipsius
688 1895 729 1936 in
762 1897 1083 1937 commentariis
1115 1896 1275 1937 nostris
1306 1896 1558 1947 plerumque
1589 1892 1804 1934 adversati
1835 1905 2016 1942 sumus,
2059 1903 2112 1932 ex

519 1969 676 2023 quibus
718 1966 843 2009 facile
879 1969 1168 2022 intelligetur,
1209 1968 1464 2020 quibusnam
1502 1966 1574 2007 ille
1610 1965 1651 2006 in
1688 1961 1847 2006 Critica
1881 1962 2110 2005 factitanda

525 2041 681 2083 ductus
713 2041 768 2080 sit
798 2041 1046 2081 rationibus.

409 2117 648 2158 Platons
682 2113 964 2165 Apologie
1004 2113 1100 2152 des
1130 2110 1396 2152 Sokrates
1426 2122 1467 2149 u.
1502 2109 1717 2150 Kriton.
1776 2106 1860 2149 Mit
1891 2107 2112 2148 erkliiren-

523 2187 605 2228 den
647 2186 983 2237 Anmerkungen
1021 2185 1091 2224 fiir
1129 2182 1211 2224 deu
1254 2181 1636 2238 Schulgrebrauch⁵
1651 2193 1735 2222 von
1777 2181 1830 2220 A.
1871 2177 2110 2231 Ludwig.

523 2258 644 2301 Wien
674 2258 714 2298 b.
749 2256 931 2298 Gerold.
993 2255 1120 2300 1856.
1179 2253 1219 2298 8.
1312 2302 1314 2304 ,

405 2333 638 2374 Platona
679 2326 1301 2382 Vertheidigungsrede
1353 2324 1449 2366 des
1491 2323 1768 2377 Spei-ates
1817 2336 1858 2367 u.
1899 2313 2110 2363 Kriton.

525 2402 613 2443 Fiir
645 2401 728 2442 den
766 2399 1118 2453 Schulgebrauch
1153 2399 1317 2440 erklart
1348 2410 1387 2436 v.
1422 2395 1708 2437 Christian
1744 2396 1903 2437 Kron.
1960 2394 2110 2446 Leipz.

520 2473 646 2518 1857.
679 2473 719 2514 b.
752 2472 970 2514 Teubner.
1032 2473 1229 2524 Utraque
1276 2468 1406 2510 editio
1443 2467 1659 2508 tironibus
1693 2467 1907 2508 destinata
1941 2466 2111 2506 notulas

523 2545 754 2588 maximam
799 2550 964 2597 partem
1005 2542 1318 2596 grammaticas
1367 2550 1526 2591 easque
1566 2538 1605 2578 in
1651 2539 1823 2580 brevius
1865 2542 2111 2579 contractas

521 2616 671 2665 habet,
716 2614 903 2655 laudatis
943 2614 1101 2667 passim
1144 2613 1260 2653 libris
1305 2609 1598 2664 grammaticis
1638 2608 1704 2650 liic
1736 2615 1780 2650 et
1811 2609 1897 2650 illic
1927 2608 2111 2663 usitatis.

408 2689 644 2731 Praeterea
693 2685 746 2726 de
795 2690 979 2738 utroque
1024 2683 1222 2726 Platonis
1262 2695 1394 2735 opere
1434 2681 1688 2722 consulendi
1731 2686 1830 2721 sunt
1873 2680 1922 2724 G.
1966 2679 2108 2723 Frid.

524 2757 692 2800 Herm
709 2770 821 2800 anu.
883 2755 1148 2798 Geschichte
1186 2754 1227 2797 d.
1262 2754 1432 2795 Platon.
1471 2752 1721 2800 Pliilosopli.
1752 2753 1787 2793 Ι.
1820 2766 1861 2806 p.
1893 2750 1980 2795 468
2015 2763 2108 2804 sqq.

523 2829 590 2871 Ca
606 2843 639 2874 r.
674 2826 959 2870 Steiuhart
999 2827 1038 2869 in
1070 2828 1355 2881 Interpretat.
1387 2825 1499 2880 Opp.
1535 2825 1706 2868 Platon.
1740 2825 1893 2866 Germ.
1931 2823 2109 2864 Hieron.

524 2901 696 2945 Mfilleri
728 2902 832 2941 Vol.
868 2900 917 2942 ll.
950 2913 992 2954 p.
1021 2899 1107 2943 233
1141 2912 1231 2952 sqq.
1266 2897 1352 2941 280
1387 2910 1478 2950 sqq.
1512 2897 1594 2940 291
1629 2910 1720 2949 sqq.
1751 2896 1836 2940 322
1866 2908 1961 2949 sqq.
1992 2893 2108 2935 Fri—

522 2973 631 3017 der.
686 2971 1177 3014 Schleiermacher.
1244 2971 1422 3011 Platona
1465 2968 1623 3011 Werke
1661 2969 1764 3011 Vol.
1805 2969 1836 3012 l.
1880 2967 1930 3009 Ρ.
1970 2965 2023 3008 11.
2067 2979 2106 3020 p.

523 3045 604 3089 181
639 3059 731 3099 sqq.
766 3050 807 3086 et
839 3057 881 3098 p.
911 3043 992 3087 231
1026 3057 1117 3098 sqq.
1153 3042 1218 3084 ed.
1248 3055 1341 3084 sec.
