<?xml version="1.0" encoding="UTF-8"?>
<!DOCTYPE html PUBLIC "-//W3C//DTD XHTML 1.0 Transitional//EN"
    "http://www.w3.org/TR/xhtml1/DTD/xhtml1-transitional.dtd">
<html xmlns="http://www.w3.org/1999/xhtml" xml:lang="en" lang="en">
 <head>
  <title>
</title>
<meta http-equiv="Content-Type" content="text/html;charset=utf-8" />
  <meta name='ocr-system' content='tesseract 3.04.00' />
  <meta name='ocr-capabilities' content='ocr_page ocr_carea ocr_par ocr_line ocrx_word'/>
</head>
<body>
  <div class='ocr_page' id='page_1' title='image "./operaomniarecens01platuoft/operaomniarecens01platuoft_0510.png"; bbox 0 0 2158 3718; ppageno 0'>
   <div class='ocr_carea' id='block_1_1' title="bbox 1711 0 2158 75">
    <p class='ocr_par' dir='ltr' id='par_1_1' title="bbox 1711 0 2158 75">
     <span class='ocr_line' id='line_1_1' title="bbox 1711 0 2158 75; baseline 0 0"><span class='ocrx_word' id='word_1_1' title='bbox 1711 0 2158 75; x_wconf 95' lang='lat' dir='ltr'><strong>  </strong></span> 
     </span>
    </p>
   </div>
   <div class='ocr_carea' id='block_1_2' title="bbox 287 109 1357 190">
    <p class='ocr_par' dir='ltr' id='par_1_2' title="bbox 287 109 1357 190">
     <span class='ocr_line' id='line_1_2' title="bbox 287 109 1357 190; baseline -0.009 -20"><span class='ocrx_word' id='word_1_2' title='bbox 287 109 406 170; x_wconf 83' lang='lat'>&#39;174</span> <span class='ocrx_word' id='word_1_3' title='bbox 1032 110 1357 190; x_wconf 58' lang='lat' dir='ltr'><strong>PLAj&#39;roms</strong></span> 
     </span>
    </p>
   </div>
   <div class='ocr_carea' id='block_1_3' title="bbox 239 254 2155 998">
    <p class='ocr_par' dir='ltr' id='par_1_3' title="bbox 239 254 2155 998">
     <span class='ocr_line' id='line_1_3' title="bbox 301 254 2087 327; baseline 0 -17"><span class='ocrx_word' id='word_1_4' title='bbox 301 256 533 327; x_wconf 74' lang='grc' dir='ltr'><em>ἐρώτων</em></span> <span class='ocrx_word' id='word_1_5' title='bbox 579 256 674 309; x_wconf 86' lang='grc' dir='ltr'><em>καὶ</em></span> <span class='ocrx_word' id='word_1_6' title='bbox 718 256 834 309; x_wconf 72' lang='grc' dir='ltr'><em>’τῶν</em></span> <span class='ocrx_word' id='word_1_7' title='bbox 872 254 1065 310; x_wconf 75' lang='grc' dir='ltr'><em>ἄλλων</em></span> <span class='ocrx_word' id='word_1_8' title='bbox 1112 259 1306 310; x_wconf 74' lang='grc' dir='ltr'><em>κακῶν</em></span> <span class='ocrx_word' id='word_1_9' title='bbox 1341 259 1457 309; x_wconf 75' lang='grc' dir='ltr'><em>τῶν</em></span> <span class='ocrx_word' id='word_1_10' title='bbox 1494 254 1869 327; x_wconf 76' lang='grc' dir='ltr'><em>ἀνθρωπείων</em></span> <span class='ocrx_word' id='word_1_11' title='bbox 1906 255 2087 326; x_wconf 77' lang='grc' dir='ltr'><em>ἀπηλ-</em></span> 
     </span>
     <span class='ocr_line' id='line_1_4' title="bbox 299 337 2088 411; baseline 0 -17"><span class='ocrx_word' id='word_1_12' title='bbox 299 341 579 411; x_wconf 75' lang='grc' dir='ltr'><em>λαγμένῃ,</em></span> <span class='ocrx_word' id='word_1_13' title='bbox 629 337 812 410; x_wconf 72' lang='grc' dir='ltr'><em>ὥςπερ</em></span> <span class='ocrx_word' id='word_1_14' title='bbox 861 340 923 394; x_wconf 75' lang='grc' dir='ltr'><strong>δὲ</strong></span> <span class='ocrx_word' id='word_1_15' title='bbox 968 341 1188 408; x_wconf 79' lang='grc' dir='ltr'><em>λέγεται</em></span> <span class='ocrx_word' id='word_1_16' title='bbox 1225 337 1366 393; x_wconf 79' lang='grc' dir='ltr'><em>κατὰ</em></span> <span class='ocrx_word' id='word_1_17' title='bbox 1400 343 1516 392; x_wconf 74' lang='grc' dir='ltr'><em>τῶν</em></span> <span class='ocrx_word' id='word_1_18' title='bbox 1561 340 1961 409; x_wconf 80' lang='grc' dir='ltr'><em>μεμυημένων,</em></span> <span class='ocrx_word' id='word_1_19' title='bbox 2010 337 2088 404; x_wconf 79' lang='grc' dir='ltr'><strong>ὥς</strong></span> 
     </span>
     <span class='ocr_line' id='line_1_5' title="bbox 298 421 2083 494; baseline 0 -17"><span class='ocrx_word' id='word_1_20' title='bbox 298 422 526 494; x_wconf 77' lang='grc' dir='ltr'><em>ἀληθῶς</em></span> <span class='ocrx_word' id='word_1_21' title='bbox 570 422 670 477; x_wconf 87' lang='grc' dir='ltr'><em>τὸν</em></span> <span class='ocrx_word' id='word_1_22' title='bbox 716 422 920 477; x_wconf 81' lang='grc' dir='ltr'><em>λοιπὸν</em></span> <span class='ocrx_word' id='word_1_23' title='bbox 967 424 1177 494; x_wconf 88' lang='grc' dir='ltr'><em>χρόνον</em></span> <span class='ocrx_word' id='word_1_24' title='bbox 1223 421 1360 493; x_wconf 77' lang='grc' dir='ltr'><em>μετὰ</em></span> <span class='ocrx_word' id='word_1_25' title='bbox 1411 427 1527 477; x_wconf 77' lang='grc' dir='ltr'><em>τῶν</em></span> <span class='ocrx_word' id='word_1_26' title='bbox 1573 426 1728 476; x_wconf 74' lang='grc' dir='ltr'><em>θεῶν</em></span> <span class='ocrx_word' id='word_1_27' title='bbox 1782 422 2083 491; x_wconf 78' lang='grc' dir='ltr'><em>διάγουσα;</em></span> 
     </span>
     <span class='ocr_line' id='line_1_6' title="bbox 297 500 1350 577; baseline -0.001 -16"><span class='ocrx_word' id='word_1_28' title='bbox 297 506 447 562; x_wconf 80' lang='grc' dir='ltr'><em>οὕτω</em></span> <span class='ocrx_word' id='word_1_29' title='bbox 487 512 704 577; x_wconf 77' lang='grc' dir='ltr'><em>φῶμεν,</em></span> <span class='ocrx_word' id='word_1_30' title='bbox 745 500 791 560; x_wconf 68' lang='lat'><strong>03</strong></span> <span class='ocrx_word' id='word_1_31' title='bbox 828 507 1029 577; x_wconf 81' lang='grc' dir='ltr'><strong><em>Κέβης,</em></strong></span> <span class='ocrx_word' id='word_1_32' title='bbox 1067 508 1104 577; x_wconf 75' lang='grc' dir='ltr'><em>ἢ</em></span> <span class='ocrx_word' id='word_1_33' title='bbox 1142 506 1350 573; x_wconf 61' lang='lat' dir='ltr'><strong>&amp;Mc-033</strong></span> 
     </span>
     <span class='ocr_line' id='line_1_7' title="bbox 441 589 2090 661; baseline -0.001 -16"><span class='ocrx_word' id='word_1_34' title='bbox 441 596 556 660; x_wconf 82' lang='lat' dir='ltr'><strong>Cap.</strong></span> <span class='ocrx_word' id='word_1_35' title='bbox 597 596 746 645; x_wconf 90' lang='lat' dir='ltr'><strong>XXX.</strong></span> <span class='ocrx_word' id='word_1_36' title='bbox 826 590 990 645; x_wconf 81' lang='grc' dir='ltr'><em>Οὕτω</em></span> <span class='ocrx_word' id='word_1_37' title='bbox 1038 590 1108 661; x_wconf 79' lang='grc' dir='ltr'><em>νὴ</em></span> <span class='ocrx_word' id='word_1_38' title='bbox 1156 591 1274 660; x_wconf 83' lang='grc' dir='ltr'><em>Δί’,</em></span> <span class='ocrx_word' id='word_1_39' title='bbox 1333 594 1440 661; x_wconf 82' lang='grc' dir='ltr'><strong>ἔφη</strong></span> <span class='ocrx_word' id='word_1_40' title='bbox 1488 591 1518 646; x_wconf 88' lang='grc' dir='ltr'>ὁ</span> <span class='ocrx_word' id='word_1_41' title='bbox 1566 591 1765 661; x_wconf 80' lang='grc' dir='ltr'><em>Κέβης.</em></span> <span class='ocrx_word' id='word_1_42' title='bbox 1837 589 1966 644; x_wconf 75' lang='grc' dir='ltr'><em>Ἐὰν</em></span> <span class='ocrx_word' id='word_1_43' title='bbox 2021 591 2090 644; x_wconf 82' lang='grc' dir='ltr'><strong>δέ</strong></span> 
     </span>
     <span class='ocr_line' id='line_1_8' title="bbox 239 672 2083 747; baseline -0.002 -17"><span class='ocrx_word' id='word_1_44' title='bbox 239 689 379 745; x_wconf 75' lang='grc' dir='ltr'><em>Βγε,</em></span> <span class='ocrx_word' id='word_1_45' title='bbox 420 672 592 745; x_wconf 81' lang='grc' dir='ltr'><em>οἶμαι,</em></span> <span class='ocrx_word' id='word_1_46' title='bbox 632 677 977 747; x_wconf 82' lang='grc' dir='ltr'><em>μεμιασμένη</em></span> <span class='ocrx_word' id='word_1_47' title='bbox 1015 677 1110 729; x_wconf 82' lang='grc' dir='ltr'><em>καὶ</em></span> <span class='ocrx_word' id='word_1_48' title='bbox 1137 675 1456 746; x_wconf 74' lang='grc' dir='ltr'><em>ἀκάθαρτος</em></span> <span class='ocrx_word' id='word_1_49' title='bbox 1481 679 1584 729; x_wconf 82' lang='grc' dir='ltr'><strong>τοῦ</strong></span> <span class='ocrx_word' id='word_1_50' title='bbox 1610 675 1865 745; x_wconf 72' lang='grc' dir='ltr'><em>σώματος</em></span> <span class='ocrx_word' id='word_1_51' title='bbox 1902 673 2083 728; x_wconf 79' lang='grc' dir='ltr'><em>ἀπαλ-</em></span> 
     </span>
     <span class='ocr_line' id='line_1_9' title="bbox 295 756 2155 832; baseline -0.001 -19"><span class='ocrx_word' id='word_1_52' title='bbox 295 761 587 829; x_wconf 82' lang='grc' dir='ltr'><em>λάττηται,</em></span> <span class='ocrx_word' id='word_1_53' title='bbox 636 758 733 813; x_wconf 83' lang='grc' dir='ltr'><em>ὂὶτε</em></span> <span class='ocrx_word' id='word_1_54' title='bbox 777 764 855 832; x_wconf 80' lang='grc' dir='ltr'><strong>τῷ</strong></span> <span class='ocrx_word' id='word_1_55' title='bbox 906 760 1120 830; x_wconf 76' lang='grc' dir='ltr'><em>σώματι</em></span> <span class='ocrx_word' id='word_1_56' title='bbox 1158 758 1243 814; x_wconf 76' lang='grc' dir='ltr'><em>ἀεὶ</em></span> <span class='ocrx_word' id='word_1_57' title='bbox 1282 761 1532 823; x_wconf 81' lang='grc' dir='ltr'><em>ξυνοῦσα</em></span> <span class='ocrx_word' id='word_1_58' title='bbox 1568 762 1664 812; x_wconf 80' lang='grc' dir='ltr'><em>καὶ</em></span> <span class='ocrx_word' id='word_1_59' title='bbox 1699 763 1867 813; x_wconf 84' lang='grc' dir='ltr'><em>τοῦτο</em></span> <span class='ocrx_word' id='word_1_60' title='bbox 1905 764 2085 828; x_wconf 81' lang='grc' dir='ltr'><em>θερα-</em></span> <span class='ocrx_word' id='word_1_61' title='bbox 2152 756 2155 758; x_wconf 66' lang='grc'><strong>’</strong></span> 
     </span>
     <span class='ocr_line' id='line_1_10' title="bbox 295 840 2084 914; baseline -0.001 -17"><span class='ocrx_word' id='word_1_62' title='bbox 295 843 550 897; x_wconf 82' lang='grc' dir='ltr'><em>πεύουσα</em></span> <span class='ocrx_word' id='word_1_63' title='bbox 595 845 689 896; x_wconf 81' lang='grc' dir='ltr'><em>καὶ</em></span> <span class='ocrx_word' id='word_1_64' title='bbox 738 845 924 914; x_wconf 75' lang='grc' dir='ltr'><em>ἐρῶσα</em></span> <span class='ocrx_word' id='word_1_65' title='bbox 971 845 1065 897; x_wconf 83' lang='grc' dir='ltr'><em>καὶ</em></span> <span class='ocrx_word' id='word_1_66' title='bbox 1114 844 1523 913; x_wconf 74' lang='grc' dir='ltr'><em>γεγοητευμένη</em></span> <span class='ocrx_word' id='word_1_67' title='bbox 1571 841 1674 897; x_wconf 82' lang='grc' dir='ltr'><em>ὑπ’</em></span> <span class='ocrx_word' id='word_1_68' title='bbox 1715 840 1920 913; x_wconf 82' lang='grc' dir='ltr'><em>αὐτοῦ,</em></span> <span class='ocrx_word' id='word_1_69' title='bbox 1969 841 2084 897; x_wconf 80' lang='grc' dir='ltr'><em>ὑπό</em></span> 
     </span>
     <span class='ocr_line' id='line_1_11' title="bbox 293 926 2081 998; baseline 0 -17"><span class='ocrx_word' id='word_1_70' title='bbox 293 948 354 982; x_wconf 88' lang='grc' dir='ltr'><em>τε</em></span> <span class='ocrx_word' id='word_1_71' title='bbox 390 932 506 982; x_wconf 77' lang='grc' dir='ltr'><em>τῶν</em></span> <span class='ocrx_word' id='word_1_72' title='bbox 545 929 868 998; x_wconf 77' lang='grc' dir='ltr'><em>ἐπιθυμιῶν</em></span> <span class='ocrx_word' id='word_1_73' title='bbox 905 930 1000 983; x_wconf 83' lang='grc' dir='ltr'><em>καὶ</em></span> <span class='ocrx_word' id='word_1_74' title='bbox 1035 927 1282 998; x_wconf 70' lang='grc' dir='ltr'><em>ἡδονῶν,</em></span> <span class='ocrx_word' id='word_1_75' title='bbox 1321 926 1458 991; x_wconf 66' lang='lat' dir='ltr'><strong>(siste</strong></span> <span class='ocrx_word' id='word_1_76' title='bbox 1494 928 1671 997; x_wconf 78' lang='grc' dir='ltr'><em>μηδὲν</em></span> <span class='ocrx_word' id='word_1_77' title='bbox 1709 926 1847 981; x_wconf 81' lang='grc' dir='ltr'><em>ἄλλο</em></span> <span class='ocrx_word' id='word_1_78' title='bbox 1887 929 2081 982; x_wconf 78' lang='grc' dir='ltr'><em>δοκεῖν</em></span> 
     </span>
    </p>
   </div>
   <div class='ocr_carea' id='block_1_4' title="bbox 294 1079 2082 1197">
    <p class='ocr_par' dir='ltr' id='par_1_4' title="bbox 294 1079 2082 1197">
     <span class='ocr_line' id='line_1_12' title="bbox 395 1079 2082 1151; baseline -0.002 -23"><span class='ocrx_word' id='word_1_79' title='bbox 395 1097 439 1140; x_wconf 87' lang='grc' dir='ltr'><em>μ</em></span> <span class='ocrx_word' id='word_1_80' title='bbox 453 1079 548 1128; x_wconf 61' lang='lat' dir='ltr'><strong>svo}</strong></span> <span class='ocrx_word' id='word_1_81' title='bbox 578 1085 687 1129; x_wconf 80' lang='grc' dir='ltr'><em>τῶν</em></span> <span class='ocrx_word' id='word_1_82' title='bbox 715 1085 870 1128; x_wconf 78' lang='grc' dir='ltr'><em>θεῶν</em></span> <span class='ocrx_word' id='word_1_83' title='bbox 901 1080 1208 1142; x_wconf 76' lang='grc' dir='ltr'><em>διάγουσα]</em></span> <span class='ocrx_word' id='word_1_84' title='bbox 1252 1087 1493 1127; x_wconf 83' lang='lat' dir='ltr'><strong>Articulum</strong></span> <span class='ocrx_word' id='word_1_85' title='bbox 1513 1085 1607 1129; x_wconf 83' lang='grc' dir='ltr'><em>τῶν</em></span> <span class='ocrx_word' id='word_1_86' title='bbox 1629 1086 1791 1127; x_wconf 90' lang='lat' dir='ltr'><strong>dudum</strong></span> <span class='ocrx_word' id='word_1_87' title='bbox 1803 1086 2082 1151; x_wconf 62' lang='lat' dir='ltr'><strong>³restituimus</strong></span> 
     </span>
     <span class='ocr_line' id='line_1_13' title="bbox 294 1142 2033 1197; baseline 0.001 -14"><span class='ocrx_word' id='word_1_88' title='bbox 294 1156 318 1183; x_wconf 89' lang='lat' dir='ltr'><strong>e</strong></span> <span class='ocrx_word' id='word_1_89' title='bbox 337 1142 456 1184; x_wconf 90' lang='lat' dir='ltr'><strong>Bodl.</strong></span> <span class='ocrx_word' id='word_1_90' title='bbox 484 1142 614 1186; x_wconf 78' lang='lat' dir='ltr'><strong>Coisl.</strong></span> <span class='ocrx_word' id='word_1_91' title='bbox 634 1144 743 1184; x_wconf 90' lang='lat' dir='ltr'><strong>Tub.</strong></span> <span class='ocrx_word' id='word_1_92' title='bbox 764 1144 874 1184; x_wconf 81' lang='lat' dir='ltr'><strong>Ven.</strong></span> <span class='ocrx_word' id='word_1_93' title='bbox 898 1143 948 1184; x_wconf 90' lang='lat' dir='ltr'><em>H</em></span> <span class='ocrx_word' id='word_1_94' title='bbox 966 1145 1076 1184; x_wconf 89' lang='lat' dir='ltr'><strong>Flor.</strong></span> <span class='ocrx_word' id='word_1_95' title='bbox 1100 1145 1128 1183; x_wconf 92' lang='lat' dir='ltr'><strong>d</strong></span> <span class='ocrx_word' id='word_1_96' title='bbox 1147 1144 1275 1185; x_wconf 84' lang='lat' dir='ltr'><strong>Vind.</strong></span> <span class='ocrx_word' id='word_1_97' title='bbox 1301 1142 1354 1183; x_wconf 89' lang='grc' dir='ltr'><strong>Φ.-</strong></span> <span class='ocrx_word' id='word_1_98' title='bbox 1396 1144 1620 1183; x_wconf 80' lang='lat' dir='ltr'><strong>Praeterea</strong></span> <span class='ocrx_word' id='word_1_99' title='bbox 1640 1143 1770 1184; x_wconf 84' lang='lat' dir='ltr'><strong>vind.</strong></span> <span class='ocrx_word' id='word_1_100' title='bbox 1793 1153 1991 1197; x_wconf 76' lang='grc' dir='ltr'><em>αγουσα.</em></span> <span class='ocrx_word' id='word_1_101' title='bbox 2031 1169 2033 1171; x_wconf 97' lang='grc'>-</span> 
     </span>
    </p>
   </div>
   <div class='ocr_carea' id='block_1_5' title="bbox 408 1209 2082 1280">
    <p class='ocr_par' dir='ltr' id='par_1_5' title="bbox 408 1209 2082 1280">
     <span class='ocr_line' id='line_1_14' title="bbox 408 1209 2082 1280; baseline -0.001 -27"><span class='ocrx_word' id='word_1_102' title='bbox 408 1213 511 1267; x_wconf 85' lang='lat' dir='ltr'><strong>Cap.</strong></span> <span class='ocrx_word' id='word_1_103' title='bbox 533 1213 672 1255; x_wconf 91' lang='lat' dir='ltr'><strong>XXX.</strong></span> <span class='ocrx_word' id='word_1_104' title='bbox 707 1215 754 1256; x_wconf 92' lang='lat' dir='ltr'><strong>B.</strong></span> <span class='ocrx_word' id='word_1_105' title='bbox 789 1210 1240 1267; x_wconf 75' lang='grc' dir='ltr'><em>γεγοητευμένη]</em></span> <span class='ocrx_word' id='word_1_106' title='bbox 1265 1209 1590 1280; x_wconf 81' lang='grc' dir='ltr'><em>γοητευομένη</em></span> <span class='ocrx_word' id='word_1_107' title='bbox 1613 1213 1720 1254; x_wconf 86' lang='lat' dir='ltr'><strong>Tub.</strong></span> <span class='ocrx_word' id='word_1_108' title='bbox 1745 1220 1786 1253; x_wconf 89' lang='lat' dir='ltr'><strong>et</strong></span> <span class='ocrx_word' id='word_1_109' title='bbox 1805 1212 1932 1255; x_wconf 84' lang='lat' dir='ltr'><strong>codd.</strong></span> <span class='ocrx_word' id='word_1_110' title='bbox 1938 1212 2082 1253; x_wconf 85' lang='lat' dir='ltr'><strong>Euse-</strong></span> 
     </span>
    </p>
   </div>
   <div class='ocr_carea' id='block_1_6' title="bbox 218 1268 1586 1336">
    <p class='ocr_par' dir='ltr' id='par_1_6' title="bbox 218 1268 1586 1336">
     <span class='ocr_line' id='line_1_15' title="bbox 218 1268 1586 1336; baseline 0.001 -28"><span class='ocrx_word' id='word_1_111' title='bbox 218 1288 222 1292; x_wconf 92' lang='lat'>·</span> <span class='ocrx_word' id='word_1_112' title='bbox 290 1269 364 1312; x_wconf 88' lang='lat' dir='ltr'><strong>bii.</strong></span> <span class='ocrx_word' id='word_1_113' title='bbox 409 1271 455 1309; x_wconf 88' lang='lat' dir='ltr'><strong>In</strong></span> <span class='ocrx_word' id='word_1_114' title='bbox 478 1270 602 1310; x_wconf 88' lang='lat' dir='ltr'><strong>Bodl.</strong></span> <span class='ocrx_word' id='word_1_115' title='bbox 625 1278 665 1310; x_wconf 86' lang='lat' dir='ltr'><strong>et</strong></span> <span class='ocrx_word' id='word_1_116' title='bbox 683 1271 793 1311; x_wconf 88' lang='lat' dir='ltr'><strong>Ven.</strong></span> <span class='ocrx_word' id='word_1_117' title='bbox 813 1270 863 1310; x_wconf 90' lang='lat' dir='ltr'><em>H</em></span> <span class='ocrx_word' id='word_1_118' title='bbox 881 1277 944 1310; x_wconf 87' lang='lat' dir='ltr'><strong>est</strong></span> <span class='ocrx_word' id='word_1_119' title='bbox 965 1268 1342 1336; x_wconf 63' lang='grc' dir='ltr'><em>’γεγοητευομένη</em></span> <span class='ocrx_word' id='word_1_120' title='bbox 1365 1271 1586 1310; x_wconf 80' lang='lat' dir='ltr'>mendose.</span> 
     </span>
    </p>
   </div>
   <div class='ocr_carea' id='block_1_7' title="bbox 291 1319 2079 1436">
    <p class='ocr_par' dir='ltr' id='par_1_7' title="bbox 291 1319 2079 1436">
     <span class='ocr_line' id='line_1_16' title="bbox 406 1319 2075 1392; baseline -0.001 -26"><span class='ocrx_word' id='word_1_121' title='bbox 406 1325 515 1366; x_wconf 81' lang='grc' dir='ltr'><em>τῶν</em></span> <span class='ocrx_word' id='word_1_122' title='bbox 555 1319 888 1392; x_wconf 74' lang='grc' dir='ltr'><em>ἐπιθυμιῶν</em></span> <span class='ocrx_word' id='word_1_123' title='bbox 928 1323 1027 1367; x_wconf 84' lang='grc' dir='ltr'><em>καὶ</em></span> <span class='ocrx_word' id='word_1_124' title='bbox 1066 1320 1172 1380; x_wconf 84' lang='grc' dir='ltr'><strong>ἡδ.]</strong></span> <span class='ocrx_word' id='word_1_125' title='bbox 1219 1328 1310 1367; x_wconf 78' lang='lat' dir='ltr'><strong>vat.</strong></span> <span class='ocrx_word' id='word_1_126' title='bbox 1334 1327 1442 1367; x_wconf 85' lang='lat' dir='ltr'><strong>Flor.</strong></span> <span class='ocrx_word' id='word_1_127' title='bbox 1467 1326 1494 1366; x_wconf 94' lang='lat' dir='ltr'><strong>d</strong></span> <span class='ocrx_word' id='word_1_128' title='bbox 1523 1327 1655 1370; x_wconf 84' lang='lat' dir='ltr'><strong>Vind.</strong></span> <span class='ocrx_word' id='word_1_129' title='bbox 1678 1324 1717 1366; x_wconf 91' lang='grc' dir='ltr'><strong><em>Φ</em></strong></span> <span class='ocrx_word' id='word_1_130' title='bbox 1746 1326 1842 1368; x_wconf 84' lang='lat' dir='ltr'><strong>Par.</strong></span> <span class='ocrx_word' id='word_1_131' title='bbox 1865 1323 1899 1365; x_wconf 89' lang='lat' dir='ltr'>G</span> <span class='ocrx_word' id='word_1_132' title='bbox 1927 1326 2075 1366; x_wconf 85' lang='lat' dir='ltr'><strong>Ambr.</strong></span> 
     </span>
     <span class='ocr_line' id='line_1_17' title="bbox 291 1375 2079 1436; baseline -0.001 -13"><span class='ocrx_word' id='word_1_133' title='bbox 291 1375 387 1423; x_wconf 83' lang='grc' dir='ltr'><em>υπό</em></span> <span class='ocrx_word' id='word_1_134' title='bbox 405 1394 455 1422; x_wconf 84' lang='grc' dir='ltr'><em>τε</em></span> <span class='ocrx_word' id='word_1_135' title='bbox 477 1380 571 1423; x_wconf 85' lang='grc' dir='ltr'><em>τῶν</em></span> <span class='ocrx_word' id='word_1_136' title='bbox 591 1377 782 1436; x_wconf 82' lang='grc' dir='ltr'><em>ἡδονῶν</em></span> <span class='ocrx_word' id='word_1_137' title='bbox 802 1375 930 1423; x_wconf 81' lang='grc' dir='ltr'><em>καὶ’</em></span> <span class='ocrx_word' id='word_1_138' title='bbox 909 1395 980 1423; x_wconf 89' lang='grc' dir='ltr'><strong>επ.</strong></span> <span class='ocrx_word' id='word_1_139' title='bbox 1013 1383 1145 1423; x_wconf 78' lang='lat' dir='ltr'><strong>Iidem</strong></span> <span class='ocrx_word' id='word_1_140' title='bbox 1169 1383 1323 1423; x_wconf 86' lang='lat' dir='ltr'><strong>deinde</strong></span> <span class='ocrx_word' id='word_1_141' title='bbox 1344 1379 1427 1424; x_wconf 87' lang='grc' dir='ltr'><em>καὶ</em></span> <span class='ocrx_word' id='word_1_142' title='bbox 1453 1375 1603 1436; x_wconf 75' lang='grc' dir='ltr'><em>φάγοι</em></span> <span class='ocrx_word' id='word_1_143' title='bbox 1624 1379 1708 1424; x_wconf 84' lang='grc' dir='ltr'><em>καὶ</em></span> <span class='ocrx_word' id='word_1_144' title='bbox 1727 1380 1848 1434; x_wconf 86' lang='grc' dir='ltr'><em>πίοι,</em></span> <span class='ocrx_word' id='word_1_145' title='bbox 1873 1382 1987 1432; x_wconf 89' lang='lat' dir='ltr'><strong>quod</strong></span> <span class='ocrx_word' id='word_1_146' title='bbox 2008 1394 2079 1422; x_wconf 82' lang='lat' dir='ltr'><strong>re·</strong></span> 
     </span>
    </p>
   </div>
   <div class='ocr_carea' id='block_1_8' title="bbox 290 1439 601 1503">
    <p class='ocr_par' dir='ltr' id='par_1_8' title="bbox 290 1439 601 1503">
     <span class='ocr_line' id='line_1_18' title="bbox 290 1439 601 1503; baseline 0 -25"><span class='ocrx_word' id='word_1_147' title='bbox 290 1439 403 1492; x_wconf 83' lang='lat' dir='ltr'><strong>cepit</strong></span> <span class='ocrx_word' id='word_1_148' title='bbox 421 1439 601 1503; x_wconf 81' lang='lat' dir='ltr'><strong>Bekker.</strong></span> 
     </span>
    </p>
   </div>
   <div class='ocr_carea' id='block_1_9' title="bbox 269 1571 1141 3435">
    <p class='ocr_par' dir='ltr' id='par_1_9' title="bbox 269 1571 1141 3435">
     <span class='ocr_line' id='line_1_19' title="bbox 345 1571 1141 1634; baseline -0.003 -14"><span class='ocrx_word' id='word_1_149' title='bbox 345 1577 455 1621; x_wconf 84' lang='grc' dir='ltr'><em>τῶν</em></span> <span class='ocrx_word' id='word_1_150' title='bbox 476 1571 879 1634; x_wconf 77' lang='grc' dir='ltr'><em>ἅνθρωπείων]</em></span> <span class='ocrx_word' id='word_1_151' title='bbox 923 1579 1014 1619; x_wconf 92' lang='lat' dir='ltr'><strong>Non</strong></span> <span class='ocrx_word' id='word_1_152' title='bbox 1047 1579 1141 1619; x_wconf 89' lang='lat' dir='ltr'><strong>sine</strong></span> 
     </span>
     <span class='ocr_line' id='line_1_20' title="bbox 289 1635 1141 1678; baseline 0 -3"><span class='ocrx_word' id='word_1_153' title='bbox 289 1648 420 1676; x_wconf 86' lang='lat' dir='ltr'><strong>causa</strong></span> <span class='ocrx_word' id='word_1_154' title='bbox 440 1635 521 1676; x_wconf 90' lang='lat' dir='ltr'><strong>hoc</strong></span> <span class='ocrx_word' id='word_1_155' title='bbox 542 1636 725 1678; x_wconf 83' lang='lat' dir='ltr'><strong>additur.</strong></span> <span class='ocrx_word' id='word_1_156' title='bbox 770 1636 934 1675; x_wconf 81' lang='lat' dir='ltr'>Etenim</span> <span class='ocrx_word' id='word_1_157' title='bbox 955 1635 1141 1675; x_wconf 80' lang='lat' dir='ltr'><strong>humana</strong></span> 
     </span>
     <span class='ocr_line' id='line_1_21' title="bbox 285 1692 1140 1746; baseline 0 -15"><span class='ocrx_word' id='word_1_158' title='bbox 285 1692 389 1732; x_wconf 82' lang='lat' dir='ltr'><strong>vitia</strong></span> <span class='ocrx_word' id='word_1_159' title='bbox 428 1701 703 1746; x_wconf 89' lang='lat' dir='ltr'><strong>opponuntur</strong></span> <span class='ocrx_word' id='word_1_160' title='bbox 743 1692 855 1732; x_wconf 85' lang='lat' dir='ltr'><strong>vitae</strong></span> <span class='ocrx_word' id='word_1_161' title='bbox 891 1692 1060 1732; x_wconf 85' lang='lat' dir='ltr'><strong>divinae</strong></span> <span class='ocrx_word' id='word_1_162' title='bbox 1101 1700 1140 1731; x_wconf 90' lang='lat' dir='ltr'><strong>et</strong></span> 
     </span>
     <span class='ocr_line' id='line_1_22' title="bbox 286 1749 1140 1799; baseline -0.002 -10"><span class='ocrx_word' id='word_1_163' title='bbox 286 1749 459 1797; x_wconf 83' lang='lat' dir='ltr'><strong>beatae,</strong></span> <span class='ocrx_word' id='word_1_164' title='bbox 502 1761 630 1799; x_wconf 84' lang='lat' dir='ltr'><strong>quam</strong></span> <span class='ocrx_word' id='word_1_165' title='bbox 673 1749 840 1788; x_wconf 78' lang='lat' dir='ltr'><strong>animus</strong></span> <span class='ocrx_word' id='word_1_166' title='bbox 869 1756 1045 1788; x_wconf 85' lang='lat' dir='ltr'><strong>acturus</strong></span> <span class='ocrx_word' id='word_1_167' title='bbox 1076 1755 1140 1788; x_wconf 87' lang='lat' dir='ltr'><strong>est</strong></span> 
     </span>
     <span class='ocr_line' id='line_1_23' title="bbox 287 1802 1089 1869; baseline 0 -25"><span class='ocrx_word' id='word_1_168' title='bbox 287 1806 495 1869; x_wconf 85' lang='lat' dir='ltr'><strong>superatis</strong></span> <span class='ocrx_word' id='word_1_169' title='bbox 516 1802 708 1845; x_wconf 82' lang='lat' dir='ltr'><strong>mortalis</strong></span> <span class='ocrx_word' id='word_1_170' title='bbox 730 1806 841 1844; x_wconf 81' lang='lat' dir='ltr'><strong>vitae</strong></span> <span class='ocrx_word' id='word_1_171' title='bbox 871 1805 1089 1844; x_wconf 86' lang='lat' dir='ltr'><strong>molestiis.</strong></span> 
     </span>
     <span class='ocr_line' id='line_1_24' title="bbox 343 1854 1134 1914; baseline -0.001 -12"><span class='ocrx_word' id='word_1_172' title='bbox 343 1854 484 1913; x_wconf 78' lang='grc' dir='ltr'><em>μετὰ</em></span> <span class='ocrx_word' id='word_1_173' title='bbox 502 1860 610 1902; x_wconf 80' lang='grc' dir='ltr'><em>τῶν</em></span> <span class='ocrx_word' id='word_1_174' title='bbox 627 1861 781 1902; x_wconf 81' lang='grc' dir='ltr'><em>θεῶν</em></span> <span class='ocrx_word' id='word_1_175' title='bbox 802 1854 1134 1914; x_wconf 75' lang='grc' dir='ltr'><em>διάγουσας]</em></span> 
     </span>
     <span class='ocr_line' id='line_1_25' title="bbox 287 1915 1139 1958; baseline -0.001 0"><span class='ocrx_word' id='word_1_176' title='bbox 287 1915 550 1958; x_wconf 89' lang='lat' dir='ltr'><strong>Secundum</strong></span> <span class='ocrx_word' id='word_1_177' title='bbox 564 1918 771 1958; x_wconf 85' lang='lat' dir='ltr'><strong>rationem</strong></span> <span class='ocrx_word' id='word_1_178' title='bbox 811 1919 1139 1958; x_wconf 79' lang='lat' dir='ltr'><strong>constructionis</strong></span> 
     </span>
     <span class='ocr_line' id='line_1_26' title="bbox 286 1972 1140 2040; baseline 0.002 -27"><span class='ocrx_word' id='word_1_179' title='bbox 286 1974 520 2040; x_wconf 82' lang='lat' dir='ltr'>legitimam</span> <span class='ocrx_word' id='word_1_180' title='bbox 556 1975 826 2014; x_wconf 88' lang='lat' dir='ltr'><strong>scribendum</strong></span> <span class='ocrx_word' id='word_1_181' title='bbox 863 1974 999 2014; x_wconf 88' lang='lat' dir='ltr'><strong>fuisse</strong></span> <span class='ocrx_word' id='word_1_182' title='bbox 1031 1972 1140 2015; x_wconf 85' lang='grc' dir='ltr'><em>δια·-</em></span> 
     </span>
     <span class='ocr_line' id='line_1_27' title="bbox 285 2025 1138 2085; baseline -0.002 -13"><span class='ocrx_word' id='word_1_183' title='bbox 285 2025 435 2085; x_wconf 78' lang='grc' dir='ltr'><em>’γούσῃ</em></span> <span class='ocrx_word' id='word_1_184' title='bbox 464 2043 587 2070; x_wconf 90' lang='lat' dir='ltr'><strong>nemo</strong></span> <span class='ocrx_word' id='word_1_185' title='bbox 621 2032 890 2083; x_wconf 85' lang='lat' dir='ltr'><strong>superiorum</strong></span> <span class='ocrx_word' id='word_1_186' title='bbox 930 2030 1138 2084; x_wconf 89' lang='lat' dir='ltr'><strong>interpre-</strong></span> 
     </span>
     <span class='ocr_line' id='line_1_28' title="bbox 283 2087 1137 2135; baseline 0 -9"><span class='ocrx_word' id='word_1_187' title='bbox 283 2095 375 2127; x_wconf 90' lang='lat' dir='ltr'><strong>tum</strong></span> <span class='ocrx_word' id='word_1_188' title='bbox 412 2100 496 2127; x_wconf 90' lang='lat' dir='ltr'><strong>non</strong></span> <span class='ocrx_word' id='word_1_189' title='bbox 534 2088 758 2128; x_wconf 80' lang='lat' dir='ltr'><strong>intellexit</strong></span> <span class='ocrx_word' id='word_1_190' title='bbox 802 2087 923 2135; x_wconf 90' lang='lat' dir='ltr'><strong>Quod</strong></span> <span class='ocrx_word' id='word_1_191' title='bbox 953 2099 1050 2126; x_wconf 90' lang='lat' dir='ltr'><strong>cum</strong></span> <span class='ocrx_word' id='word_1_192' title='bbox 1081 2099 1137 2127; x_wconf 83' lang='lat' dir='ltr'><strong>ne</strong></span> 
     </span>
     <span class='ocr_line' id='line_1_29' title="bbox 285 2143 1138 2196; baseline 0 -14"><span class='ocrx_word' id='word_1_193' title='bbox 285 2155 399 2183; x_wconf 84' lang='lat' dir='ltr'><strong>unus</strong></span> <span class='ocrx_word' id='word_1_194' title='bbox 422 2144 594 2194; x_wconf 89' lang='lat' dir='ltr'><strong>quidem</strong></span> <span class='ocrx_word' id='word_1_195' title='bbox 617 2157 639 2182; x_wconf 91' lang='lat' dir='ltr'><strong>e</strong></span> <span class='ocrx_word' id='word_1_196' title='bbox 661 2151 722 2184; x_wconf 84' lang='lat' dir='ltr'><strong>tot</strong></span> <span class='ocrx_word' id='word_1_197' title='bbox 743 2144 868 2184; x_wconf 90' lang='lat' dir='ltr'><strong>codd.</strong></span> <span class='ocrx_word' id='word_1_198' title='bbox 891 2155 1028 2196; x_wconf 77' lang='lat' dir='ltr'><strong>nupei</strong></span> <span class='ocrx_word' id='word_1_199' title='bbox 1050 2143 1138 2183; x_wconf 82' lang='lat' dir='ltr'><strong>col-</strong></span> 
     </span>
     <span class='ocr_line' id='line_1_30' title="bbox 283 2199 1138 2253; baseline 0.001 -14"><span class='ocrx_word' id='word_1_200' title='bbox 283 2199 381 2239; x_wconf 86' lang='lat' dir='ltr'><strong>latis</strong></span> <span class='ocrx_word' id='word_1_201' title='bbox 406 2199 660 2253; x_wconf 84' lang='lat' dir='ltr'><strong>exhibuerit,</strong></span> <span class='ocrx_word' id='word_1_202' title='bbox 678 2200 793 2240; x_wconf 84' lang='lat' dir='ltr'><strong>haud</strong></span> <span class='ocrx_word' id='word_1_203' title='bbox 810 2201 898 2240; x_wconf 88' lang='lat' dir='ltr'><strong>scio</strong></span> <span class='ocrx_word' id='word_1_204' title='bbox 922 2212 973 2239; x_wconf 83' lang='lat' dir='ltr'><strong>an</strong></span> <span class='ocrx_word' id='word_1_205' title='bbox 988 2201 1019 2239; x_wconf 89' lang='lat' dir='ltr'>H</span> <span class='ocrx_word' id='word_1_206' title='bbox 1033 2200 1076 2239; x_wconf 92' lang='lat' dir='ltr'><strong>ei</strong></span> <span class='ocrx_word' id='word_1_207' title='bbox 1090 2213 1138 2240; x_wconf 87' lang='lat' dir='ltr'><strong>n-</strong></span> 
     </span>
     <span class='ocr_line' id='line_1_31' title="bbox 285 2255 1136 2308; baseline 0 -12"><span class='ocrx_word' id='word_1_208' title='bbox 285 2255 496 2296; x_wconf 84' lang='lat' dir='ltr'><strong>dorfius</strong></span> <span class='ocrx_word' id='word_1_209' title='bbox 525 2258 635 2296; x_wconf 83' lang='lat' dir='ltr'><strong>iusto</strong></span> <span class='ocrx_word' id='word_1_210' title='bbox 658 2257 863 2296; x_wconf 78' lang='lat' dir='ltr'><strong>audacius</strong></span> <span class='ocrx_word' id='word_1_211' title='bbox 885 2257 1136 2308; x_wconf 83' lang='lat' dir='ltr'><strong>pronuntia-</strong></span> 
     </span>
     <span class='ocr_line' id='line_1_32' title="bbox 282 2313 1132 2353; baseline 0.001 -2"><span class='ocrx_word' id='word_1_212' title='bbox 282 2313 395 2352; x_wconf 84' lang='lat' dir='ltr'><strong>verit</strong></span> <span class='ocrx_word' id='word_1_213' title='bbox 423 2313 486 2352; x_wconf 89' lang='lat' dir='ltr'><strong>vel</strong></span> <span class='ocrx_word' id='word_1_214' title='bbox 517 2313 662 2353; x_wconf 86' lang='lat' dir='ltr'><strong>invitis</strong></span> <span class='ocrx_word' id='word_1_215' title='bbox 693 2313 807 2352; x_wconf 78' lang='lat' dir='ltr'><strong>libris</strong></span> <span class='ocrx_word' id='word_1_216' title='bbox 830 2326 925 2352; x_wconf 90' lang='lat' dir='ltr'><strong>esse</strong></span> <span class='ocrx_word' id='word_1_217' title='bbox 945 2314 1132 2353; x_wconf 85' lang='lat' dir='ltr'><strong>scriben-</strong></span> 
     </span>
     <span class='ocr_line' id='line_1_33' title="bbox 283 2362 1132 2423; baseline 0 -15"><span class='ocrx_word' id='word_1_218' title='bbox 283 2369 385 2409; x_wconf 85' lang='lat' dir='ltr'><strong>dum</strong></span> <span class='ocrx_word' id='word_1_219' title='bbox 407 2362 656 2423; x_wconf 77' lang='grc' dir='ltr'><em>διαγούσῃ.</em></span> <span class='ocrx_word' id='word_1_220' title='bbox 698 2369 994 2410; x_wconf 81' lang='lat' dir='ltr'><strong>Nominativus</strong></span> <span class='ocrx_word' id='word_1_221' title='bbox 1016 2370 1132 2422; x_wconf 90' lang='lat' dir='ltr'><strong>posi-</strong></span> 
     </span>
     <span class='ocr_line' id='line_1_34' title="bbox 281 2426 1133 2491; baseline -0.001 -27"><span class='ocrx_word' id='word_1_222' title='bbox 281 2433 352 2465; x_wconf 89' lang='lat' dir='ltr'><strong>tus</strong></span> <span class='ocrx_word' id='word_1_223' title='bbox 383 2426 554 2466; x_wconf 86' lang='lat' dir='ltr'><strong>videtur</strong></span> <span class='ocrx_word' id='word_1_224' title='bbox 557 2435 822 2491; x_wconf 81' lang='lat' dir='ltr'><strong>propterea,</strong></span> <span class='ocrx_word' id='word_1_225' title='bbox 855 2426 999 2475; x_wconf 87' lang='lat' dir='ltr'><strong>quod</strong></span> <span class='ocrx_word' id='word_1_226' title='bbox 990 2438 1030 2464; x_wconf 84' lang='lat' dir='ltr'><strong>ln</strong></span> <span class='ocrx_word' id='word_1_227' title='bbox 1055 2438 1133 2464; x_wconf 79' lang='lat' dir='ltr'><strong>an-</strong></span> 
     </span>
     <span class='ocr_line' id='line_1_35' title="bbox 281 2475 1132 2550; baseline 0.004 -30"><span class='ocrx_word' id='word_1_228' title='bbox 281 2490 477 2533; x_wconf 85' lang='lat' dir='ltr'><strong>tegresso</strong></span> <span class='ocrx_word' id='word_1_229' title='bbox 542 2475 746 2550; x_wconf 77' lang='grc' dir='ltr'><em>ὑπάρχει</em></span> <span class='ocrx_word' id='word_1_230' title='bbox 813 2476 936 2537; x_wconf 84' lang='grc' dir='ltr'><em>αυτῇ</em></span> <span class='ocrx_word' id='word_1_231' title='bbox 1005 2476 1132 2523; x_wconf 79' lang='grc' dir='ltr'><em>εἶναι</em></span> 
     </span>
     <span class='ocr_line' id='line_1_36' title="bbox 280 2534 1132 2591; baseline 0 -15"><span class='ocrx_word' id='word_1_232' title='bbox 280 2538 394 2578; x_wconf 85' lang='lat' dir='ltr'><strong>inest</strong></span> <span class='ocrx_word' id='word_1_233' title='bbox 421 2539 535 2579; x_wconf 89' lang='lat' dir='ltr'><strong>notio</strong></span> <span class='ocrx_word' id='word_1_234' title='bbox 558 2541 676 2579; x_wconf 80' lang='lat' dir='ltr'><strong>verbi</strong></span> <span class='ocrx_word' id='word_1_235' title='bbox 708 2534 855 2591; x_wconf 74' lang='grc' dir='ltr'><em>ἔσται,</em></span> <span class='ocrx_word' id='word_1_236' title='bbox 888 2551 997 2589; x_wconf 86' lang='lat' dir='ltr'><strong>quae</strong></span> <span class='ocrx_word' id='word_1_237' title='bbox 1020 2550 1132 2578; x_wconf 90' lang='lat' dir='ltr'><strong>nunc</strong></span> 
     </span>
     <span class='ocr_line' id='line_1_37' title="bbox 282 2595 1131 2646; baseline -0.001 -12"><span class='ocrx_word' id='word_1_238' title='bbox 282 2596 500 2646; x_wconf 78' lang='lat' dir='ltr'><strong>sciiptmis</strong></span> <span class='ocrx_word' id='word_1_239' title='bbox 533 2596 666 2635; x_wconf 83' lang='lat' dir='ltr'><strong>menti</strong></span> <span class='ocrx_word' id='word_1_240' title='bbox 698 2597 921 2636; x_wconf 68' lang='lat' dir='ltr'><strong>obversata</strong></span> <span class='ocrx_word' id='word_1_241' title='bbox 952 2602 1028 2637; x_wconf 86' lang='lat' dir='ltr'><strong>est.</strong></span> <span class='ocrx_word' id='word_1_242' title='bbox 1071 2595 1131 2634; x_wconf 90' lang='lat' dir='ltr'><strong>De</strong></span> 
     </span>
     <span class='ocr_line' id='line_1_38' title="bbox 281 2651 1130 2702; baseline 0.001 -13"><span class='ocrx_word' id='word_1_243' title='bbox 281 2651 538 2691; x_wconf 81' lang='lat' dir='ltr'><strong>nominativo</strong></span> <span class='ocrx_word' id='word_1_244' title='bbox 570 2651 1031 2719; x_wconf 72' lang='lat' dir='ltr'><strong>0011f.&#39;r11ucyd.V11.</strong></span> <span class='ocrx_word' id='word_1_245' title='bbox 1074 2652 1130 2690; x_wconf 82' lang='lat'><strong>42</strong></span> 
     </span>
     <span class='ocr_line' id='line_1_39' title="bbox 278 2702 1130 2771; baseline 0 -25"><span class='ocrx_word' id='word_1_246' title='bbox 278 2703 382 2746; x_wconf 84' lang='grc' dir='ltr'><em>καὶ·</em></span> <span class='ocrx_word' id='word_1_247' title='bbox 403 2709 503 2753; x_wconf 80' lang='grc' dir='ltr'><em>τοῖς</em></span> <span class='ocrx_word' id='word_1_248' title='bbox 542 2702 630 2759; x_wconf 78' lang='grc' dir='ltr'><strong>μὲν</strong></span> <span class='ocrx_word' id='word_1_249' title='bbox 660 2706 1011 2771; x_wconf 78' lang='grc' dir='ltr'><em>Συρακουσίοις</em></span> <span class='ocrx_word' id='word_1_250' title='bbox 1045 2703 1130 2746; x_wconf 79' lang='grc' dir='ltr'><em>καὶ</em></span> 
     </span>
     <span class='ocr_line' id='line_1_40' title="bbox 280 2756 1128 2832; baseline 0 -30"><span class='ocrx_word' id='word_1_251' title='bbox 280 2756 548 2832; x_wconf 54' lang='grc' dir='ltr'><em>ξυμμάχοις</em></span> <span class='ocrx_word' id='word_1_252' title='bbox 565 2757 860 2830; x_wconf 78' lang='grc' dir='ltr'><em>κατάπληξις</em></span> <span class='ocrx_word' id='word_1_253' title='bbox 883 2757 934 2803; x_wconf 81' lang='grc' dir='ltr'><em>ἐν</em></span> <span class='ocrx_word' id='word_1_254' title='bbox 956 2761 1018 2817; x_wconf 80' lang='grc' dir='ltr'><strong>τῷ</strong></span> <span class='ocrx_word' id='word_1_255' title='bbox 1043 2775 1128 2802; x_wconf 90' lang='grc' dir='ltr'><em>αυ-</em></span> 
     </span>
     <span class='ocr_line' id='line_1_41' title="bbox 279 2804 1128 2872; baseline -0.001 -14"><span class='ocrx_word' id='word_1_256' title='bbox 279 2816 390 2858; x_wconf 88' lang='grc' dir='ltr'><em>τίκα</em></span> <span class='ocrx_word' id='word_1_257' title='bbox 413 2830 501 2858; x_wconf 87' lang='grc' dir='ltr'><strong>ουκ</strong></span> <span class='ocrx_word' id='word_1_258' title='bbox 525 2810 660 2872; x_wconf 78' lang='grc' dir='ltr'><em>ὀλίγη</em></span> <span class='ocrx_word' id='word_1_259' title='bbox 685 2812 887 2872; x_wconf 75' lang='grc' dir='ltr'><em>ἐγένετο,</em></span> <span class='ocrx_word' id='word_1_260' title='bbox 919 2814 963 2858; x_wconf 88' lang='grc' dir='ltr'><em>εἰ</em></span> <span class='ocrx_word' id='word_1_261' title='bbox 981 2804 1128 2870; x_wconf 84' lang='grc' dir='ltr'><em>πέρας</em></span> 
     </span>
     <span class='ocr_line' id='line_1_42' title="bbox 277 2866 1129 2938; baseline -0.001 -23"><span class='ocrx_word' id='word_1_262' title='bbox 277 2869 431 2938; x_wconf 75' lang='grc' dir='ltr'><em>μηδὲν</em></span> <span class='ocrx_word' id='word_1_263' title='bbox 461 2870 592 2915; x_wconf 79' lang='grc' dir='ltr'><em>ἔσται</em></span> <span class='ocrx_word' id='word_1_264' title='bbox 623 2875 758 2937; x_wconf 85' lang='grc' dir='ltr'><em>σφίσι</em></span> <span class='ocrx_word' id='word_1_265' title='bbox 789 2873 874 2915; x_wconf 84' lang='grc' dir='ltr'><strong>τοῦ</strong></span> <span class='ocrx_word' id='word_1_266' title='bbox 913 2866 1129 2914; x_wconf 74' lang='grc' dir='ltr'><em>ἀπαλλα-</em></span> 
     </span>
     <span class='ocr_line' id='line_1_43' title="bbox 278 2922 1127 2994; baseline -0.001 -23"><span class='ocrx_word' id='word_1_267' title='bbox 278 2929 438 2994; x_wconf 75' lang='grc' dir='ltr'><em>γῆναι</em></span> <span class='ocrx_word' id='word_1_268' title='bbox 446 2928 530 2971; x_wconf 83' lang='grc' dir='ltr'><strong>τοῦ</strong></span> <span class='ocrx_word' id='word_1_269' title='bbox 552 2925 802 2982; x_wconf 82' lang='grc' dir='ltr'><em>κινδύνου,</em></span> <span class='ocrx_word' id='word_1_270' title='bbox 825 2924 1025 2984; x_wconf 84' lang='grc' dir='ltr'><em>ὁρῶντες</em></span> <span class='ocrx_word' id='word_1_271' title='bbox 1048 2922 1127 2970; x_wconf 80' lang='grc' dir='ltr'><strong>οὕ-</strong></span> 
     </span>
     <span class='ocr_line' id='line_1_44' title="bbox 278 2979 1129 3055; baseline 0 -28"><span class='ocrx_word' id='word_1_272' title='bbox 278 2999 329 3028; x_wconf 88' lang='grc' dir='ltr'><strong>τε</strong></span> <span class='ocrx_word' id='word_1_273' title='bbox 360 2979 444 3027; x_wconf 81' lang='grc' dir='ltr'><em>διὰ</em></span> <span class='ocrx_word' id='word_1_274' title='bbox 473 2979 585 3055; x_wconf 57' lang='lat' dir='ltr'><strong>7:an</strong></span> <span class='ocrx_word' id='word_1_275' title='bbox 585 2984 845 3028; x_wconf 81' lang='grc' dir='ltr'><em>Δεκέλειαν</em></span> <span class='ocrx_word' id='word_1_276' title='bbox 875 2983 1129 3051; x_wconf 82' lang='grc' dir='ltr'><em>τειχιζομέ-</em></span> 
     </span>
     <span class='ocr_line' id='line_1_45' title="bbox 277 3033 1127 3098; baseline 0 -15"><span class='ocrx_word' id='word_1_277' title='bbox 277 3054 368 3097; x_wconf 86' lang='grc' dir='ltr'><strong>νην</strong></span> <span class='ocrx_word' id='word_1_278' title='bbox 390 3035 545 3084; x_wconf 78' lang='grc' dir='ltr'><em>οὐδὲν</em></span> <span class='ocrx_word' id='word_1_279' title='bbox 557 3033 703 3098; x_wconf 83' lang='grc' dir='ltr'><em>ἧσσον</em></span> <span class='ocrx_word' id='word_1_280' title='bbox 724 3038 927 3096; x_wconf 82' lang='grc' dir='ltr'><em>στρατὸν</em></span> <span class='ocrx_word' id='word_1_281' title='bbox 950 3042 1053 3083; x_wconf 78' lang='grc' dir='ltr'><em>ἴσον</em></span> <span class='ocrx_word' id='word_1_282' title='bbox 1075 3065 1127 3071; x_wconf 87' lang='grc'><strong>-</strong></span> 
     </span>
     <span class='ocr_line' id='line_1_46' title="bbox 277 3092 1128 3165; baseline -0.001 -25"><span class='ocrx_word' id='word_1_283' title='bbox 277 3092 611 3165; x_wconf 79' lang='grc' dir='ltr'><em>ἑπεληλυθότα</em></span> <span class='ocrx_word' id='word_1_284' title='bbox 651 3113 695 3142; x_wconf 88' lang='grc' dir='ltr'><strong>κ.</strong></span> <span class='ocrx_word' id='word_1_285' title='bbox 719 3114 756 3141; x_wconf 86' lang='grc' dir='ltr'><strong>τ.</strong></span> <span class='ocrx_word' id='word_1_286' title='bbox 788 3101 824 3141; x_wconf 83' lang='grc' dir='ltr'><strong>λ.</strong></span> <span class='ocrx_word' id='word_1_287' title='bbox 837 3131 849 3151; x_wconf 87' lang='grc'>,</span> <span class='ocrx_word' id='word_1_288' title='bbox 894 3101 963 3139; x_wconf 87' lang='lat' dir='ltr'><strong>ubi</strong></span> <span class='ocrx_word' id='word_1_289' title='bbox 1005 3112 1128 3139; x_wconf 78' lang='lat' dir='ltr'><strong>nemo</strong></span> 
     </span>
     <span class='ocr_line' id='line_1_47' title="bbox 269 3149 1125 3208; baseline 0 -13"><span class='ocrx_word' id='word_1_290' title='bbox 269 3149 478 3208; x_wconf 84' lang='grc' dir='ltr'><em>ορῶντες</em></span> <span class='ocrx_word' id='word_1_291' title='bbox 501 3157 740 3196; x_wconf 75' lang='lat' dir='ltr'><strong>mutaverit.</strong></span> <span class='ocrx_word' id='word_1_292' title='bbox 765 3169 805 3198; x_wconf 90' lang='lat' dir='ltr'><strong>v.</strong></span> <span class='ocrx_word' id='word_1_293' title='bbox 818 3157 1019 3196; x_wconf 81' lang='lat' dir='ltr'><strong>Dncker</strong></span> <span class='ocrx_word' id='word_1_294' title='bbox 1034 3169 1125 3195; x_wconf 91' lang='lat' dir='ltr'><strong>um</strong></span> 
     </span>
     <span class='ocr_line' id='line_1_48' title="bbox 276 3212 1128 3265; baseline 0.001 -14"><span class='ocrx_word' id='word_1_295' title='bbox 276 3212 493 3265; x_wconf 83' lang='lat' dir='ltr'><strong>Kriiger.</strong></span> <span class='ocrx_word' id='word_1_296' title='bbox 522 3214 574 3253; x_wconf 83' lang='lat' dir='ltr'><strong>ad</strong></span> <span class='ocrx_word' id='word_1_297' title='bbox 605 3213 794 3265; x_wconf 73' lang='lat' dir='ltr'><strong>Tliucyd.</strong></span> <span class='ocrx_word' id='word_1_298' title='bbox 827 3214 899 3254; x_wconf 88' lang='lat'><strong>111.</strong></span> <span class='ocrx_word' id='word_1_299' title='bbox 930 3214 1003 3259; x_wconf 89' lang='grc'><strong>36,</strong></span> <span class='ocrx_word' id='word_1_300' title='bbox 1034 3214 1059 3251; x_wconf 82' lang='lat'><strong>2</strong></span> <span class='ocrx_word' id='word_1_301' title='bbox 1088 3219 1128 3252; x_wconf 88' lang='lat' dir='ltr'><strong>et</strong></span> 
     </span>
     <span class='ocr_line' id='line_1_49' title="bbox 278 3267 1127 3317; baseline -0.001 -9"><span class='ocrx_word' id='word_1_302' title='bbox 278 3267 462 3311; x_wconf 81' lang='lat' dir='ltr'><strong>Gramm.</strong></span> <span class='ocrx_word' id='word_1_303' title='bbox 485 3270 554 3317; x_wconf 82' lang='lat'><strong>56,</strong></span> <span class='ocrx_word' id='word_1_304' title='bbox 580 3271 605 3310; x_wconf 86' lang='lat'>9</span> <span class='ocrx_word' id='word_1_305' title='bbox 635 3282 733 3309; x_wconf 84' lang='lat' dir='ltr'><strong>ann.</strong></span> <span class='ocrx_word' id='word_1_306' title='bbox 756 3270 797 3310; x_wconf 82' lang='lat'><strong>4.</strong></span> <span class='ocrx_word' id='word_1_307' title='bbox 843 3269 1041 3308; x_wconf 76' lang='lat' dir='ltr'><strong>lacobs.</strong></span> <span class='ocrx_word' id='word_1_308' title='bbox 1073 3269 1127 3308; x_wconf 84' lang='lat' dir='ltr'><strong>ad</strong></span> 
     </span>
     <span class='ocr_line' id='line_1_50' title="bbox 277 3325 1124 3379; baseline 0.002 -16"><span class='ocrx_word' id='word_1_309' title='bbox 277 3325 607 3368; x_wconf 71' lang='lat' dir='ltr'><strong>Aeliill.Taiium</strong></span> <span class='ocrx_word' id='word_1_310' title='bbox 631 3339 670 3379; x_wconf 89' lang='lat' dir='ltr'><strong>p.</strong></span> <span class='ocrx_word' id='word_1_311' title='bbox 687 3327 782 3366; x_wconf 90' lang='grc'><strong>860.</strong></span> <span class='ocrx_word' id='word_1_312' title='bbox 807 3325 1124 3365; x_wconf 68' lang='lat' dir='ltr'><strong>Valckenar.</strong></span> 
     </span>
     <span class='ocr_line' id='line_1_51' title="bbox 274 3380 1124 3435; baseline -0.001 -14"><span class='ocrx_word' id='word_1_313' title='bbox 274 3381 416 3422; x_wconf 82' lang='lat' dir='ltr'><strong>Praef.</strong></span> <span class='ocrx_word' id='word_1_314' title='bbox 439 3382 493 3422; x_wconf 83' lang='lat' dir='ltr'><strong>ad</strong></span> <span class='ocrx_word' id='word_1_315' title='bbox 515 3382 680 3422; x_wconf 77' lang='lat' dir='ltr'><strong>Plialar.</strong></span> <span class='ocrx_word' id='word_1_316' title='bbox 706 3395 747 3435; x_wconf 89' lang='lat' dir='ltr'><strong>p.</strong></span> <span class='ocrx_word' id='word_1_317' title='bbox 770 3381 845 3422; x_wconf 88' lang='lat' dir='ltr'><strong>XI.</strong></span> <span class='ocrx_word' id='word_1_318' title='bbox 887 3380 1124 3421; x_wconf 68' lang='lat' dir='ltr'><strong>Hirsehi—</strong></span> 
     </span>
    </p>
   </div>
   <div class='ocr_carea' id='block_1_10' title="bbox 275 3439 1125 3493">
    <p class='ocr_par' dir='ltr' id='par_1_10' title="bbox 275 3439 1125 3493">
     <span class='ocr_line' id='line_1_52' title="bbox 275 3439 1125 3493; baseline 0 -15"><span class='ocrx_word' id='word_1_319' title='bbox 275 3439 395 3491; x_wconf 86' lang='lat' dir='ltr'><strong>gius</strong></span> <span class='ocrx_word' id='word_1_320' title='bbox 416 3447 556 3479; x_wconf 82' lang='lat' dir='ltr'><strong>tamen</strong></span> <span class='ocrx_word' id='word_1_321' title='bbox 578 3441 730 3491; x_wconf 87' lang='lat' dir='ltr'><strong>quovis</strong></span> <span class='ocrx_word' id='word_1_322' title='bbox 758 3447 884 3493; x_wconf 83' lang='lat' dir='ltr'><strong>pacto</strong></span> <span class='ocrx_word' id='word_1_323' title='bbox 907 3439 1125 3479; x_wconf 86' lang='lat' dir='ltr'><strong>contendit</strong></span> 
     </span>
    </p>
   </div>
   <div class='ocr_carea' id='block_1_11' title="bbox 1210 1556 2111 3494">
    <p class='ocr_par' dir='ltr' id='par_1_11' title="bbox 1223 1556 2079 2014">
     <span class='ocr_line' id='line_1_53' title="bbox 1229 1556 2078 1634; baseline -0.002 -14"><span class='ocrx_word' id='word_1_324' title='bbox 1229 1556 1313 1620; x_wconf 89' lang='grc' dir='ltr'><strong>δια</strong></span> <span class='ocrx_word' id='word_1_325' title='bbox 1317 1572 1466 1634; x_wconf 77' lang='grc' dir='ltr'><em>γούσῃ</em></span> <span class='ocrx_word' id='word_1_326' title='bbox 1497 1579 1765 1619; x_wconf 89' lang='lat' dir='ltr'><strong>scribendum</strong></span> <span class='ocrx_word' id='word_1_327' title='bbox 1789 1591 1898 1629; x_wconf 89' lang='lat' dir='ltr'><strong>esse,</strong></span> <span class='ocrx_word' id='word_1_328' title='bbox 1926 1580 1995 1630; x_wconf 91' lang='lat' dir='ltr'><strong>qui</strong></span> <span class='ocrx_word' id='word_1_329' title='bbox 2017 1580 2078 1619; x_wconf 78' lang='lat' dir='ltr'><strong>ita</strong></span> 
     </span>
     <span class='ocr_line' id='line_1_54' title="bbox 1227 1594 2078 1701; baseline -0.001 -25"><span class='ocrx_word' id='word_1_330' title='bbox 1227 1637 1281 1676; x_wconf 83' lang='lat' dir='ltr'><strong>ad</strong></span> <span class='ocrx_word' id='word_1_331' title='bbox 1302 1594 1614 1701; x_wconf 61' lang='lat' dir='ltr'><strong>hy.l.se1ipsit:</strong></span> <span class='ocrx_word' id='word_1_332' title='bbox 1646 1636 1762 1689; x_wconf 82' lang='lat' dir='ltr'><strong>„Qui</strong></span> <span class='ocrx_word' id='word_1_333' title='bbox 1783 1643 1925 1675; x_wconf 85' lang='lat' dir='ltr'><strong>autem</strong></span> <span class='ocrx_word' id='word_1_334' title='bbox 1946 1636 1990 1674; x_wconf 89' lang='lat' dir='ltr'><strong>in</strong></span> <span class='ocrx_word' id='word_1_335' title='bbox 2010 1634 2078 1675; x_wconf 83' lang='lat' dir='ltr'><strong>his</strong></span> 
     </span>
     <span class='ocr_line' id='line_1_55' title="bbox 1227 1683 2075 1757; baseline 0.002 -26"><span class='ocrx_word' id='word_1_336' title='bbox 1227 1704 1309 1732; x_wconf 89' lang='lat' dir='ltr'><strong>non</strong></span> <span class='ocrx_word' id='word_1_337' title='bbox 1354 1694 1541 1732; x_wconf 88' lang='lat' dir='ltr'><strong>sentiunt</strong></span> <span class='ocrx_word' id='word_1_338' title='bbox 1580 1693 1713 1732; x_wconf 83' lang='lat' dir='ltr'><strong>dativi</strong></span> <span class='ocrx_word' id='word_1_339' title='bbox 1760 1683 2075 1757; x_wconf 79' lang='grc' dir='ltr'><em>ταναγκαῖον,</em></span> 
     </span>
     <span class='ocr_line' id='line_1_56' title="bbox 1227 1739 2079 1803; baseline 0 -14"><span class='ocrx_word' id='word_1_340' title='bbox 1227 1749 1328 1799; x_wconf 89' lang='lat' dir='ltr'><strong>quid</strong></span> <span class='ocrx_word' id='word_1_341' title='bbox 1358 1741 1604 1803; x_wconf 70' lang='grc' dir='ltr'><em>ἀκριβείας</em></span> <span class='ocrx_word' id='word_1_342' title='bbox 1632 1761 1681 1788; x_wconf 88' lang='lat' dir='ltr'><strong>ac</strong></span> <span class='ocrx_word' id='word_1_343' title='bbox 1710 1741 1902 1802; x_wconf 85' lang='grc' dir='ltr'><em>χάριτος</em></span> <span class='ocrx_word' id='word_1_344' title='bbox 1935 1739 2079 1789; x_wconf 65' lang='lat' dir='ltr'><strong>&#39;Aru-</strong></span> 
     </span>
     <span class='ocr_line' id='line_1_57' title="bbox 1223 1803 2079 1858; baseline -0.004 -12"><span class='ocrx_word' id='word_1_345' title='bbox 1223 1803 1313 1857; x_wconf 86' lang='grc' dir='ltr'><strong>κῆς</strong></span> <span class='ocrx_word' id='word_1_346' title='bbox 1341 1807 1368 1843; x_wconf 88' lang='lat' dir='ltr'><strong>ii</strong></span> <span class='ocrx_word' id='word_1_347' title='bbox 1398 1806 1542 1845; x_wconf 89' lang='lat' dir='ltr'><strong>videre</strong></span> <span class='ocrx_word' id='word_1_348' title='bbox 1568 1805 1737 1858; x_wconf 86' lang='lat' dir='ltr'><strong>possint</strong></span> <span class='ocrx_word' id='word_1_349' title='bbox 1757 1804 1943 1856; x_wconf 89' lang='lat' dir='ltr'><strong>quidque</strong></span> <span class='ocrx_word' id='word_1_350' title='bbox 1964 1804 2079 1844; x_wconf 86' lang='lat' dir='ltr'><strong>utili—</strong></span> 
     </span>
     <span class='ocr_line' id='line_1_58' title="bbox 1226 1859 2077 1915; baseline 0 -15"><span class='ocrx_word' id='word_1_351' title='bbox 1226 1865 1323 1901; x_wconf 83' lang='lat' dir='ltr'><strong>tatis</strong></span> <span class='ocrx_word' id='word_1_352' title='bbox 1344 1862 1565 1915; x_wconf 84' lang='lat' dir='ltr'><strong>percipere</strong></span> <span class='ocrx_word' id='word_1_353' title='bbox 1583 1874 1636 1901; x_wconf 87' lang='lat' dir='ltr'><strong>ex</strong></span> <span class='ocrx_word' id='word_1_354' title='bbox 1653 1859 1910 1901; x_wconf 84' lang='lat' dir='ltr'><strong>Graecorum</strong></span> <span class='ocrx_word' id='word_1_355' title='bbox 1930 1860 2077 1900; x_wconf 85' lang='lat' dir='ltr'><strong>lectio—</strong></span> 
     </span>
     <span class='ocr_line' id='line_1_59' title="bbox 1227 1916 2077 1970; baseline -0.002 -12"><span class='ocrx_word' id='word_1_356' title='bbox 1227 1931 1295 1969; x_wconf 88' lang='lat' dir='ltr'><strong>ne,</strong></span> <span class='ocrx_word' id='word_1_357' title='bbox 1317 1918 1511 1968; x_wconf 88' lang='lat' dir='ltr'><strong>equidem</strong></span> <span class='ocrx_word' id='word_1_358' title='bbox 1529 1930 1613 1957; x_wconf 93' lang='lat' dir='ltr'><strong>non</strong></span> <span class='ocrx_word' id='word_1_359' title='bbox 1630 1917 1846 1970; x_wconf 84' lang='lat' dir='ltr'><strong>intellego</strong></span> <span class='ocrx_word' id='word_1_360' title='bbox 1854 1916 1882 1938; x_wconf 90' lang='lat'><strong>“</strong></span> <span class='ocrx_word' id='word_1_361' title='bbox 1871 1916 2077 1970; x_wconf 81' lang='lat' dir='ltr'><strong>‘Sapien-</strong></span> 
     </span>
     <span class='ocr_line' id='line_1_60' title="bbox 1225 1975 1488 2015; baseline -0.004 -1"><span class='ocrx_word' id='word_1_362' title='bbox 1225 1981 1293 2014; x_wconf 78' lang='lat' dir='ltr'><strong>tel</strong></span> <span class='ocrx_word' id='word_1_363' title='bbox 1314 1975 1488 2015; x_wconf 87' lang='lat' dir='ltr'><strong>scilicet.</strong></span> 
     </span>
    </p>

    <p class='ocr_par' dir='ltr' id='par_1_12' title="bbox 1210 2022 2111 3494">
     <span class='ocr_line' id='line_1_61' title="bbox 1284 2022 1802 2096; baseline 0 -25"><span class='ocrx_word' id='word_1_364' title='bbox 1284 2031 1387 2096; x_wconf 78' lang='lat' dir='ltr'><strong>Cap.</strong></span> <span class='ocrx_word' id='word_1_365' title='bbox 1415 2030 1557 2071; x_wconf 90' lang='lat' dir='ltr'><strong>XXX.</strong></span> <span class='ocrx_word' id='word_1_366' title='bbox 1608 2030 1656 2070; x_wconf 92' lang='lat' dir='ltr'><strong>B.</strong></span> <span class='ocrx_word' id='word_1_367' title='bbox 1709 2022 1802 2071; x_wconf 73' lang='grc' dir='ltr'><em>ὑπ’</em></span> 
     </span>
     <span class='ocr_line' id='line_1_62' title="bbox 1225 2079 2075 2137; baseline -0.004 -9"><span class='ocrx_word' id='word_1_368' title='bbox 1225 2080 1335 2128; x_wconf 88' lang='grc' dir='ltr'><em>υπό</em></span> <span class='ocrx_word' id='word_1_369' title='bbox 1365 2099 1424 2128; x_wconf 84' lang='grc' dir='ltr'><em>τε</em></span> <span class='ocrx_word' id='word_1_370' title='bbox 1454 2086 1566 2128; x_wconf 82' lang='grc' dir='ltr'><em>τῶν</em></span> <span class='ocrx_word' id='word_1_371' title='bbox 1595 2079 1673 2128; x_wconf 78' lang='grc' dir='ltr'><em>ἐπ.</em></span> <span class='ocrx_word' id='word_1_372' title='bbox 1704 2100 1749 2130; x_wconf 88' lang='grc' dir='ltr'><strong>κ.</strong></span> <span class='ocrx_word' id='word_1_373' title='bbox 1771 2100 1809 2127; x_wconf 92' lang='grc' dir='ltr'><strong>τ.</strong></span> <span class='ocrx_word' id='word_1_374' title='bbox 1833 2085 1890 2137; x_wconf 87' lang='grc' dir='ltr'><strong>λ.]</strong></span> <span class='ocrx_word' id='word_1_375' title='bbox 1931 2087 2075 2126; x_wconf 79' lang='lat' dir='ltr'><strong>Ve1ba</strong></span> 
     </span>
     <span class='ocr_line' id='line_1_63' title="bbox 1225 2129 2075 2209; baseline -0.001 -25"><span class='ocrx_word' id='word_1_376' title='bbox 1225 2137 1319 2185; x_wconf 77' lang='grc' dir='ltr'><em>ὑπό</em></span> <span class='ocrx_word' id='word_1_377' title='bbox 1348 2156 1398 2184; x_wconf 89' lang='grc' dir='ltr'><em>τε</em></span> <span class='ocrx_word' id='word_1_378' title='bbox 1427 2142 1522 2184; x_wconf 84' lang='grc' dir='ltr'><em>τῶν</em></span> <span class='ocrx_word' id='word_1_379' title='bbox 1550 2136 1825 2209; x_wconf 78' lang='grc' dir='ltr'><em>ἐπιθυμιῶν</em></span> <span class='ocrx_word' id='word_1_380' title='bbox 1854 2139 1937 2183; x_wconf 86' lang='grc' dir='ltr'><em>καὶ</em></span> <span class='ocrx_word' id='word_1_381' title='bbox 1956 2129 2075 2208; x_wconf 75' lang='grc' dir='ltr'><em>ᾑδο·</em></span> 
     </span>
     <span class='ocr_line' id='line_1_64' title="bbox 1223 2191 2073 2253; baseline -0.004 -11"><span class='ocrx_word' id='word_1_382' title='bbox 1223 2199 1321 2242; x_wconf 82' lang='grc' dir='ltr'><strong>νῶν</strong></span> <span class='ocrx_word' id='word_1_383' title='bbox 1368 2201 1583 2253; x_wconf 83' lang='lat' dir='ltr'><strong>explicant</strong></span> <span class='ocrx_word' id='word_1_384' title='bbox 1627 2200 1733 2240; x_wconf 90' lang='lat' dir='ltr'><strong>illud</strong></span> <span class='ocrx_word' id='word_1_385' title='bbox 1779 2191 1864 2240; x_wconf 88' lang='grc' dir='ltr'><em>υπ’</em></span> <span class='ocrx_word' id='word_1_386' title='bbox 1906 2191 2073 2240; x_wconf 79' lang='grc' dir='ltr'><em>αυτοῦ.</em></span> 
     </span>
     <span class='ocr_line' id='line_1_65' title="bbox 1223 2254 2074 2325; baseline -0.001 -28"><span class='ocrx_word' id='word_1_387' title='bbox 1223 2257 1380 2325; x_wconf 56' lang='lat' dir='ltr'><strong>Aesc&#39;h.</strong></span> <span class='ocrx_word' id='word_1_388' title='bbox 1429 2257 1526 2298; x_wconf 84' lang='lat' dir='ltr'><strong>adv,</strong></span> <span class='ocrx_word' id='word_1_389' title='bbox 1578 2254 1691 2297; x_wconf 87' lang='lat' dir='ltr'><strong>Ctes.</strong></span> <span class='ocrx_word' id='word_1_390' title='bbox 1743 2256 1796 2296; x_wconf 88' lang='grc'><strong>81</strong></span> <span class='ocrx_word' id='word_1_391' title='bbox 1846 2267 2074 2320; x_wconf 69' lang='grc' dir='ltr'><em>τοιαυτης</em></span> 
     </span>
     <span class='ocr_line' id='line_1_66' title="bbox 1225 2306 2111 2378; baseline -0.001 -25"><span class='ocrx_word' id='word_1_392' title='bbox 1225 2308 1278 2353; x_wconf 78' lang='grc' dir='ltr'><strong>δὲ</strong></span> <span class='ocrx_word' id='word_1_393' title='bbox 1320 2306 1643 2377; x_wconf 78' lang='grc' dir='ltr'><em>ἐμπιπτούσης</em></span> <span class='ocrx_word' id='word_1_394' title='bbox 1684 2325 1910 2378; x_wconf 66' lang='grc' dir='ltr'><em>ταραχης,</em></span> <span class='ocrx_word' id='word_1_395' title='bbox 1951 2323 2072 2377; x_wconf 86' lang='grc' dir='ltr'><em>μετα</em></span> <span class='ocrx_word' id='word_1_396' title='bbox 2107 2358 2111 2363; x_wconf 48' lang='grc'><strong>,</strong></span> 
     </span>
     <span class='ocr_line' id='line_1_67' title="bbox 1222 2361 2069 2437; baseline -0.001 -28"><span class='ocrx_word' id='word_1_397' title='bbox 1222 2367 1315 2411; x_wconf 81' lang='grc' dir='ltr'><em>τῶν</em></span> <span class='ocrx_word' id='word_1_398' title='bbox 1346 2363 1606 2433; x_wconf 84' lang='grc' dir='ltr'><em>συμφύτων</em></span> <span class='ocrx_word' id='word_1_399' title='bbox 1635 2380 1913 2437; x_wconf 87' lang='grc' dir='ltr'><em>νοσηματων</em></span> <span class='ocrx_word' id='word_1_400' title='bbox 1938 2361 2069 2424; x_wconf 76' lang='grc' dir='ltr'><em>αὐτῷ</em></span> 
     </span>
     <span class='ocr_line' id='line_1_68' title="bbox 1220 2410 2069 2490; baseline -0.002 -24"><span class='ocrx_word' id='word_1_401' title='bbox 1220 2417 1332 2490; x_wconf 82' lang='grc' dir='ltr'><strong>ἤδη</strong></span> <span class='ocrx_word' id='word_1_402' title='bbox 1349 2438 1407 2466; x_wconf 90' lang='grc' dir='ltr'><em>τα</em></span> <span class='ocrx_word' id='word_1_403' title='bbox 1436 2419 1554 2478; x_wconf 79' lang='grc' dir='ltr'><em>μετὰ</em></span> <span class='ocrx_word' id='word_1_404' title='bbox 1592 2424 1746 2466; x_wconf 86' lang='grc' dir='ltr'><em>ταῦτα</em></span> <span class='ocrx_word' id='word_1_405' title='bbox 1775 2410 2069 2488; x_wconf 79' lang='grc' dir='ltr'><em>ἐβουλεύετό,</em></span> 
     </span>
     <span class='ocr_line' id='line_1_69' title="bbox 1219 2474 2072 2548; baseline -0.001 -26"><span class='ocrx_word' id='word_1_406' title='bbox 1219 2495 1338 2548; x_wconf 87' lang='grc' dir='ltr'><em>μετα</em></span> <span class='ocrx_word' id='word_1_407' title='bbox 1362 2480 1547 2530; x_wconf 86' lang='grc' dir='ltr'><em>δειλίας</em></span> <span class='ocrx_word' id='word_1_408' title='bbox 1575 2478 1658 2522; x_wconf 84' lang='grc' dir='ltr'><em>καὶ</em></span> <span class='ocrx_word' id='word_1_409' title='bbox 1686 2481 1771 2535; x_wconf 85' lang='grc' dir='ltr'><strong>τῆς</strong></span> <span class='ocrx_word' id='word_1_410' title='bbox 1792 2474 1909 2535; x_wconf 84' lang='grc' dir='ltr'><em>πρὸς</em></span> <span class='ocrx_word' id='word_1_411' title='bbox 1930 2480 2072 2521; x_wconf 89' lang='grc' dir='ltr'><em>Φιλο-</em></span> 
     </span>
     <span class='ocr_line' id='line_1_70' title="bbox 1219 2532 2067 2604; baseline -0.002 -25"><span class='ocrx_word' id='word_1_412' title='bbox 1219 2533 1401 2591; x_wconf 86' lang='grc' dir='ltr'><em>κράτην</em></span> <span class='ocrx_word' id='word_1_413' title='bbox 1423 2532 1541 2591; x_wconf 79' lang='grc' dir='ltr'><em>ὑπερ</em></span> <span class='ocrx_word' id='word_1_414' title='bbox 1563 2536 1649 2591; x_wconf 89' lang='grc' dir='ltr'><strong>τῆς</strong></span> <span class='ocrx_word' id='word_1_415' title='bbox 1672 2535 1967 2604; x_wconf 84' lang='grc' dir='ltr'><em>δωροδοκίας</em></span> <span class='ocrx_word' id='word_1_416' title='bbox 1989 2535 2067 2590; x_wconf 80' lang='grc' dir='ltr'><strong>ζη·</strong></span> 
     </span>
     <span class='ocr_line' id='line_1_71' title="bbox 1220 2585 2069 2646; baseline -0.004 -11"><span class='ocrx_word' id='word_1_417' title='bbox 1220 2593 1462 2642; x_wconf 85' lang='grc' dir='ltr'><em>λοτυπί.ας</em></span> <span class='ocrx_word' id='word_1_418' title='bbox 1504 2595 1667 2634; x_wconf 88' lang='lat' dir='ltr'><strong>Deinde</strong></span> <span class='ocrx_word' id='word_1_419' title='bbox 1695 2587 1816 2635; x_wconf 74' lang='grc' dir='ltr'><em>ἄλλ’</em></span> <span class='ocrx_word' id='word_1_420' title='bbox 1849 2585 1899 2646; x_wconf 81' lang='grc' dir='ltr'><strong>ἤ,</strong></span> <span class='ocrx_word' id='word_1_421' title='bbox 1929 2600 1976 2632; x_wconf 86' lang='lat' dir='ltr'><strong>ut</strong></span> <span class='ocrx_word' id='word_1_422' title='bbox 1997 2605 2069 2633; x_wconf 90' lang='lat' dir='ltr'><strong>so-</strong></span> 
     </span>
     <span class='ocr_line' id='line_1_72' title="bbox 1218 2649 2067 2703; baseline 0 -14"><span class='ocrx_word' id='word_1_423' title='bbox 1218 2651 1295 2697; x_wconf 88' lang='lat' dir='ltr'><strong>let,</strong></span> <span class='ocrx_word' id='word_1_424' title='bbox 1327 2659 1426 2703; x_wconf 87' lang='lat' dir='ltr'><strong>post</strong></span> <span class='ocrx_word' id='word_1_425' title='bbox 1455 2659 1678 2702; x_wconf 83' lang='lat' dir='ltr'><strong>negantem</strong></span> <span class='ocrx_word' id='word_1_426' title='bbox 1708 2649 1960 2690; x_wconf 84' lang='lat' dir='ltr'><strong>sententiam</strong></span> <span class='ocrx_word' id='word_1_427' title='bbox 2001 2650 2067 2689; x_wconf 90' lang='lat' dir='ltr'><strong>in-</strong></span> 
     </span>
     <span class='ocr_line' id='line_1_73' title="bbox 1217 2706 2066 2746; baseline 0.001 -1"><span class='ocrx_word' id='word_1_428' title='bbox 1217 2706 1362 2746; x_wconf 87' lang='lat' dir='ltr'><strong>fertur.</strong></span> <span class='ocrx_word' id='word_1_429' title='bbox 1406 2706 1505 2746; x_wconf 79' lang='lat' dir='ltr'><strong>Oita</strong></span> <span class='ocrx_word' id='word_1_430' title='bbox 1535 2715 1599 2745; x_wconf 81' lang='lat' dir='ltr'><strong>est</strong></span> <span class='ocrx_word' id='word_1_431' title='bbox 1629 2718 1727 2746; x_wconf 73' lang='lat' dir='ltr'><strong>vero</strong></span> <span class='ocrx_word' id='word_1_432' title='bbox 1770 2706 1872 2746; x_wconf 86' lang='lat' dir='ltr'><strong>baec</strong></span> <span class='ocrx_word' id='word_1_433' title='bbox 1913 2706 2066 2746; x_wconf 86' lang='lat' dir='ltr'><strong>locutio</strong></span> 
     </span>
     <span class='ocr_line' id='line_1_74' title="bbox 1218 2762 2068 2812; baseline 0.001 -11"><span class='ocrx_word' id='word_1_434' title='bbox 1218 2775 1270 2802; x_wconf 90' lang='lat' dir='ltr'><strong>ex</strong></span> <span class='ocrx_word' id='word_1_435' title='bbox 1312 2763 1611 2802; x_wconf 87' lang='lat' dir='ltr'><strong>coniunctione</strong></span> <span class='ocrx_word' id='word_1_436' title='bbox 1651 2762 1829 2801; x_wconf 80' lang='lat' dir='ltr'><strong>duarum</strong></span> <span class='ocrx_word' id='word_1_437' title='bbox 1865 2763 2068 2812; x_wconf 90' lang='lat' dir='ltr'><strong>loquendi</strong></span> 
     </span>
     <span class='ocr_line' id='line_1_75' title="bbox 1216 2819 2066 2872; baseline 0.001 -15"><span class='ocrx_word' id='word_1_438' title='bbox 1216 2819 1463 2869; x_wconf 84' lang='lat' dir='ltr'><strong>formarum,</strong></span> <span class='ocrx_word' id='word_1_439' title='bbox 1484 2831 1660 2870; x_wconf 83' lang='lat' dir='ltr'><strong>quarum</strong></span> <span class='ocrx_word' id='word_1_440' title='bbox 1684 2819 1812 2858; x_wconf 81' lang='lat' dir='ltr'><strong>altera</strong></span> <span class='ocrx_word' id='word_1_441' title='bbox 1835 2819 2066 2872; x_wconf 88' lang='lat' dir='ltr'><strong>oppositio-</strong></span> 
     </span>
     <span class='ocr_line' id='line_1_76' title="bbox 1218 2875 2065 2939; baseline 0 -25"><span class='ocrx_word' id='word_1_442' title='bbox 1218 2887 1330 2926; x_wconf 83' lang='lat' dir='ltr'><strong>nem,</strong></span> <span class='ocrx_word' id='word_1_443' title='bbox 1353 2876 1486 2914; x_wconf 80' lang='lat' dir='ltr'><strong>altera</strong></span> <span class='ocrx_word' id='word_1_444' title='bbox 1507 2876 1864 2939; x_wconf 82' lang='lat' dir='ltr'><strong>comparationem</strong></span> <span class='ocrx_word' id='word_1_445' title='bbox 1893 2875 2065 2923; x_wconf 81' lang='lat' dir='ltr'><strong>indicat,</strong></span> 
     </span>
     <span class='ocr_line' id='line_1_77' title="bbox 1216 2930 2066 2982; baseline 0.004 -15"><span class='ocrx_word' id='word_1_446' title='bbox 1216 2943 1301 2982; x_wconf 81' lang='lat' dir='ltr'><strong>qua</strong></span> <span class='ocrx_word' id='word_1_447' title='bbox 1320 2932 1638 2971; x_wconf 78' lang='lat' dir='ltr'><strong>consociatione</strong></span> <span class='ocrx_word' id='word_1_448' title='bbox 1659 2932 1832 2973; x_wconf 85' lang='lat' dir='ltr'><strong>Graecis</strong></span> <span class='ocrx_word' id='word_1_449' title='bbox 1857 2930 1957 2970; x_wconf 89' lang='lat' dir='ltr'><strong>nihil</strong></span> <span class='ocrx_word' id='word_1_450' title='bbox 1979 2932 2066 2971; x_wconf 91' lang='lat' dir='ltr'><strong>usi-</strong></span> 
     </span>
     <span class='ocr_line' id='line_1_78' title="bbox 1215 2988 2066 3039; baseline 0 -13"><span class='ocrx_word' id='word_1_451' title='bbox 1215 2989 1342 3026; x_wconf 84' lang='lat' dir='ltr'><strong>tatius</strong></span> <span class='ocrx_word' id='word_1_452' title='bbox 1384 2998 1459 3027; x_wconf 87' lang='lat' dir='ltr'><strong>est</strong></span> <span class='ocrx_word' id='word_1_453' title='bbox 1504 2989 1649 3039; x_wconf 80' lang='lat' dir='ltr'><strong>Itaque</strong></span> <span class='ocrx_word' id='word_1_454' title='bbox 1692 3001 1788 3027; x_wconf 89' lang='lat' dir='ltr'><strong>cum</strong></span> <span class='ocrx_word' id='word_1_455' title='bbox 1829 2994 1945 3027; x_wconf 85' lang='lat' dir='ltr'><strong>recte</strong></span> <span class='ocrx_word' id='word_1_456' title='bbox 1980 2988 2066 3027; x_wconf 85' lang='lat' dir='ltr'><strong>dici</strong></span> 
     </span>
     <span class='ocr_line' id='line_1_79' title="bbox 1216 3035 2065 3110; baseline 0.004 -27"><span class='ocrx_word' id='word_1_457' title='bbox 1216 3052 1381 3102; x_wconf 80' lang='lat' dir='ltr'><strong>posset:</strong></span> <span class='ocrx_word' id='word_1_458' title='bbox 1427 3035 1543 3091; x_wconf 84' lang='grc' dir='ltr'><em>ω’ςτε</em></span> <span class='ocrx_word' id='word_1_459' title='bbox 1570 3039 1724 3110; x_wconf 89' lang='grc' dir='ltr'><em>μηδεν</em></span> <span class='ocrx_word' id='word_1_460' title='bbox 1751 3037 1868 3085; x_wconf 87' lang='grc' dir='ltr'><em>αλλο</em></span> <span class='ocrx_word' id='word_1_461' title='bbox 1899 3042 2065 3086; x_wconf 86' lang='grc' dir='ltr'><em>δοκειν</em></span> 
     </span>
     <span class='ocr_line' id='line_1_80' title="bbox 1218 3093 2063 3154; baseline 0 -13"><span class='ocrx_word' id='word_1_462' title='bbox 1218 3102 1344 3141; x_wconf 82' lang='grc' dir='ltr'><em>εἰναι</em></span> <span class='ocrx_word' id='word_1_463' title='bbox 1365 3093 1566 3154; x_wconf 84' lang='grc' dir='ltr'><em>αληθές,</em></span> <span class='ocrx_word' id='word_1_464' title='bbox 1587 3094 1708 3141; x_wconf 78' lang='grc' dir='ltr'><em>αλλὰ</em></span> <span class='ocrx_word' id='word_1_465' title='bbox 1731 3094 1783 3141; x_wconf 84' lang='grc' dir='ltr'><strong>τὸ</strong></span> <span class='ocrx_word' id='word_1_466' title='bbox 1806 3112 2063 3154; x_wconf 87' lang='grc' dir='ltr'><em>σωματοει-</em></span> 
     </span>
     <span class='ocr_line' id='line_1_81' title="bbox 1216 3153 2057 3220; baseline -0.001 -24"><span class='ocrx_word' id='word_1_467' title='bbox 1216 3153 1321 3220; x_wconf 83' lang='grc' dir='ltr'><em>δές;</em></span> <span class='ocrx_word' id='word_1_468' title='bbox 1354 3166 1394 3197; x_wconf 89' lang='lat' dir='ltr'><strong>et</strong></span> <span class='ocrx_word' id='word_1_469' title='bbox 1423 3170 1516 3196; x_wconf 86' lang='lat' dir='ltr'><strong>cum</strong></span> <span class='ocrx_word' id='word_1_470' title='bbox 1540 3165 1653 3197; x_wconf 90' lang='lat' dir='ltr'><strong>recte</strong></span> <span class='ocrx_word' id='word_1_471' title='bbox 1682 3158 1806 3197; x_wconf 84' lang='lat' dir='ltr'><strong>etiam</strong></span> <span class='ocrx_word' id='word_1_472' title='bbox 1829 3158 2057 3196; x_wconf 82' lang='lat' dir='ltr'><strong>diceretur</strong></span> 
     </span>
     <span class='ocr_line' id='line_1_82' title="bbox 1214 3202 2059 3267; baseline 0 -14"><span class='ocrx_word' id='word_1_473' title='bbox 1214 3203 1331 3260; x_wconf 71' lang='grc' dir='ltr'><em>α’ἶςτε</em></span> <span class='ocrx_word' id='word_1_474' title='bbox 1362 3227 1407 3266; x_wconf 88' lang='grc' dir='ltr'><strong>μ.</strong></span> <span class='ocrx_word' id='word_1_475' title='bbox 1432 3205 1477 3254; x_wconf 89' lang='grc' dir='ltr'><strong>ά.</strong></span> <span class='ocrx_word' id='word_1_476' title='bbox 1502 3212 1546 3254; x_wconf 91' lang='grc' dir='ltr'><strong>δ.</strong></span> <span class='ocrx_word' id='word_1_477' title='bbox 1581 3208 1706 3255; x_wconf 83' lang='grc' dir='ltr'><em>εἶναι</em></span> <span class='ocrx_word' id='word_1_478' title='bbox 1735 3206 1917 3267; x_wconf 73' lang='grc' dir='ltr'><em>ἀληθὲς</em></span> <span class='ocrx_word' id='word_1_479' title='bbox 1946 3202 1979 3266; x_wconf 80' lang='grc' dir='ltr'><em>ἢ</em></span> <span class='ocrx_word' id='word_1_480' title='bbox 2007 3206 2059 3253; x_wconf 85' lang='grc' dir='ltr'><strong>τὸ</strong></span> 
     </span>
     <span class='ocr_line' id='line_1_83' title="bbox 1215 3267 2060 3323; baseline -0.002 -14"><span class='ocrx_word' id='word_1_481' title='bbox 1215 3267 1556 3323; x_wconf 81' lang='grc' dir='ltr'><em>σωματοειδές,</em></span> <span class='ocrx_word' id='word_1_482' title='bbox 1618 3278 1798 3319; x_wconf 82' lang='lat' dir='ltr'><strong>utraque</strong></span> <span class='ocrx_word' id='word_1_483' title='bbox 1858 3269 2060 3320; x_wconf 84' lang='lat' dir='ltr'><strong>loquendi</strong></span> 
     </span>
     <span class='ocr_line' id='line_1_84' title="bbox 1212 3325 2060 3366; baseline -0.001 -1"><span class='ocrx_word' id='word_1_484' title='bbox 1212 3325 1346 3365; x_wconf 78' lang='lat' dir='ltr'><strong>forma</strong></span> <span class='ocrx_word' id='word_1_485' title='bbox 1377 3328 1417 3366; x_wconf 89' lang='lat' dir='ltr'><strong>in</strong></span> <span class='ocrx_word' id='word_1_486' title='bbox 1449 3339 1580 3365; x_wconf 86' lang='lat' dir='ltr'><strong>unum</strong></span> <span class='ocrx_word' id='word_1_487' title='bbox 1609 3327 1832 3366; x_wconf 80' lang='lat' dir='ltr'><strong>coniuncta</strong></span> <span class='ocrx_word' id='word_1_488' title='bbox 1855 3325 1936 3365; x_wconf 89' lang='lat' dir='ltr'><strong>dici</strong></span> <span class='ocrx_word' id='word_1_489' title='bbox 1959 3325 2060 3364; x_wconf 86' lang='lat' dir='ltr'><strong>soli-</strong></span> 
     </span>
     <span class='ocr_line' id='line_1_85' title="bbox 1211 3373 2058 3448; baseline 0 -26"><span class='ocrx_word' id='word_1_490' title='bbox 1211 3390 1299 3422; x_wconf 88' lang='lat' dir='ltr'><strong>tum</strong></span> <span class='ocrx_word' id='word_1_491' title='bbox 1330 3395 1445 3430; x_wconf 83' lang='grc' dir='ltr'><em>ωςτε</em></span> <span class='ocrx_word' id='word_1_492' title='bbox 1471 3377 1642 3448; x_wconf 74' lang='grc' dir='ltr'><em>μηδὲν</em></span> <span class='ocrx_word' id='word_1_493' title='bbox 1652 3373 1768 3423; x_wconf 90' lang='grc' dir='ltr'><em>αλλο</em></span> <span class='ocrx_word' id='word_1_494' title='bbox 1798 3380 1962 3423; x_wconf 79' lang='grc' dir='ltr'><em>δοκεῖν</em></span> <span class='ocrx_word' id='word_1_495' title='bbox 1994 3374 2058 3422; x_wconf 79' lang='grc' dir='ltr'><em>εἴ·</em></span> 
     </span>
     <span class='ocr_line' id='line_1_86' title="bbox 1210 3397 2059 3494; baseline -0.002 -14"><span class='ocrx_word' id='word_1_496' title='bbox 1210 3452 1292 3480; x_wconf 91' lang='grc' dir='ltr'><strong>ναι</strong></span> <span class='ocrx_word' id='word_1_497' title='bbox 1322 3397 1505 3493; x_wconf 68' lang='grc' dir='ltr'><em>ἄληθες</em></span> <span class='ocrx_word' id='word_1_498' title='bbox 1534 3431 1642 3480; x_wconf 75' lang='grc' dir='ltr'><em>ἄλλ’</em></span> <span class='ocrx_word' id='word_1_499' title='bbox 1661 3429 1693 3492; x_wconf 79' lang='grc' dir='ltr'><em>ἢ</em></span> <span class='ocrx_word' id='word_1_500' title='bbox 1720 3431 1773 3480; x_wconf 81' lang='grc' dir='ltr'><strong>τὸ</strong></span> <span class='ocrx_word' id='word_1_501' title='bbox 1803 3449 2059 3494; x_wconf 86' lang='grc' dir='ltr'><em>σωματοει-</em></span> 
     </span>
    </p>
   </div>
   <div class='ocr_carea' id='block_1_12' title="bbox 1863 2021 2075 2083">
    <p class='ocr_par' dir='ltr' id='par_1_13' title="bbox 1863 2021 2075 2083">
     <span class='ocr_line' id='line_1_87' title="bbox 1863 2021 2075 2083; baseline 0 -13"><span class='ocrx_word' id='word_1_502' title='bbox 1863 2021 2075 2083; x_wconf 72' lang='grc' dir='ltr'><strong>αυτθῦ,</strong></span> 
     </span>
    </p>
   </div>
  </div>
 </body>
</html>
