2158 3718
774 167 1035 212 PHAEDo
1067 183 1114 226 p.
1146 171 1241 214 ιιι.
1777 169 1883 223 305

106 305 308 373 πιόντα
343 307 638 378 περιιέναι,
676 306 780 370 ἕως
816 304 889 360 ἄν
927 322 1032 361 σου
1067 307 1242 379 βάρος
1281 309 1345 363 ἐν
1381 317 1497 372 τοῖς
1533 310 1754 362 σκέλεσι
1789 310 1886 378 γέ-
1915 321 1948 361 Β

105 411 286 462 νηται,
325 394 515 446 ἔπειτα
551 397 944 446 κατακεῖσθαι·
987 393 1080 446 καὶ
1105 391 1285 457 οὕτως
1311 391 1448 447 αὐτ-ὁ
1486 393 1725 463 ποιήσει.
1774 394 1886 450 Καὶ

104 474 216 546 ἅμα
254 474 426 547 ὤρεξε
462 474 566 547 τὴν
603 475 807 530 κύλικα
843 481 920 549 τῷ
950 477 1258 548 Σωκράτει.
1334 479 1428 532 καὶ
1465 477 1527 542 ὃς
1562 476 1754 547 λαβών
1790 479 1885 532 καὶ

104 561 253 630 μάλα
288 561 468 631 ἵλεως,
509 554 555 615 ὦ
586 559 921 631 Ἐχέκρατες,
961 562 1132 617 οὐδὲν
1156 563 1354 634 τρέσας
1388 562 1522 617 οὐδὲ
1549 564 1887 633 διαφθείρας

104 642 237 698 οὕτε
291 649 394 699 τοῦ
448 646 736 716 χρώματος
787 644 919 701 οὔτε
973 651 1075 701 τοῦ
1130 647 1457 718 προςιόπου,
1506 645 1653 716 ἀλλ’,
1702 646 1884 718 ὥςπερ

106 728 325 801 εἰώθει,
381 729 667 801 ταυρηδὸν
714 728 1039 801 ὑποβλέψας
1085 729 1225 803 πρὸς
1273 730 1372 787 τὸν
1419 731 1757 802 ἄνθρωπον,
1821 735 1891 786 Τί

103 815 312 883 λέγεις,
358 816 494 885 ἔφη,
535 816 663 886 περὶ
699 817 867 870 τοῦδε
904 821 1007 871 τοῦ
1044 817 1303 888 πώματος
1339 815 1479 889 πρὸς
1515 815 1577 871 τὸ
1616 815 1886 871 ἀποσπεῖ-

103 901 201 952 σαί
241 919 378 964 τινι;
429 899 668 970 ἔξεστιν,
717 901 753 971 ἢ
791 897 894 966 οὕς
952 906 1267 971 Τοσοῦτον,
1307 905 1443 973 ἔφη,
1483 897 1528 956 ὦ
1568 902 1885 971 Σώκρατες,

100 986 386 1054 τρίβομεν,
426 984 563 1038 ὅσον
601 985 836 1055 οἰόμεθα
873 987 1101 1056 μέτριον
1140 983 1284 1041 εἶναι
1321 996 1488 1041 πιεῖν.
1556 987 1886 1055 ’Μανθάνω,

99 1063 138 1139 ἦ
216 1068 229 1088 ’
269 1067 358 1132 ὅς·
414 1068 541 1122 ἀλλ’
582 1068 855 1139 εὔχεσθαί
886 1072 954 1139 γέ
986 1089 1098 1124 που
1136 1080 1252 1135 τοῖς
1287 1077 1445 1134 θεοῖς
1482 1069 1664 1135 ἔξεστί
1696 1091 1755 1124 τε
1792 1071 1886 1124 καὶ
1917 1083 1949 1125 C

101 1151 205 1223 χρή
243 1151 347 1223 τὴν
383 1157 707 1224 μετοίκησιν
731 1153 837 1224 τήν
866 1155 1101 1208 ἐνθένδε
1129 1157 1311 1210 ἐκεῖσε
1347 1154 1553 1225 εὐτυχῆ
1589 1154 1881 1224 γενέσθαι·

100 1236 137 1291 ὁὶ
173 1235 241 1307 δὴ
289 1237 383 1291 καὶ
423 1236 531 1307 ἐγώ
572 1237 810 1309 εὔχομαί
850 1259 910 1292 τε
958 1241 1052 1293 καὶ
1098 1240 1317 1308 γένοιτο
1355 1240 1550 1310 ταύτῃ.
1625 1239 1737 1291 Καὶ
1774 1237 1887 1309 ἅμα

102 1319 489 1376 εἰπώνπαῦτα
529 1324 895 1394 ἐπισχόμενος
933 1325 1026 1378 καὶ
1062 1325 1211 1394 μάλα
1250 1322 1495 1395 εὐχερῶς
1520 1324 1614 1377 καὶ
1641 1322 1888 1389 εὐκόλως

213 1481 261 1523 B.
294 1474 435 1523 αὐτὸ
459 1475 713 1537 ποιήσει]
738 1484 791 1524 V.
815 1476 1032 1537 ποιήσεις
1059 1483 1204 1524 invitis
1236 1460 1467 1526 codicibus.
1514 1485 1598 1523 lam
1620 1483 1717 1524 Ald.
1741 1484 1839 1524 Bas.
1865 1485 1884 1523 1

99 1531 303 1592 ποιήσει.

211 1605 495 1664 πιόματος]
520 1610 631 1650 [ibri
652 1603 877 1664 πόματος,
903 1611 1014 1661 quod
1037 1618 1189 1665 sponte
1210 1612 1383 1652 mutavi.
1407 1625 1444 1654 v.
1469 1611 1523 1652 ad
1540 1610 1701 1654 Phileb.
1720 1623 1763 1664 p.
1774 1611 1887 1654 341⁴).

99 1743 189 1805 γὰρ
214 1745 387 1805 λέγεις·
419 1749 634 1800 τοιοῦτος
664 1742 729 1793 ὧν
750 1745 774 1793 ὁ
796 1743 949 1818 ’Ἑρως

98 1806 206 1849 τίνα
227 1806 392 1862 χρείαν
408 1803 504 1862 ἔχει
527 1811 627 1857 τοῖς
644 1801 947 1862 ανθρώποις·
936 1841 948 1861 ,

155 1873 255 1926 ε’ως
291 1892 361 1920 αν
394 1889 495 1919 σου
532 1873 722 1933 βαρος]
760 1881 823 1920 Ne
854 1881 949 1931 quis

99 1945 185 1976 σου
206 1935 250 1975 in
271 1945 346 1976 σοι
369 1936 617 1976 mutandum
643 1938 881 1986 arbitretur,
906 1945 952 1977 ut

98 2004 287 2044 nuperus
319 1992 488 2042 quidam
528 1993 699 2033 criticus
734 1994 946 2047 praecipi-

98 2054 183 2088 tato
221 2047 319 2088 fecit
372 2049 527 2088 iudicio
564 2058 610 2089 ut
644 2058 712 2090 ote
748 2051 949 2090 inductus

97 2104 180 2144 illis
203 2112 305 2145 sect.
328 2105 361 2145 E
367 2098 555 2172 ἐπειδή
578 2119 625 2147 οι
646 2099 948 2160 βαρύνεσθαι

49 2169 64 2205 1
99 2156 192 2215 ἔφη
214 2154 273 2202 τοὶ
296 2156 464 2214 σκέλη,
488 2175 524 2202 ν.
540 2162 697 2203 Criton.
710 2174 749 2214 p.
763 2164 872 2204 5313.
892 2163 951 2202 De

97 2217 206 2270 Rep.
226 2218 321 2260 Vll.
343 2230 388 2271 p.
409 2218 555 2258 5180.
581 2217 727 2271 Symp.
751 2232 792 2271 p.
811 2219 949 2261 21513.

98 2273 950 2326 Men.p.94Bal.VereButtmannus:

100 2330 370 2381 „Genetivus
409 2331 707 2382 pronominum
745 2343 950 2384 persona-

99 2387 200 2427 lium
240 2387 518 2427 substantivis
563 2388 803 2428 nominibus
833 2396 950 2428 ante·

98 2443 264 2496 positus
294 2455 374 2483 non
407 2455 501 2483 raro
524 2444 649 2484 simul
681 2444 812 2484 vicem
842 2444 950 2497 gerit

99 2499 230 2540 dativi
245 2500 454 2540 commodi
478 2500 544 2539 vel
563 2500 865 2543 incommodi.“
888 2501 950 2541 De

98 2568 182 2608 quo
211 2564 436 2610 praecepto
467 2557 713 2598 consulatur
743 2557 821 2596 viri
853 2557 946 2597 illu-

98 2613 198 2653 stris
221 2614 407 2656 Gramm.
431 2611 500 2653 Gr.
525 2614 565 2664 ἓ.
591 2615 684 2655 120.
702 2615 743 2654 4.

155 2697 201 2736 Β.
247 2694 348 2738 καὶ
382 2688 561 2745 οὕτως
597 2690 738 2739 αὐτὸ
781 2689 950 2750 ποιή-

99 2751 202 2805 σει]
231 2761 428 2805 „atquc
463 2754 558 2806 ita,
589 2755 697 2794 inter
726 2754 948 2795 ambulan-

98 2809 815 2864 dum,perseipsumsfficax
836 2812 947 2861 erit,

100 2871 145 2906 ut
172 2866 290 2907 nulla
317 2867 399 2907 alia
426 2881 470 2907 re
506 2880 614 2921 opus
650 2868 718 2908 sit.
762 2867 949 2919 Ποιεῖν,

101 2930 147 2962 ut
166 2921 366 2963 Latinum
386 2923 582 2972 facere,
605 2924 666 2964 de
694 2936 949 2977 praesen-

101 2978 242 3018 tibus
291 2981 548 3019 remediis
588 2981 784 3044 ροείιιιιιι
834 2980 950 3034 apud

29 3051 38 3066 x
99 3033 389 3075 Dioscoridem
403 3036 622 3105 „imprimis
646 3037 872 3101 reperitur,
910 3049 949 3075 v.

99 3103 136 3132 c.
159 3092 191 3132 1.
211 3092 266 3132 95
286 3094 424 3133 ποιεῖ’
443 3084 562 3144 πρὸς
587 3085 832 3146 φάρμακα,
858 3105 949 3132 va-

100 3147 467 3245 begssssdversus
506 3147 757 3188 venena.“
800 3148 950 3189 HElN-

156 3270 254 3315 καὶ
283 3267 434 3326 μαλα
468 3271 652 3328 ἵλεως]
672 3274 949 3314 admodum

101 3329 303 3372 hilaris.
327 3332 543 3383 Frequens
562 3338 624 3371 est
641 3327 724 3371 καὶ
740 3323 869 3383 μα’λα
891 3331 953 3370 sic

102 3388 303 3440 positum,
328 3396 374 3428 ut
394 3387 482 3429 καί
501 3388 581 3427 vim
605 3387 852 3452 intemndendi
876 3386 951 3425 ha-

102 3444 211 3487 beat.
251 3443 350 3485 Mox
379 3441 463 3485 καὶ
491 3438 621 3498 μα’λα
647 3436 848 3496 εὐχερῶς
869 3439 953 3484 καὶ,

102 3491 307 3549 εὐκόλως
330 3493 499 3552 ἐξέπιε.

191 3581 525 3612 PLAT.P11AED.

1094 1745 1772 1807 ταυρηδόνῦποβλέψας]
1796 1752 1884 1796 h,e.

1039 1816 1186 1849 torvo
1218 1809 1366 1850 vultu
1403 1810 1640 1857 intuens,
1683 1809 1884 1849 defixis

1038 1867 1088 1904 in
1113 1878 1225 1905 eum
1248 1866 1430 1908 oculis.
1462 1878 1502 1908 ν.
1523 1864 1883 1917 Wyttenbach.

1038 1922 1169 1975 Epist.
1200 1922 1290 1964 crit.
1328 1935 1371 1975 p.
1401 1924 1455 1963 46
1494 1927 1534 1961 et
1572 1923 1623 1961 de
1660 1921 1740 1961 hoc
1768 1933 1885 1961 more

1038 1978 1225 2019 Socratis
1247 1978 1394 2031 Symp.
1417 1991 1460 2031 p.
1482 1979 1562 2018 221
1586 1978 1633 2020 Β.
1661 1978 1885 2018 Proximo—

1035 2047 1128 2074 rum
1159 2035 1383 2074 verborum
1419 2035 1629 2074 sententia
1663 2033 1769 2074 haec
1798 2041 1886 2074 est:

1037 2091 1169 2139 Quid
1205 2091 1298 2131 tibi
1327 2090 1538 2131 videtur
1566 2090 1627 2130 de
1661 2090 1755 2131 hac
1791 2103 1884 2144 po-

1037 2149 1184 2187 tione
1215 2147 1393 2187 habita
1421 2147 1629 2187 ratione
1666 2147 1883 2187 libatio-

1038 2205 1122 2243 nis
1145 2203 1311 2243 alicui
1342 2203 1653 2243 faciendae?
1682 2203 1883 2243 licetne

1039 2273 1142 2299 eam
1177 2259 1376 2323 facere,
1409 2271 1470 2299 an
1501 2259 1782 2300 nonlicet?
1825 2260 1884 2299 Ita

1038 2317 1222 2369 positum
1261 2290 1378 2368 πρός
1419 2327 1502 2356 non
1543 2316 1627 2356 rari
1669 2323 1734 2355 est
1764 2327 1883 2358 usus.

1040 2372 1185 2440 Symp
1212 2385 1252 2426 p.
1279 2372 1359 2413 174
1375 2372 1407 2411 Β
1429 2370 1528 2419 πῶς
1549 2367 1671 2425 ἔχεις
1691 2364 1810 2424 πρὸς
1830 2363 1881 2413 τὸ

1034 2422 1222 2470 ἐθέλειν
1252 2420 1314 2470 dv
1344 2424 1470 2470 ἰέναι
1502 2421 1707 2493 ακλητος
1685 2441 1731 2493 ς;
1776 2428 1883 2468 lbid.

1036 2487 1182 2537 ρ,176
1204 2485 1236 2525 Β
1265 2483 1364 2533 πῶς
1394 2480 1491 2539 εχει
1518 2477 1637 2536 πρὸς
1666 2478 1718 2525 τὸ
1742 2478 1883 2538 ἐρᾶῶ-

1036 2542 1157 2582 σθαι
1172 2540 1352 2589 πίνειν;
1367 2540 1431 2581 Co
1445 2543 1468 2582 b
1480 2549 1560 2581 etu
1573 2548 1749 2582 stamen
1761 2541 1882 2583 Varr.

1036 2598 1202 2639 Lectt.
1192 2611 1236 2638 1n
1257 2599 1521 2650 Mnemosyn.
1546 2598 1642 2638 Vol.
1657 2599 1728 2638 lV.
1747 2610 1788 2650 p.
1802 2598 1885 2638 304

1038 2656 1179 2695 fassus
1197 2663 1262 2695 est
1278 2667 1325 2695 se
1342 2667 1423 2695 non
1445 2654 1688 2707 intellegere
1708 2665 1885 2705 quomo-

1037 2712 1090 2751 do
1121 2711 1227 2751 haec
1256 2723 1443 2762 unquam
1474 2711 1662 2764 intellegi
1703 2710 1884 2776 possint,

1040 2768 1120 2807 nisi
1148 2768 1227 2808 loci
1256 2768 1464 2821 scriptura
1497 2768 1557 2807 sic
1579 2768 1882 2808 constituatur

1043 2823 1107 2865 Τί
1131 2820 1281 2890 λέγεις
1310 2822 1418 2877 περι
1446 2822 1590 2865 τοῦδε
1619 2822 1701 2865 τοῦ
1721 2817 1886 2888 πώμα-

1038 2894 1141 2945 τος;
1182 2874 1478 2922 αποσπεῑσαί
1506 2894 1602 2922 τινι
1632 2876 1815 2932 ἔξεστιν
1857 2869 1886 2933 ἢ

1037 2950 1118 2987 ους
1149 2938 1205 2977 Αι,
1235 2939 1431 2977 nimirum
1473 2938 1694 2991 prudentis
1731 2937 1884 2975 medici

1038 3001 1103 3034 est
1124 2995 1258 3035 morbi
1279 2995 1465 3034 remedia
1485 2993 1687 3035 adhibere
1708 3001 1795 3033 tum
1814 2993 1884 3032 de·

1038 3062 1167 3102 mum,
1198 3064 1294 3090 cnm
1323 3051 1415 3091 eius
1443 3058 1557 3090 certa
1586 3051 1783 3091 affuerint
1818 3049 1882 3087 in-

1037 3107 1160 3147 dicia.

1093 3185 1332 3244 μέτριον
1355 3185 1511 3234 εἶναι
1534 3190 1663 3242 π.]1ι.
1688 3202 1727 3230 e.
1749 3188 1882 3229 satis

1039 3259 1172 3287 esse.

1098 3330 1141 3374 C.
1191 3325 1605 3403 ἐπισχόμενος]
1677 3330 1883 3370 Videntur

1038 3377 1339 3442 ἐπισχόμενοι
1359 3388 1521 3430 πινειν
1541 3387 1641 3427 dicti
1672 3398 1782 3435 esse,
1811 3386 1882 3437 qui

1038 3444 1147 3482 inter
1187 3446 1333 3498 epulas
1366 3454 1406 3484 et
1434 3443 1767 3497 compotationes
1803 3453 1881 3495 po-

1039 3499 1132 3539 cula
1154 3501 1215 3540 ori
1242 3502 1517 3542 admoverent
1547 3500 1705 3540 diutius
1727 3498 1879 3551 largio-

1472 3567 1543 3624 20
