<?xml version="1.0" encoding="UTF-8"?>
<!DOCTYPE html PUBLIC "-//W3C//DTD XHTML 1.0 Transitional//EN"
    "http://www.w3.org/TR/xhtml1/DTD/xhtml1-transitional.dtd">
<html xmlns="http://www.w3.org/1999/xhtml" xml:lang="en" lang="en">
 <head>
  <title>
</title>
<meta http-equiv="Content-Type" content="text/html;charset=utf-8" />
  <meta name='ocr-system' content='tesseract 3.04.00' />
  <meta name='ocr-capabilities' content='ocr_page ocr_carea ocr_par ocr_line ocrx_word'/>
</head>
<body>
  <div class='ocr_page' id='page_1' title='image "./operaomniarecens01platuoft/operaomniarecens01platuoft_0298.png"; bbox 0 0 2158 3718; ppageno 0'>
   <div class='ocr_carea' id='block_1_1' title="bbox 313 119 1428 172">
    <p class='ocr_par' dir='ltr' id='par_1_1' title="bbox 313 119 1428 172">
     <span class='ocr_line' id='line_1_1' title="bbox 313 119 1428 172; baseline 0.002 -2"><span class='ocrx_word' id='word_1_1' title='bbox 313 119 418 171; x_wconf 64' lang='lat'>‘2⁴20</span> <span class='ocrx_word' id='word_1_2' title='bbox 948 119 1428 172; x_wconf 84' lang='lat' dir='ltr'><strong>PLATONIS</strong></span> 
     </span>
    </p>
   </div>
   <div class='ocr_carea' id='block_1_2' title="bbox 199 262 2019 843">
    <p class='ocr_par' dir='ltr' id='par_1_2' title="bbox 199 262 2019 843">
     <span class='ocr_line' id='line_1_2' title="bbox 308 262 2018 338; baseline 0.002 -20"><span class='ocrx_word' id='word_1_3' title='bbox 308 262 504 319; x_wconf 76' lang='grc' dir='ltr'><em>ἄδικον</em></span> <span class='ocrx_word' id='word_1_4' title='bbox 548 268 648 334; x_wconf 80' lang='grc' dir='ltr'><strong>μὲν</strong></span> <span class='ocrx_word' id='word_1_5' title='bbox 694 269 958 336; x_wconf 66' lang='grc' dir='ltr'><em>ἰωβᾶται,</em></span> <span class='ocrx_word' id='word_1_6' title='bbox 1006 265 1068 321; x_wconf 84' lang='grc' dir='ltr'><strong>τὸ</strong></span> <span class='ocrx_word' id='word_1_7' title='bbox 1119 269 1174 320; x_wconf 81' lang='grc' dir='ltr'><strong>δὲ</strong></span> <span class='ocrx_word' id='word_1_8' title='bbox 1220 269 1433 321; x_wconf 84' lang='grc' dir='ltr'><em>δίκαιον</em></span> <span class='ocrx_word' id='word_1_9' title='bbox 1469 264 1748 332; x_wconf 78' lang='grc' dir='ltr'><em>ὀνίνησιν·</em></span> <span class='ocrx_word' id='word_1_10' title='bbox 1795 264 1827 333; x_wconf 73' lang='grc' dir='ltr'><em>ὴ</em></span> <span class='ocrx_word' id='word_1_11' title='bbox 1870 288 2018 338; x_wconf 75' lang='grc' dir='ltr'><strong>φαυ-</strong></span> 
     </span>
     <span class='ocr_line' id='line_1_3' title="bbox 306 348 2019 451; baseline 0.002 -50"><span class='ocrx_word' id='word_1_12' title='bbox 306 348 539 404; x_wconf 63' lang='grc' dir='ltr'><em>ὶότεοον</em></span> <span class='ocrx_word' id='word_1_13' title='bbox 598 349 665 419; x_wconf 77' lang='grc' dir='ltr'><strong>ἡ)</strong></span> <span class='ocrx_word' id='word_1_14' title='bbox 673 350 899 423; x_wconf 76' lang='grc' dir='ltr'><em>ούμεθα</em></span> <span class='ocrx_word' id='word_1_15' title='bbox 957 351 1100 406; x_wconf 82' lang='grc' dir='ltr'><em>εἶναι</em></span> <span class='ocrx_word' id='word_1_16' title='bbox 1153 355 1253 405; x_wconf 87' lang='grc' dir='ltr'><em>τοῦ</em></span> <span class='ocrx_word' id='word_1_17' title='bbox 1301 348 1554 451; x_wconf 66' lang='grc' dir='ltr'><em>σωματος</em></span> <span class='ocrx_word' id='word_1_18' title='bbox 1611 357 1813 414; x_wconf 73' lang='grc' dir='ltr'><em>ἐκεῖνο,</em></span> <span class='ocrx_word' id='word_1_19' title='bbox 1876 349 1906 404; x_wconf 86' lang='grc' dir='ltr'><em>ὅ</em></span> <span class='ocrx_word' id='word_1_20' title='bbox 1967 372 2019 405; x_wconf 78' lang='grc' dir='ltr'><strong>τι</strong></span> 
     </span>
     <span class='ocr_line' id='line_1_4' title="bbox 199 432 2015 506; baseline 0.001 -19"><span class='ocrx_word' id='word_1_21' title='bbox 199 453 267 505; x_wconf 73' lang='grc'><strong>48</strong></span> <span class='ocrx_word' id='word_1_22' title='bbox 306 433 423 488; x_wconf 83' lang='grc' dir='ltr'><em>πότ’</em></span> <span class='ocrx_word' id='word_1_23' title='bbox 492 442 604 487; x_wconf 76' lang='grc' dir='ltr'><em>ἐστι</em></span> <span class='ocrx_word' id='word_1_24' title='bbox 650 439 759 489; x_wconf 78' lang='grc' dir='ltr'><strong>τῶν</strong></span> <span class='ocrx_word' id='word_1_25' title='bbox 802 435 1102 506; x_wconf 79' lang='grc' dir='ltr'><em>ἡμετέρων,</em></span> <span class='ocrx_word' id='word_1_26' title='bbox 1153 438 1275 505; x_wconf 83' lang='grc' dir='ltr'><em>περὶ</em></span> <span class='ocrx_word' id='word_1_27' title='bbox 1337 433 1366 490; x_wconf 85' lang='grc' dir='ltr'><em>ὃ</em></span> <span class='ocrx_word' id='word_1_28' title='bbox 1426 432 1458 501; x_wconf 75' lang='grc' dir='ltr'>ἡ</span> <span class='ocrx_word' id='word_1_29' title='bbox 1522 456 1577 489; x_wconf 82' lang='grc' dir='ltr'><strong>τε</strong></span> <span class='ocrx_word' id='word_1_30' title='bbox 1621 433 1808 488; x_wconf 81' lang='grc' dir='ltr'><em>ἀδικία</em></span> <span class='ocrx_word' id='word_1_31' title='bbox 1852 437 1943 489; x_wconf 86' lang='grc' dir='ltr'><strong>καὶ</strong></span> <span class='ocrx_word' id='word_1_32' title='bbox 1984 433 2015 501; x_wconf 83' lang='grc' dir='ltr'>ἡ</span> 
     </span>
     <span class='ocr_line' id='line_1_5' title="bbox 306 517 2018 590; baseline 0.001 -19"><span class='ocrx_word' id='word_1_33' title='bbox 306 517 631 584; x_wconf 79' lang='grc' dir='ltr'><em>δικαιοσύνη</em></span> <span class='ocrx_word' id='word_1_34' title='bbox 678 525 854 586; x_wconf 62' lang='lat' dir='ltr'><strong>eati-v</strong></span> <span class='ocrx_word' id='word_1_35' title='bbox 914 522 1028 574; x_wconf 88' lang='grc' dir='ltr'><strong>ΚΡ.</strong></span> <span class='ocrx_word' id='word_1_36' title='bbox 1081 518 1368 590; x_wconf 79' lang='grc' dir='ltr'><strong><em>Οὐδαμῶς.</em></strong></span> <span class='ocrx_word' id='word_1_37' title='bbox 1428 520 1562 573; x_wconf 81' lang='grc' dir='ltr'><strong>ΣΩ.</strong></span> <span class='ocrx_word' id='word_1_38' title='bbox 1617 517 1784 572; x_wconf 81' lang='grc' dir='ltr'><strong>Ἀλλὰ</strong></span> <span class='ocrx_word' id='word_1_39' title='bbox 1831 517 2018 588; x_wconf 73' lang='grc' dir='ltr'><em>τιμιώ-</em></span> 
     </span>
     <span class='ocr_line' id='line_1_6' title="bbox 304 596 2017 673; baseline 0.001 -17"><span class='ocrx_word' id='word_1_40' title='bbox 304 622 502 672; x_wconf 66' lang='grc' dir='ltr'><em>τερονς</em></span> <span class='ocrx_word' id='word_1_41' title='bbox 565 606 693 657; x_wconf 73' lang='lat' dir='ltr'><strong>KH.</strong></span> <span class='ocrx_word' id='word_1_42' title='bbox 754 602 919 660; x_wconf 78' lang='grc' dir='ltr'><em>[Ιολύ</em></span> <span class='ocrx_word' id='word_1_43' title='bbox 965 626 1041 671; x_wconf 77' lang='grc' dir='ltr'><strong>γε.</strong></span> <span class='ocrx_word' id='word_1_44' title='bbox 1109 602 1223 659; x_wconf 77' lang='grc' dir='ltr'><strong>Οὐκ</strong></span> <span class='ocrx_word' id='word_1_45' title='bbox 1266 601 1411 672; x_wconf 77' lang='grc' dir='ltr'><em>ἄρα,</em></span> <span class='ocrx_word' id='word_1_46' title='bbox 1459 596 1498 657; x_wconf 79' lang='grc' dir='ltr'><strong><em>ὦ</em></strong></span> <span class='ocrx_word' id='word_1_47' title='bbox 1544 606 1816 673; x_wconf 76' lang='grc' dir='ltr'><em>βέλτιστε,</em></span> <span class='ocrx_word' id='word_1_48' title='bbox 1867 602 2017 672; x_wconf 73' lang='grc' dir='ltr'><strong>πάνυ</strong></span> 
     </span>
     <span class='ocr_line' id='line_1_7' title="bbox 303 685 2017 761; baseline 0.001 -21"><span class='ocrx_word' id='word_1_49' title='bbox 303 685 436 756; x_wconf 79' lang='grc' dir='ltr'><em>ἡμῖν</em></span> <span class='ocrx_word' id='word_1_50' title='bbox 483 685 627 743; x_wconf 77' lang='grc' dir='ltr'><em>οὕτω</em></span> <span class='ocrx_word' id='word_1_51' title='bbox 685 693 1083 761; x_wconf 66' lang='grc' dir='ltr'><em>φροντιστέον,</em></span> <span class='ocrx_word' id='word_1_52' title='bbox 1139 693 1194 742; x_wconf 81' lang='grc' dir='ltr'><strong>τί</strong></span> <span class='ocrx_word' id='word_1_53' title='bbox 1252 692 1470 760; x_wconf 74' lang='grc' dir='ltr'><em>ἐροῦσιν</em></span> <span class='ocrx_word' id='word_1_54' title='bbox 1519 694 1571 742; x_wconf 77' lang='grc' dir='ltr'><em>οἱ</em></span> <span class='ocrx_word' id='word_1_55' title='bbox 1618 691 1813 742; x_wconf 84' lang='grc' dir='ltr'><em>πολλοὶ</em></span> <span class='ocrx_word' id='word_1_56' title='bbox 1854 685 2017 756; x_wconf 73' lang='grc' dir='ltr'><em>ἡμᾶς,</em></span> 
     </span>
     <span class='ocr_line' id='line_1_8' title="bbox 300 768 2015 843; baseline 0.001 -18"><span class='ocrx_word' id='word_1_57' title='bbox 300 770 414 825; x_wconf 78' lang='grc' dir='ltr'><em>ἀλλ’</em></span> <span class='ocrx_word' id='word_1_58' title='bbox 465 768 494 826; x_wconf 85' lang='grc' dir='ltr'><em>ὅ</em></span> <span class='ocrx_word' id='word_1_59' title='bbox 541 793 590 825; x_wconf 89' lang='grc' dir='ltr'><strong>τι</strong></span> <span class='ocrx_word' id='word_1_60' title='bbox 637 770 667 826; x_wconf 86' lang='grc' dir='ltr'>ὁ</span> <span class='ocrx_word' id='word_1_61' title='bbox 712 778 919 826; x_wconf 74' lang='grc' dir='ltr'><em>ἐπαΐων</em></span> <span class='ocrx_word' id='word_1_62' title='bbox 978 777 1099 843; x_wconf 81' lang='grc' dir='ltr'><em>περὶ</em></span> <span class='ocrx_word' id='word_1_63' title='bbox 1158 775 1269 827; x_wconf 82' lang='grc' dir='ltr'><strong>τῶν</strong></span> <span class='ocrx_word' id='word_1_64' title='bbox 1314 776 1539 827; x_wconf 80' lang='grc' dir='ltr'><em>δικαίων</em></span> <span class='ocrx_word' id='word_1_65' title='bbox 1582 778 1672 826; x_wconf 83' lang='grc' dir='ltr'><strong>καὶ</strong></span> <span class='ocrx_word' id='word_1_66' title='bbox 1721 771 1942 835; x_wconf 78' lang='grc' dir='ltr'><em>ἀδίκων,</em></span> <span class='ocrx_word' id='word_1_67' title='bbox 1986 770 2015 826; x_wconf 81' lang='grc' dir='ltr'>ὁ</span> 
     </span>
    </p>
   </div>
   <div class='ocr_carea' id='block_1_3' title="bbox 299 1018 2020 1481">
    <p class='ocr_par' dir='ltr' id='par_1_3' title="bbox 301 1018 2014 1132">
     <span class='ocr_line' id='line_1_9' title="bbox 415 1018 2014 1074; baseline 0 -14"><span class='ocrx_word' id='word_1_68' title='bbox 415 1021 466 1062; x_wconf 87' lang='lat' dir='ltr'><strong>P.</strong></span> <span class='ocrx_word' id='word_1_69' title='bbox 496 1020 569 1064; x_wconf 85' lang='lat'><strong>48.</strong></span> <span class='ocrx_word' id='word_1_70' title='bbox 623 1022 674 1060; x_wconf 87' lang='grc' dir='ltr'><strong>τί</strong></span> <span class='ocrx_word' id='word_1_71' title='bbox 701 1019 971 1074; x_wconf 80' lang='grc' dir='ltr'><em>ἐροῦσιν]</em></span> <span class='ocrx_word' id='word_1_72' title='bbox 1039 1020 1148 1061; x_wconf 69' lang='lat' dir='ltr'><strong>nodi</strong></span> <span class='ocrx_word' id='word_1_73' title='bbox 1198 1021 1309 1063; x_wconf 84' lang='lat' dir='ltr'><strong>Ven.</strong></span> <span class='ocrx_word' id='word_1_74' title='bbox 1343 1021 1381 1061; x_wconf 87' lang='lat' dir='ltr'><strong>b.</strong></span> <span class='ocrx_word' id='word_1_75' title='bbox 1415 1020 1545 1064; x_wconf 83' lang='lat' dir='ltr'><strong>vind.</strong></span> <span class='ocrx_word' id='word_1_76' title='bbox 1589 1021 1628 1064; x_wconf 92' lang='lat'><strong>1.</strong></span> <span class='ocrx_word' id='word_1_77' title='bbox 1662 1020 1703 1063; x_wconf 87' lang='grc'><strong>4.</strong></span> <span class='ocrx_word' id='word_1_78' title='bbox 1736 1018 1848 1061; x_wconf 82' lang='lat' dir='ltr'><strong>Tub.</strong></span> <span class='ocrx_word' id='word_1_79' title='bbox 1883 1018 2014 1061; x_wconf 76' lang='lat' dir='ltr'><strong>Huet.</strong></span> 
     </span>
     <span class='ocr_line' id='line_1_10' title="bbox 301 1075 1489 1132; baseline -0.002 -12"><span class='ocrx_word' id='word_1_80' title='bbox 301 1080 402 1122; x_wconf 86' lang='lat' dir='ltr'><strong>Par.</strong></span> <span class='ocrx_word' id='word_1_81' title='bbox 436 1080 532 1120; x_wconf 88' lang='lat' dir='ltr'><strong>DS.</strong></span> <span class='ocrx_word' id='word_1_82' title='bbox 561 1080 602 1118; x_wconf 84' lang='grc' dir='ltr'><strong>τί</strong></span> <span class='ocrx_word' id='word_1_83' title='bbox 627 1076 816 1132; x_wconf 67' lang='grc' dir='ltr'><em>ἐροῦσι)</em></span> <span class='ocrx_word' id='word_1_84' title='bbox 879 1079 1017 1132; x_wconf 73' lang='lat' dir='ltr'><strong>Vulgo</strong></span> <span class='ocrx_word' id='word_1_85' title='bbox 1051 1075 1076 1118; x_wconf 87' lang='grc' dir='ltr'>ὅ</span> <span class='ocrx_word' id='word_1_86' title='bbox 1108 1094 1143 1118; x_wconf 93' lang='grc' dir='ltr'><strong>τι</strong></span> <span class='ocrx_word' id='word_1_87' title='bbox 1179 1077 1239 1131; x_wconf 81' lang='grc' dir='ltr'><strong>ἐρ.</strong></span> <span class='ocrx_word' id='word_1_88' title='bbox 1271 1092 1310 1120; x_wconf 83' lang='lat' dir='ltr'><strong>v.</strong></span> <span class='ocrx_word' id='word_1_89' title='bbox 1343 1083 1489 1119; x_wconf 82' lang='lat' dir='ltr'><strong>annot</strong></span> 
     </span>
    </p>

    <p class='ocr_par' dir='ltr' id='par_1_4' title="bbox 302 1132 2020 1307">
     <span class='ocr_line' id='line_1_11' title="bbox 419 1132 2015 1190; baseline -0.003 -12"><span class='ocrx_word' id='word_1_90' title='bbox 419 1137 469 1178; x_wconf 88' lang='grc' dir='ltr'><strong>Β.</strong></span> <span class='ocrx_word' id='word_1_91' title='bbox 529 1137 683 1190; x_wconf 72' lang='grc' dir='ltr'><em>Δῆλα</em></span> <span class='ocrx_word' id='word_1_92' title='bbox 722 1135 788 1190; x_wconf 86' lang='grc' dir='ltr'><strong>δὴ</strong></span> <span class='ocrx_word' id='word_1_93' title='bbox 833 1138 916 1177; x_wconf 81' lang='grc' dir='ltr'><strong>καὶ</strong></span> <span class='ocrx_word' id='word_1_94' title='bbox 960 1137 1142 1177; x_wconf 81' lang='grc' dir='ltr'><em>ταῦτα·</em></span> <span class='ocrx_word' id='word_1_95' title='bbox 1186 1137 1320 1188; x_wconf 82' lang='grc' dir='ltr'><em>φαίη</em></span> <span class='ocrx_word' id='word_1_96' title='bbox 1363 1133 1460 1189; x_wconf 81' lang='grc' dir='ltr'><strong>γὰρ</strong></span> <span class='ocrx_word' id='word_1_97' title='bbox 1511 1132 1572 1175; x_wconf 75' lang='grc' dir='ltr'><strong>ἂν</strong></span> <span class='ocrx_word' id='word_1_98' title='bbox 1606 1140 1689 1184; x_wconf 78' lang='lat' dir='ltr'><strong>——l</strong></span> <span class='ocrx_word' id='word_1_99' title='bbox 1754 1133 1902 1188; x_wconf 79' lang='lat' dir='ltr'><strong>steph.</strong></span> <span class='ocrx_word' id='word_1_100' title='bbox 1945 1133 2015 1187; x_wconf 81' lang='grc' dir='ltr'><strong>δη-</strong></span> 
     </span>
     <span class='ocr_line' id='line_1_12' title="bbox 302 1191 2016 1264; baseline -0.002 -29"><span class='ocrx_word' id='word_1_101' title='bbox 302 1192 407 1250; x_wconf 75' lang='grc' dir='ltr'><em>λαδὴ</em></span> <span class='ocrx_word' id='word_1_102' title='bbox 453 1196 520 1235; x_wconf 83' lang='grc' dir='ltr'><strong>καὶ</strong></span> <span class='ocrx_word' id='word_1_103' title='bbox 553 1196 684 1264; x_wconf 74' lang='grc' dir='ltr'><em>ταῦτα</em></span> <span class='ocrx_word' id='word_1_104' title='bbox 717 1197 823 1248; x_wconf 83' lang='grc' dir='ltr'><em>φαίη</em></span> <span class='ocrx_word' id='word_1_105' title='bbox 855 1191 890 1249; x_wconf 87' lang='grc' dir='ltr'><strong>γ’</strong></span> <span class='ocrx_word' id='word_1_106' title='bbox 932 1192 986 1235; x_wconf 81' lang='grc' dir='ltr'><strong>α”ν</strong></span> <span class='ocrx_word' id='word_1_107' title='bbox 1017 1206 1091 1235; x_wconf 70' lang='grc' dir='ltr'><strong>τις.</strong></span> <span class='ocrx_word' id='word_1_108' title='bbox 1115 1195 1238 1237; x_wconf 87' lang='grc' dir='ltr'><strong>Βο(1Ι.</strong></span> <span class='ocrx_word' id='word_1_109' title='bbox 1276 1195 1432 1246; x_wconf 75' lang='lat' dir='ltr'><strong>auique</strong></span> <span class='ocrx_word' id='word_1_110' title='bbox 1466 1194 1624 1246; x_wconf 71' lang='lat' dir='ltr'><strong>liquido</strong></span> <span class='ocrx_word' id='word_1_111' title='bbox 1657 1205 1738 1234; x_wconf 74' lang='lat' dir='ltr'><strong>scr</strong></span> <span class='ocrx_word' id='word_1_112' title='bbox 1731 1195 1863 1245; x_wconf 89' lang='lat' dir='ltr'><strong>ptum</strong></span> <span class='ocrx_word' id='word_1_113' title='bbox 1900 1192 2016 1234; x_wconf 84' lang='lat' dir='ltr'><strong>exhi-</strong></span> 
     </span>
     <span class='ocr_line' id='line_1_13' title="bbox 302 1251 2020 1320; baseline -0.002 -26"><span class='ocrx_word' id='word_1_114' title='bbox 302 1254 424 1296; x_wconf 88' lang='lat' dir='ltr'><strong>bent.</strong></span> <span class='ocrx_word' id='word_1_115' title='bbox 462 1254 567 1306; x_wconf 80' lang='grc' dir='ltr'><em>φαίη</em></span> <span class='ocrx_word' id='word_1_116' title='bbox 602 1251 682 1307; x_wconf 84' lang='grc' dir='ltr'><strong>γὰρ</strong></span> <span class='ocrx_word' id='word_1_117' title='bbox 717 1251 781 1295; x_wconf 79' lang='grc' dir='ltr'><strong>ἄν.</strong></span> <span class='ocrx_word' id='word_1_118' title='bbox 817 1252 931 1294; x_wconf 87' lang='lat' dir='ltr'><strong>unde</strong></span> <span class='ocrx_word' id='word_1_119' title='bbox 953 1252 1062 1320; x_wconf 48' lang='lat' dir='ltr'><strong>quid·</strong></span> <span class='ocrx_word' id='word_1_120' title='bbox 1081 1265 1228 1294; x_wconf 85' lang='lat' dir='ltr'><strong>verum</strong></span> <span class='ocrx_word' id='word_1_121' title='bbox 1253 1254 1326 1302; x_wconf 79' lang='lat' dir='ltr'><strong>sit,</strong></span> <span class='ocrx_word' id='word_1_122' title='bbox 1357 1258 1514 1305; x_wconf 83' lang='lat' dir='ltr'><strong>sponte</strong></span> <span class='ocrx_word' id='word_1_123' title='bbox 1544 1258 1735 1306; x_wconf 75' lang='lat' dir='ltr'><strong>apparet.</strong></span> <span class='ocrx_word' id='word_1_124' title='bbox 1766 1251 1849 1291; x_wconf 77' lang='lat' dir='ltr'><strong>vid.</strong></span> <span class='ocrx_word' id='word_1_125' title='bbox 1880 1252 2020 1303; x_wconf 82' lang='lat' dir='ltr'><strong>intpp..</strong></span> 
     </span>
    </p>

    <p class='ocr_par' dir='ltr' id='par_1_5' title="bbox 299 1306 2017 1481">
     <span class='ocr_line' id='line_1_14' title="bbox 414 1306 2016 1365; baseline -0.001 -14"><span class='ocrx_word' id='word_1_126' title='bbox 414 1307 581 1352; x_wconf 75' lang='grc' dir='ltr'><em>αυτός</em></span> <span class='ocrx_word' id='word_1_127' title='bbox 613 1326 664 1352; x_wconf 82' lang='grc' dir='ltr'><strong>τε</strong></span> <span class='ocrx_word' id='word_1_128' title='bbox 697 1309 720 1352; x_wconf 87' lang='grc' dir='ltr'>ὁ</span> <span class='ocrx_word' id='word_1_129' title='bbox 755 1309 954 1365; x_wconf 71' lang='grc' dir='ltr'><em>λόγος]</em></span> <span class='ocrx_word' id='word_1_130' title='bbox 1016 1310 1090 1351; x_wconf 78' lang='lat' dir='ltr'><strong>sic</strong></span> <span class='ocrx_word' id='word_1_131' title='bbox 1123 1309 1550 1353; x_wconf 80' lang='lat' dir='ltr'><strong>Cois1.Vat.Ven.</strong></span> <span class='ocrx_word' id='word_1_132' title='bbox 1598 1310 1637 1353; x_wconf 92' lang='lat' dir='ltr'><strong>b.</strong></span> <span class='ocrx_word' id='word_1_133' title='bbox 1689 1306 2016 1350; x_wconf 39' lang='lat' dir='ltr'><strong>parabus.</strong></span> 
     </span>
     <span class='ocr_line' id='line_1_15' title="bbox 299 1365 2017 1423; baseline -0.001 -15"><span class='ocrx_word' id='word_1_134' title='bbox 299 1369 432 1410; x_wconf 86' lang='lat' dir='ltr'><strong>Huet.</strong></span> <span class='ocrx_word' id='word_1_135' title='bbox 469 1371 619 1422; x_wconf 77' lang='lat' dir='ltr'><strong>Augei.</strong></span> <span class='ocrx_word' id='word_1_136' title='bbox 655 1370 842 1423; x_wconf 82' lang='lat' dir='ltr'><strong>&#39;lubing</strong></span> <span class='ocrx_word' id='word_1_137' title='bbox 874 1369 992 1410; x_wconf 76' lang='lat' dir='ltr'><strong>Bior.</strong></span> <span class='ocrx_word' id='word_1_138' title='bbox 1025 1382 1061 1410; x_wconf 83' lang='lat' dir='ltr'><strong>a.</strong></span> <span class='ocrx_word' id='word_1_139' title='bbox 1094 1368 1136 1409; x_wconf 92' lang='lat' dir='ltr'><strong>b.</strong></span> <span class='ocrx_word' id='word_1_140' title='bbox 1170 1381 1207 1408; x_wconf 87' lang='lat' dir='ltr'><strong>c.</strong></span> <span class='ocrx_word' id='word_1_141' title='bbox 1241 1366 1278 1408; x_wconf 84' lang='lat' dir='ltr'><strong>h.</strong></span> <span class='ocrx_word' id='word_1_142' title='bbox 1310 1368 1339 1407; x_wconf 83' lang='lat' dir='ltr'><strong>i.</strong></span> <span class='ocrx_word' id='word_1_143' title='bbox 1376 1372 1420 1408; x_wconf 87' lang='lat' dir='ltr'><strong>et</strong></span> <span class='ocrx_word' id='word_1_144' title='bbox 1461 1381 1513 1408; x_wconf 88' lang='lat' dir='ltr'><strong>ex</strong></span> <span class='ocrx_word' id='word_1_145' title='bbox 1546 1380 1657 1408; x_wconf 77' lang='lat' dir='ltr'><strong>corr.</strong></span> <span class='ocrx_word' id='word_1_146' title='bbox 1692 1366 1822 1406; x_wconf 82' lang='lat' dir='ltr'><strong>Bodl.</strong></span> <span class='ocrx_word' id='word_1_147' title='bbox 1869 1365 2017 1418; x_wconf 74' lang='lat' dir='ltr'><strong>Vulgo</strong></span> 
     </span>
     <span class='ocr_line' id='line_1_16' title="bbox 300 1424 2015 1481; baseline -0.001 -14"><span class='ocrx_word' id='word_1_148' title='bbox 300 1441 348 1479; x_wconf 78' lang='grc' dir='ltr'><strong>γε</strong></span> <span class='ocrx_word' id='word_1_149' title='bbox 388 1427 632 1480; x_wconf 77' lang='lat' dir='ltr'><strong>legebatur,</strong></span> <span class='ocrx_word' id='word_1_150' title='bbox 673 1428 789 1481; x_wconf 83' lang='lat' dir='ltr'><strong>quod</strong></span> <span class='ocrx_word' id='word_1_151' title='bbox 828 1427 1105 1480; x_wconf 86' lang='lat' dir='ltr'><strong>Hirschig.</strong></span> <span class='ocrx_word' id='word_1_152' title='bbox 1149 1438 1249 1468; x_wconf 75' lang='lat' dir='ltr'><strong>sese</strong></span> <span class='ocrx_word' id='word_1_153' title='bbox 1295 1424 1459 1466; x_wconf 84' lang='lat' dir='ltr'><strong>fatetur</strong></span> <span class='ocrx_word' id='word_1_154' title='bbox 1499 1425 1622 1466; x_wconf 89' lang='lat' dir='ltr'><strong>unice</strong></span> <span class='ocrx_word' id='word_1_155' title='bbox 1664 1437 1810 1465; x_wconf 84' lang='lat' dir='ltr'><strong>verum</strong></span> <span class='ocrx_word' id='word_1_156' title='bbox 1843 1429 2015 1476; x_wconf 75' lang='lat' dir='ltr'><strong>putare,</strong></span> 
     </span>
    </p>
   </div>
   <div class='ocr_carea' id='block_1_4' title="bbox 297 1593 2018 1945">
    <p class='ocr_par' dir='ltr' id='par_1_6' title="bbox 297 1593 2018 1945">
     <span class='ocr_line' id='line_1_17' title="bbox 299 1593 2015 1653; baseline -0.003 -13"><span class='ocrx_word' id='word_1_157' title='bbox 299 1600 644 1653; x_wconf 78' lang='lat' dir='ltr'><strong>praeterBekk</strong></span> <span class='ocrx_word' id='word_1_158' title='bbox 662 1612 808 1641; x_wconf 89' lang='lat' dir='ltr'><strong>erum</strong></span> <span class='ocrx_word' id='word_1_159' title='bbox 830 1613 980 1641; x_wconf 81' lang='lat' dir='ltr'><strong>omnes</strong></span> <span class='ocrx_word' id='word_1_160' title='bbox 1005 1612 1103 1641; x_wconf 92' lang='lat' dir='ltr'><strong>cum</strong></span> <span class='ocrx_word' id='word_1_161' title='bbox 1203 1597 1290 1639; x_wconf 81' lang='grc' dir='ltr'><em>ἐστι</em></span> <span class='ocrx_word' id='word_1_162' title='bbox 1334 1597 1403 1637; x_wconf 82' lang='grc' dir='ltr'><strong>καὶ</strong></span> <span class='ocrx_word' id='word_1_163' title='bbox 1447 1593 1503 1649; x_wconf 80' lang='grc' dir='ltr'><strong>μὴ</strong></span> <span class='ocrx_word' id='word_1_164' title='bbox 1549 1596 1650 1648; x_wconf 75' lang='grc' dir='ltr'><em>ἔχει,</em></span> <span class='ocrx_word' id='word_1_165' title='bbox 1704 1597 1862 1637; x_wconf 83' lang='grc' dir='ltr'><em>τοῦτον</em></span> <span class='ocrx_word' id='word_1_166' title='bbox 1897 1594 2015 1649; x_wconf 81' lang='grc' dir='ltr'><em>ἐρᾶν,</em></span> 
     </span>
     <span class='ocr_line' id='line_1_18' title="bbox 298 1653 2014 1711; baseline -0.003 -12"><span class='ocrx_word' id='word_1_167' title='bbox 298 1657 583 1711; x_wconf 79' lang='lat' dir='ltr'><strong>Stephano</strong></span> <span class='ocrx_word' id='word_1_168' title='bbox 630 1664 852 1699; x_wconf 86' lang='lat' dir='ltr'>mutarunt</span> <span class='ocrx_word' id='word_1_169' title='bbox 891 1658 930 1698; x_wconf 88' lang='lat' dir='ltr'><strong>in</strong></span> <span class='ocrx_word' id='word_1_170' title='bbox 966 1655 1012 1710; x_wconf 85' lang='grc' dir='ltr'><strong>ὅ,</strong></span> <span class='ocrx_word' id='word_1_171' title='bbox 1057 1663 1103 1698; x_wconf 90' lang='lat' dir='ltr'><strong>ut</strong></span> <span class='ocrx_word' id='word_1_172' title='bbox 1205 1654 1440 1706; x_wconf 77' lang='lat' dir='ltr'><strong>Matth.§</strong></span> <span class='ocrx_word' id='word_1_173' title='bbox 1469 1653 1598 1698; x_wconf 76' lang='grc'><strong>4282</strong></span> <span class='ocrx_word' id='word_1_174' title='bbox 1626 1655 1778 1695; x_wconf 78' lang='lat' dir='ltr'><strong>Rost.</strong></span> <span class='ocrx_word' id='word_1_175' title='bbox 1805 1653 2014 1707; x_wconf 75' lang='lat'><strong>§.123.8.</strong></span> 
     </span>
     <span class='ocr_line' id='line_1_19' title="bbox 300 1709 2018 1768; baseline -0.001 -13"><span class='ocrx_word' id='word_1_176' title='bbox 300 1717 504 1767; x_wconf 77' lang='lat' dir='ltr'><strong>scriptum</strong></span> <span class='ocrx_word' id='word_1_177' title='bbox 536 1721 680 1757; x_wconf 80' lang='lat' dir='ltr'><strong>exstat</strong></span> <span class='ocrx_word' id='word_1_178' title='bbox 711 1716 824 1768; x_wconf 81' lang='lat' dir='ltr'><strong>apud</strong></span> <span class='ocrx_word' id='word_1_179' title='bbox 848 1717 1102 1758; x_wconf 80' lang='lat' dir='ltr'><strong>Eusebium.</strong></span> <span class='ocrx_word' id='word_1_180' title='bbox 1262 1709 1288 1766; x_wconf 81' lang='grc' dir='ltr'>ἢ</span> <span class='ocrx_word' id='word_1_181' title='bbox 1327 1711 1720 1766; x_wconf 77' lang='grc' dir='ltr'><strong>φαυλότερον]</strong></span> <span class='ocrx_word' id='word_1_182' title='bbox 1771 1713 2018 1754; x_wconf 78' lang='lat' dir='ltr'><strong>verissime</strong></span> 
     </span>
     <span class='ocr_line' id='line_1_20' title="bbox 297 1771 2012 1825; baseline -0.002 -11"><span class='ocrx_word' id='word_1_183' title='bbox 297 1773 411 1815; x_wconf 80' lang='lat' dir='ltr'><strong>Nam</strong></span> <span class='ocrx_word' id='word_1_184' title='bbox 462 1775 642 1815; x_wconf 89' lang='lat' dir='ltr'><strong>verbum</strong></span> <span class='ocrx_word' id='word_1_185' title='bbox 691 1773 922 1825; x_wconf 77' lang='grc' dir='ltr'><em>λωβᾶσθαι</em></span> <span class='ocrx_word' id='word_1_186' title='bbox 971 1774 1100 1814; x_wconf 82' lang='lat' dir='ltr'><strong>etiam</strong></span> <span class='ocrx_word' id='word_1_187' title='bbox 1203 1772 1266 1812; x_wconf 85' lang='lat' dir='ltr'><strong>Ti</strong></span> <span class='ocrx_word' id='word_1_188' title='bbox 1283 1783 1471 1811; x_wconf 79' lang='lat' dir='ltr'><strong>maeus</strong></span> <span class='ocrx_word' id='word_1_189' title='bbox 1508 1772 1680 1822; x_wconf 76' lang='grc' dir='ltr'><em>φαῦλον</em></span> <span class='ocrx_word' id='word_1_190' title='bbox 1700 1771 2012 1823; x_wconf 75' lang='lat' dir='ltr'><strong>interpretatur</strong></span> 
     </span>
     <span class='ocr_line' id='line_1_21' title="bbox 300 1825 2016 1883; baseline -0.002 -11"><span class='ocrx_word' id='word_1_191' title='bbox 300 1845 395 1873; x_wconf 89' lang='lat' dir='ltr'><strong>cum</strong></span> <span class='ocrx_word' id='word_1_192' title='bbox 435 1845 538 1873; x_wconf 79' lang='lat' dir='ltr'><strong>casu</strong></span> <span class='ocrx_word' id='word_1_193' title='bbox 581 1833 710 1873; x_wconf 85' lang='lat' dir='ltr'><strong>tertio</strong></span> <span class='ocrx_word' id='word_1_194' title='bbox 741 1832 932 1872; x_wconf 76' lang='lat' dir='ltr'><strong>construi</strong></span> <span class='ocrx_word' id='word_1_195' title='bbox 966 1837 1104 1872; x_wconf 78' lang='lat' dir='ltr'><strong>testa-</strong></span> <span class='ocrx_word' id='word_1_196' title='bbox 1203 1825 1379 1871; x_wconf 72' lang='grc' dir='ltr'><strong>εὐτελές.</strong></span> <span class='ocrx_word' id='word_1_197' title='bbox 1441 1829 1688 1883; x_wconf 84' lang='lat' dir='ltr'><strong>Opponitur</strong></span> <span class='ocrx_word' id='word_1_198' title='bbox 1741 1829 1853 1868; x_wconf 88' lang='lat' dir='ltr'><strong>enim</strong></span> <span class='ocrx_word' id='word_1_199' title='bbox 1906 1828 1945 1869; x_wconf 85' lang='lat' dir='ltr'><strong>h.</strong></span> <span class='ocrx_word' id='word_1_200' title='bbox 1990 1831 2016 1869; x_wconf 92' lang='grc' dir='ltr'><strong>Ι.</strong></span> 
     </span>
     <span class='ocr_line' id='line_1_22' title="bbox 298 1884 2015 1945; baseline -0.002 -15"><span class='ocrx_word' id='word_1_201' title='bbox 298 1895 367 1930; x_wconf 85' lang='lat' dir='ltr'><strong>tur</strong></span> <span class='ocrx_word' id='word_1_202' title='bbox 418 1889 707 1945; x_wconf 82' lang='lat' dir='ltr'><strong>Phrynich.</strong></span> <span class='ocrx_word' id='word_1_203' title='bbox 766 1890 808 1930; x_wconf 81' lang='lat' dir='ltr'><strong>in</strong></span> <span class='ocrx_word' id='word_1_204' title='bbox 855 1888 1102 1931; x_wconf 82' lang='lat' dir='ltr'><strong>Bekkeri</strong></span> <span class='ocrx_word' id='word_1_205' title='bbox 1204 1884 1462 1938; x_wconf 81' lang='grc' dir='ltr'><em>τιμιώτερον.</em></span> <span class='ocrx_word' id='word_1_206' title='bbox 1494 1889 1700 1927; x_wconf 81' lang='lat' dir='ltr'><strong>ceterum</strong></span> <span class='ocrx_word' id='word_1_207' title='bbox 1722 1886 1806 1926; x_wconf 78' lang='lat' dir='ltr'><strong>vid.</strong></span> <span class='ocrx_word' id='word_1_208' title='bbox 1833 1886 2015 1927; x_wconf 77' lang='lat' dir='ltr'><strong>Ruhn-</strong></span> 
     </span>
    </p>
   </div>
   <div class='ocr_carea' id='block_1_5' title="bbox 295 1947 1111 3449">
    <p class='ocr_par' dir='ltr' id='par_1_7' title="bbox 295 1947 1111 3449">
     <span class='ocr_line' id='line_1_23' title="bbox 297 1947 1102 2000; baseline -0.004 -11"><span class='ocrx_word' id='word_1_209' title='bbox 297 1947 543 1989; x_wconf 70' lang='lat' dir='ltr'><strong>Anecdotis</strong></span> <span class='ocrx_word' id='word_1_210' title='bbox 575 1947 628 1988; x_wconf 81' lang='lat' dir='ltr'><strong>T.</strong></span> <span class='ocrx_word' id='word_1_211' title='bbox 662 1948 693 1990; x_wconf 87' lang='lat' dir='ltr'><strong>l.</strong></span> <span class='ocrx_word' id='word_1_212' title='bbox 728 1961 768 2000; x_wconf 89' lang='lat' dir='ltr'><strong>p.</strong></span> <span class='ocrx_word' id='word_1_213' title='bbox 790 1947 860 1990; x_wconf 80' lang='lat'><strong>50.</strong></span> <span class='ocrx_word' id='word_1_214' title='bbox 892 1948 962 1999; x_wconf 84' lang='lat' dir='ltr'><strong>qui</strong></span> <span class='ocrx_word' id='word_1_215' title='bbox 996 1947 1102 1987; x_wconf 76' lang='lat' dir='ltr'><strong>scri-</strong></span> 
     </span>
     <span class='ocr_line' id='line_1_24' title="bbox 297 2002 1104 2059; baseline -0.003 -13"><span class='ocrx_word' id='word_1_216' title='bbox 297 2004 652 2058; x_wconf 76' lang='grc' dir='ltr'><strong>1»ἰ(;Λωβᾶσθαι</strong></span> <span class='ocrx_word' id='word_1_217' title='bbox 675 2003 832 2046; x_wconf 81' lang='grc' dir='ltr'><em>τόνδε</em></span> <span class='ocrx_word' id='word_1_218' title='bbox 859 2006 927 2046; x_wconf 82' lang='grc' dir='ltr'><strong>και</strong></span> <span class='ocrx_word' id='word_1_219' title='bbox 952 2019 1013 2059; x_wconf 79' lang='grc' dir='ltr'><strong>τῳ</strong></span> <span class='ocrx_word' id='word_1_220' title='bbox 999 2002 1104 2052; x_wconf 76' lang='grc' dir='ltr'><strong>δε,</strong></span> 
     </span>
     <span class='ocr_line' id='line_1_25' title="bbox 298 2061 1101 2133; baseline -0.001 -30"><span class='ocrx_word' id='word_1_221' title='bbox 298 2061 504 2116; x_wconf 80' lang='grc' dir='ltr'><em>αἰτιατικῇ</em></span> <span class='ocrx_word' id='word_1_222' title='bbox 528 2064 595 2104; x_wconf 88' lang='grc' dir='ltr'><strong>καὶ</strong></span> <span class='ocrx_word' id='word_1_223' title='bbox 625 2061 785 2115; x_wconf 85' lang='grc' dir='ltr'><strong>δοτικῃ.</strong></span> <span class='ocrx_word' id='word_1_224' title='bbox 820 2069 849 2104; x_wconf 79' lang='grc' dir='ltr'>Α</span> <span class='ocrx_word' id='word_1_225' title='bbox 870 2061 1101 2133; x_wconf 75' lang='lat' dir='ltr'><strong>ristoph.</strong></span> 
     </span>
     <span class='ocr_line' id='line_1_26' title="bbox 296 2117 1103 2173; baseline -0.004 -10"><span class='ocrx_word' id='word_1_226' title='bbox 296 2122 462 2173; x_wconf 79' lang='lat' dir='ltr'><strong>Equitt.</strong></span> <span class='ocrx_word' id='word_1_227' title='bbox 497 2136 532 2162; x_wconf 81' lang='lat' dir='ltr'><strong>v.</strong></span> <span class='ocrx_word' id='word_1_228' title='bbox 567 2122 692 2165; x_wconf 85' lang='lat'><strong>1413.</strong></span> <span class='ocrx_word' id='word_1_229' title='bbox 739 2117 801 2162; x_wconf 78' lang='grc' dir='ltr'><strong>ἵν’</strong></span> <span class='ocrx_word' id='word_1_230' title='bbox 842 2119 994 2162; x_wconf 77' lang='grc' dir='ltr'><em>ἴδωσιν</em></span> <span class='ocrx_word' id='word_1_231' title='bbox 1025 2135 1103 2161; x_wconf 84' lang='grc' dir='ltr'><strong>αυ-</strong></span> 
     </span>
     <span class='ocr_line' id='line_1_27' title="bbox 298 2176 1105 2232; baseline -0.001 -13"><span class='ocrx_word' id='word_1_232' title='bbox 298 2177 388 2231; x_wconf 81' lang='grc' dir='ltr'><em>τόν,</em></span> <span class='ocrx_word' id='word_1_233' title='bbox 422 2176 488 2220; x_wconf 72' lang='grc' dir='ltr'><em>οἷς</em></span> <span class='ocrx_word' id='word_1_234' title='bbox 518 2176 759 2232; x_wconf 79' lang='grc' dir='ltr'><em>ἐλωβᾶσθ·’,</em></span> <span class='ocrx_word' id='word_1_235' title='bbox 792 2179 838 2220; x_wconf 88' lang='grc' dir='ltr'><em>οἱ</em></span> <span class='ocrx_word' id='word_1_236' title='bbox 861 2178 1000 2231; x_wconf 78' lang='grc' dir='ltr'><em>ξένοι,</em></span> <span class='ocrx_word' id='word_1_237' title='bbox 1034 2179 1105 2219; x_wconf 75' lang='lat' dir='ltr'><strong>nbi</strong></span> 
     </span>
     <span class='ocr_line' id='line_1_28' title="bbox 296 2208 1104 2291; baseline -0.004 -12"><span class='ocrx_word' id='word_1_238' title='bbox 296 2240 427 2289; x_wconf 73' lang='lat' dir='ltr'><strong>vulgo</strong></span> <span class='ocrx_word' id='word_1_239' title='bbox 462 2239 693 2291; x_wconf 76' lang='lat' dir='ltr'><strong>legebatur</strong></span> <span class='ocrx_word' id='word_1_240' title='bbox 733 2235 836 2287; x_wconf 75' lang='grc' dir='ltr'><em>οὓς,</em></span> <span class='ocrx_word' id='word_1_241' title='bbox 889 2208 1004 2290; x_wconf 73' lang='lat' dir='ltr'><strong>quoc’i</strong></span> <span class='ocrx_word' id='word_1_242' title='bbox 1049 2249 1104 2277; x_wconf 83' lang='lat' dir='ltr'><strong>ex</strong></span> 
     </span>
     <span class='ocr_line' id='line_1_29' title="bbox 301 2295 1104 2338; baseline 0 -3"><span class='ocrx_word' id='word_1_243' title='bbox 301 2297 398 2338; x_wconf 81' lang='lat' dir='ltr'><strong>cod.</strong></span> <span class='ocrx_word' id='word_1_244' title='bbox 442 2296 700 2337; x_wconf 77' lang='lat' dir='ltr'><strong>Ravennate</strong></span> <span class='ocrx_word' id='word_1_245' title='bbox 747 2298 936 2338; x_wconf 87' lang='lat' dir='ltr'><strong>correxit</strong></span> <span class='ocrx_word' id='word_1_246' title='bbox 976 2295 1104 2336; x_wconf 86' lang='lat' dir='ltr'><strong>Din—</strong></span> 
     </span>
     <span class='ocr_line' id='line_1_30' title="bbox 298 2354 1106 2397; baseline 0 -3"><span class='ocrx_word' id='word_1_247' title='bbox 298 2354 523 2395; x_wconf 80' lang='lat' dir='ltr'><strong>dorfius.</strong></span> <span class='ocrx_word' id='word_1_248' title='bbox 578 2356 672 2396; x_wconf 83' lang='lat' dir='ltr'><strong>Alia</strong></span> <span class='ocrx_word' id='word_1_249' title='bbox 706 2354 832 2397; x_wconf 81' lang='lat' dir='ltr'><strong>habet</strong></span> <span class='ocrx_word' id='word_1_250' title='bbox 865 2354 1106 2394; x_wconf 85' lang='lat' dir='ltr'><strong>Creuze-</strong></span> 
     </span>
     <span class='ocr_line' id='line_1_31' title="bbox 296 2409 1107 2453; baseline -0.004 -1"><span class='ocrx_word' id='word_1_251' title='bbox 296 2425 388 2452; x_wconf 83' lang='lat' dir='ltr'><strong>rus</strong></span> <span class='ocrx_word' id='word_1_252' title='bbox 421 2412 474 2451; x_wconf 85' lang='lat' dir='ltr'><strong>ad</strong></span> <span class='ocrx_word' id='word_1_253' title='bbox 514 2414 728 2453; x_wconf 82' lang='lat' dir='ltr'><strong>Plotinum</strong></span> <span class='ocrx_word' id='word_1_254' title='bbox 761 2412 816 2453; x_wconf 83' lang='lat' dir='ltr'><strong>de</strong></span> <span class='ocrx_word' id='word_1_255' title='bbox 840 2409 1107 2453; x_wconf 64' lang='lat' dir='ltr'><strong>Putem-itud.</strong></span> 
     </span>
     <span class='ocr_line' id='line_1_32' title="bbox 298 2469 1106 2523; baseline -0.01 -7"><span class='ocrx_word' id='word_1_256' title='bbox 298 2485 337 2523; x_wconf 83' lang='lat' dir='ltr'><strong>p.</strong></span> <span class='ocrx_word' id='word_1_257' title='bbox 375 2470 489 2522; x_wconf 82' lang='grc'><strong>244,</strong></span> <span class='ocrx_word' id='word_1_258' title='bbox 524 2473 597 2523; x_wconf 89' lang='lat' dir='ltr'><strong>qui</strong></span> <span class='ocrx_word' id='word_1_259' title='bbox 623 2472 733 2512; x_wconf 87' lang='lat' dir='ltr'><strong>inter</strong></span> <span class='ocrx_word' id='word_1_260' title='bbox 758 2472 842 2511; x_wconf 72' lang='lat' dir='ltr'><strong>alia</strong></span> <span class='ocrx_word' id='word_1_261' title='bbox 874 2469 1019 2510; x_wconf 82' lang='lat' dir='ltr'><strong>iaudat</strong></span> <span class='ocrx_word' id='word_1_262' title='bbox 1039 2470 1106 2508; x_wconf 89' lang='lat' dir='ltr'><strong>lo-</strong></span> 
     </span>
     <span class='ocr_line' id='line_1_33' title="bbox 299 2526 1105 2577; baseline 0.001 -11"><span class='ocrx_word' id='word_1_263' title='bbox 299 2541 395 2570; x_wconf 74' lang='lat' dir='ltr'><strong>(um</strong></span> <span class='ocrx_word' id='word_1_264' title='bbox 451 2528 900 2575; x_wconf 72' lang='lat' dir='ltr'><strong>1)ionvs.Ha¹ic.</strong></span> <span class='ocrx_word' id='word_1_265' title='bbox 961 2526 1105 2577; x_wconf 78' lang='lat' dir='ltr'><strong>Antiq</strong></span> 
     </span>
     <span class='ocr_line' id='line_1_34' title="bbox 296 2583 1107 2656; baseline -0.005 -30"><span class='ocrx_word' id='word_1_266' title='bbox 296 2586 424 2627; x_wconf 83' lang='lat' dir='ltr'><strong>Rom.</strong></span> <span class='ocrx_word' id='word_1_267' title='bbox 460 2586 556 2627; x_wconf 89' lang='lat' dir='ltr'><strong>VII.</strong></span> <span class='ocrx_word' id='word_1_268' title='bbox 590 2586 657 2629; x_wconf 93' lang='lat'><strong>77.</strong></span> <span class='ocrx_word' id='word_1_269' title='bbox 691 2587 760 2626; x_wconf 81' lang='lat' dir='ltr'><strong>fin.</strong></span> <span class='ocrx_word' id='word_1_270' title='bbox 795 2599 836 2656; x_wconf 89' lang='lat' dir='ltr'><strong>p.</strong></span> <span class='ocrx_word' id='word_1_271' title='bbox 869 2584 997 2628; x_wconf 86' lang='lat'><strong>1501.</strong></span> <span class='ocrx_word' id='word_1_272' title='bbox 1038 2583 1107 2623; x_wconf 83' lang='lat' dir='ltr'><strong>ed.</strong></span> 
     </span>
     <span class='ocr_line' id='line_1_35' title="bbox 296 2638 1108 2697; baseline -0.004 -14"><span class='ocrx_word' id='word_1_273' title='bbox 296 2643 444 2686; x_wconf 78' lang='lat' dir='ltr'><strong>Reisk.</strong></span> <span class='ocrx_word' id='word_1_274' title='bbox 486 2639 550 2697; x_wconf 84' lang='grc' dir='ltr'><strong>(ἦ</strong></span> <span class='ocrx_word' id='word_1_275' title='bbox 581 2641 749 2696; x_wconf 72' lang='grc' dir='ltr'><em>βουλὴ)</em></span> <span class='ocrx_word' id='word_1_276' title='bbox 807 2638 1108 2695; x_wconf 78' lang='grc' dir='ltr'><em>ἀναζητήσασα</em></span> 
     </span>
     <span class='ocr_line' id='line_1_36' title="bbox 298 2697 1103 2756; baseline -0.004 -16"><span class='ocrx_word' id='word_1_277' title='bbox 298 2699 375 2740; x_wconf 82' lang='grc' dir='ltr'><strong>τὸν</strong></span> <span class='ocrx_word' id='word_1_278' title='bbox 405 2702 464 2756; x_wconf 76' lang='grc' dir='ltr'><strong>τῷ</strong></span> <span class='ocrx_word' id='word_1_279' title='bbox 494 2698 737 2754; x_wconf 79' lang='grc' dir='ltr'><em>θεράποντι</em></span> <span class='ocrx_word' id='word_1_280' title='bbox 780 2697 1103 2753; x_wconf 76' lang='grc' dir='ltr'><strong>λωβησάμενον.</strong></span> 
     </span>
     <span class='ocr_line' id='line_1_37' title="bbox 295 2759 1102 2801; baseline -0.001 -3"><span class='ocrx_word' id='word_1_281' title='bbox 295 2759 485 2800; x_wconf 79' lang='lat' dir='ltr'><strong>Dativus</strong></span> <span class='ocrx_word' id='word_1_282' title='bbox 516 2772 590 2801; x_wconf 86' lang='lat' dir='ltr'><strong>cur</strong></span> <span class='ocrx_word' id='word_1_283' title='bbox 623 2761 661 2799; x_wconf 87' lang='lat' dir='ltr'><strong>in</strong></span> <span class='ocrx_word' id='word_1_284' title='bbox 692 2760 984 2799; x_wconf 81' lang='lat' dir='ltr'><strong>accusativum</strong></span> <span class='ocrx_word' id='word_1_285' title='bbox 1010 2769 1102 2798; x_wconf 90' lang='lat' dir='ltr'><strong>mu-</strong></span> 
     </span>
     <span class='ocr_line' id='line_1_38' title="bbox 296 2817 1103 2869; baseline -0.004 -13"><span class='ocrx_word' id='word_1_286' title='bbox 296 2822 415 2857; x_wconf 74' lang='lat' dir='ltr'><strong>tatus</strong></span> <span class='ocrx_word' id='word_1_287' title='bbox 447 2817 518 2867; x_wconf 82' lang='lat' dir='ltr'><strong>sit,</strong></span> <span class='ocrx_word' id='word_1_288' title='bbox 553 2829 704 2857; x_wconf 75' lang='lat' dir='ltr'><strong>caussa</strong></span> <span class='ocrx_word' id='word_1_289' title='bbox 746 2819 786 2857; x_wconf 90' lang='lat' dir='ltr'><strong>in</strong></span> <span class='ocrx_word' id='word_1_290' title='bbox 819 2821 993 2869; x_wconf 87' lang='lat' dir='ltr'><strong>promtu</strong></span> <span class='ocrx_word' id='word_1_291' title='bbox 1022 2817 1103 2855; x_wconf 77' lang='lat' dir='ltr'><strong>est.</strong></span> 
     </span>
     <span class='ocr_line' id='line_1_39' title="bbox 296 2869 1104 2926; baseline -0.005 -11"><span class='ocrx_word' id='word_1_292' title='bbox 296 2874 508 2926; x_wconf 73' lang='lat' dir='ltr'><strong>Sequitur</strong></span> <span class='ocrx_word' id='word_1_293' title='bbox 539 2874 648 2915; x_wconf 86' lang='lat' dir='ltr'><strong>enim</strong></span> <span class='ocrx_word' id='word_1_294' title='bbox 684 2875 863 2916; x_wconf 86' lang='lat' dir='ltr'><strong>verbum</strong></span> <span class='ocrx_word' id='word_1_295' title='bbox 897 2869 1104 2925; x_wconf 80' lang='grc' dir='ltr'><em>ὀνίνησιν,</em></span> 
     </span>
     <span class='ocr_line' id='line_1_40' title="bbox 295 2930 1103 2984; baseline -0.002 -13"><span class='ocrx_word' id='word_1_296' title='bbox 295 2932 412 2984; x_wconf 79' lang='lat' dir='ltr'><strong>quod</strong></span> <span class='ocrx_word' id='word_1_297' title='bbox 446 2944 541 2972; x_wconf 87' lang='lat' dir='ltr'><strong>cum</strong></span> <span class='ocrx_word' id='word_1_298' title='bbox 575 2938 731 2984; x_wconf 81' lang='lat' dir='ltr'><strong>quarto</strong></span> <span class='ocrx_word' id='word_1_299' title='bbox 765 2944 871 2973; x_wconf 80' lang='lat' dir='ltr'><strong>casu</strong></span> <span class='ocrx_word' id='word_1_300' title='bbox 915 2930 1103 2972; x_wconf 75' lang='lat' dir='ltr'><strong>construi</strong></span> 
     </span>
     <span class='ocr_line' id='line_1_41' title="bbox 298 2989 1103 3043; baseline 0 -14"><span class='ocrx_word' id='word_1_301' title='bbox 298 2992 422 3031; x_wconf 74' lang='lat' dir='ltr'><strong>solet.</strong></span> <span class='ocrx_word' id='word_1_302' title='bbox 482 2989 570 3031; x_wconf 86' lang='lat' dir='ltr'><strong>Sed</strong></span> <span class='ocrx_word' id='word_1_303' title='bbox 615 2990 731 3042; x_wconf 80' lang='lat' dir='ltr'><strong>quod</strong></span> <span class='ocrx_word' id='word_1_304' title='bbox 767 3001 1004 3043; x_wconf 84' lang='lat' dir='ltr'>pronomen</span> <span class='ocrx_word' id='word_1_305' title='bbox 1035 3001 1103 3029; x_wconf 83' lang='lat' dir='ltr'><strong>re—</strong></span> 
     </span>
     <span class='ocr_line' id='line_1_42' title="bbox 296 3045 1105 3101; baseline -0.004 -13"><span class='ocrx_word' id='word_1_306' title='bbox 296 3047 473 3089; x_wconf 81' lang='lat' dir='ltr'><strong>lativum</strong></span> <span class='ocrx_word' id='word_1_307' title='bbox 518 3048 807 3101; x_wconf 79' lang='lat' dir='ltr'><strong>praemittitur</strong></span> <span class='ocrx_word' id='word_1_308' title='bbox 854 3047 998 3087; x_wconf 83' lang='lat' dir='ltr'><strong>verbis</strong></span> <span class='ocrx_word' id='word_1_309' title='bbox 1038 3045 1105 3086; x_wconf 86' lang='lat' dir='ltr'><strong>di-</strong></span> 
     </span>
     <span class='ocr_line' id='line_1_43' title="bbox 298 3103 1105 3155; baseline -0.004 -10"><span class='ocrx_word' id='word_1_310' title='bbox 298 3118 451 3146; x_wconf 80' lang='lat' dir='ltr'><strong>versae</strong></span> <span class='ocrx_word' id='word_1_311' title='bbox 499 3106 857 3155; x_wconf 78' lang='lat' dir='ltr'><strong>constructionis,</strong></span> <span class='ocrx_word' id='word_1_312' title='bbox 916 3103 956 3145; x_wconf 87' lang='lat' dir='ltr'><strong>id</strong></span> <span class='ocrx_word' id='word_1_313' title='bbox 1007 3103 1105 3144; x_wconf 81' lang='lat' dir='ltr'><strong>nihil</strong></span> 
     </span>
     <span class='ocr_line' id='line_1_44' title="bbox 300 3162 1104 3214; baseline -0.002 -11"><span class='ocrx_word' id='word_1_314' title='bbox 300 3162 428 3204; x_wconf 74' lang='lat' dir='ltr'><strong>habet</strong></span> <span class='ocrx_word' id='word_1_315' title='bbox 468 3163 737 3204; x_wconf 80' lang='lat' dir='ltr'><strong>insolentiae.</strong></span> <span class='ocrx_word' id='word_1_316' title='bbox 786 3162 1016 3204; x_wconf 76' lang='lat' dir='ltr'><strong>Menexen.</strong></span> <span class='ocrx_word' id='word_1_317' title='bbox 1063 3174 1104 3214; x_wconf 90' lang='lat' dir='ltr'><strong>p.</strong></span> 
     </span>
     <span class='ocr_line' id='line_1_45' title="bbox 300 3214 1106 3273; baseline -0.007 -9"><span class='ocrx_word' id='word_1_318' title='bbox 300 3220 399 3266; x_wconf 84' lang='grc'><strong>239.</strong></span> <span class='ocrx_word' id='word_1_319' title='bbox 435 3223 495 3263; x_wconf 72' lang='grc' dir='ltr'><strong>Οτ</strong></span> <span class='ocrx_word' id='word_1_320' title='bbox 526 3214 588 3261; x_wconf 82' lang='grc' dir='ltr'><strong>ὦν</strong></span> <span class='ocrx_word' id='word_1_321' title='bbox 620 3218 666 3262; x_wconf 84' lang='grc' dir='ltr'><strong>δὲ</strong></span> <span class='ocrx_word' id='word_1_322' title='bbox 698 3217 798 3261; x_wconf 75' lang='grc' dir='ltr'><em>οὔτε</em></span> <span class='ocrx_word' id='word_1_323' title='bbox 830 3217 1010 3273; x_wconf 72' lang='grc' dir='ltr'><em>ποιητής</em></span> <span class='ocrx_word' id='word_1_324' title='bbox 1039 3233 1106 3258; x_wconf 89' lang='grc' dir='ltr'><strong>πω</strong></span> 
     </span>
     <span class='ocr_line' id='line_1_46' title="bbox 301 3274 1108 3331; baseline -0.004 -12"><span class='ocrx_word' id='word_1_325' title='bbox 301 3277 436 3330; x_wconf 76' lang='grc' dir='ltr'><em>δόξαν</em></span> <span class='ocrx_word' id='word_1_326' title='bbox 469 3274 594 3331; x_wconf 76' lang='grc' dir='ltr'><em>ἇξιάν</em></span> <span class='ocrx_word' id='word_1_327' title='bbox 624 3303 679 3309; x_wconf 93' lang='grc'>-</span> <span class='ocrx_word' id='word_1_328' title='bbox 710 3276 856 3331; x_wconf 73' lang='grc' dir='ltr'><em>λαβὼν</em></span> <span class='ocrx_word' id='word_1_329' title='bbox 899 3279 1005 3331; x_wconf 78' lang='grc' dir='ltr'><em>ἔχει,</em></span> <span class='ocrx_word' id='word_1_330' title='bbox 1049 3277 1108 3317; x_wconf 75' lang='grc' dir='ltr'><strong>ἔτι</strong></span> 
     </span>
     <span class='ocr_line' id='line_1_47' title="bbox 302 3336 1090 3405; baseline -0.001 -28"><span class='ocrx_word' id='word_1_331' title='bbox 302 3351 344 3378; x_wconf 80' lang='grc' dir='ltr'><strong>τε</strong></span> <span class='ocrx_word' id='word_1_332' title='bbox 374 3336 487 3379; x_wconf 81' lang='grc' dir='ltr'><em>ἐστὶν</em></span> <span class='ocrx_word' id='word_1_333' title='bbox 522 3336 569 3378; x_wconf 80' lang='grc' dir='ltr'><strong>ἐν</strong></span> <span class='ocrx_word' id='word_1_334' title='bbox 587 3340 802 3392; x_wconf 77' lang='grc' dir='ltr'><em>μιηστείᾳ.</em></span> <span class='ocrx_word' id='word_1_335' title='bbox 836 3336 1037 3405; x_wconf 78' lang='lat' dir='ltr'><strong>Sympos.</strong></span> <span class='ocrx_word' id='word_1_336' title='bbox 1064 3349 1090 3389; x_wconf 86' lang='lat' dir='ltr'><strong>p</strong></span> 
     </span>
     <span class='ocr_line' id='line_1_48' title="bbox 300 3390 1111 3449; baseline -0.011 -8"><span class='ocrx_word' id='word_1_337' title='bbox 300 3396 411 3441; x_wconf 63' lang='lat'><strong>901:</strong></span> <span class='ocrx_word' id='word_1_338' title='bbox 456 3397 504 3440; x_wconf 84' lang='grc' dir='ltr'><strong>Β.</strong></span> <span class='ocrx_word' id='word_1_339' title='bbox 539 3392 832 3449; x_wconf 70' lang='grc' dir='ltr'><em>ὡμολόγηται,</em></span> <span class='ocrx_word' id='word_1_340' title='bbox 879 3409 934 3434; x_wconf 79' lang='grc' dir='ltr'><em>ου</em></span> <span class='ocrx_word' id='word_1_341' title='bbox 962 3390 1111 3446; x_wconf 65' lang='grc' dir='ltr'><em>ἐνδεής</em></span> 
     </span>
    </p>
   </div>
   <div class='ocr_carea' id='block_1_6' title="bbox 1203 1943 2022 3448">
    <p class='ocr_par' dir='ltr' id='par_1_8' title="bbox 1210 1943 1761 1997">
     <span class='ocr_line' id='line_1_49' title="bbox 1210 1943 1761 1997; baseline -0.013 -8"><span class='ocrx_word' id='word_1_342' title='bbox 1210 1949 1321 1989; x_wconf 87' lang='lat' dir='ltr'><strong>ken.</strong></span> <span class='ocrx_word' id='word_1_343' title='bbox 1354 1945 1410 1986; x_wconf 76' lang='lat' dir='ltr'><strong>ad</strong></span> <span class='ocrx_word' id='word_1_344' title='bbox 1446 1944 1554 1986; x_wconf 84' lang='lat' dir='ltr'><strong>Tim.</strong></span> <span class='ocrx_word' id='word_1_345' title='bbox 1585 1958 1627 1997; x_wconf 86' lang='lat' dir='ltr'><strong>p.</strong></span> <span class='ocrx_word' id='word_1_346' title='bbox 1662 1943 1761 1987; x_wconf 80' lang='grc'><strong>268.</strong></span> 
     </span>
    </p>

    <p class='ocr_par' dir='ltr' id='par_1_9' title="bbox 1203 1999 2022 3042">
     <span class='ocr_line' id='line_1_50' title="bbox 1269 1999 2022 2056; baseline -0.007 -12"><span class='ocrx_word' id='word_1_347' title='bbox 1269 2008 1315 2044; x_wconf 86' lang='grc' dir='ltr'><strong>Ρ.</strong></span> <span class='ocrx_word' id='word_1_348' title='bbox 1377 2001 1448 2045; x_wconf 88' lang='grc'><strong>48.</strong></span> <span class='ocrx_word' id='word_1_349' title='bbox 1521 1999 1902 2056; x_wconf 78' lang='grc' dir='ltr'><em>φροντιστέον,</em></span> <span class='ocrx_word' id='word_1_350' title='bbox 1973 2002 2022 2040; x_wconf 86' lang='grc' dir='ltr'><strong>τί</strong></span> 
     </span>
     <span class='ocr_line' id='line_1_51' title="bbox 1211 2059 2016 2115; baseline -0.004 -12"><span class='ocrx_word' id='word_1_351' title='bbox 1211 2060 1469 2115; x_wconf 81' lang='grc' dir='ltr'><em>ἐροῦσιν]</em></span> <span class='ocrx_word' id='word_1_352' title='bbox 1517 2059 1647 2105; x_wconf 84' lang='lat' dir='ltr'><strong>Quod</strong></span> <span class='ocrx_word' id='word_1_353' title='bbox 1680 2061 1808 2112; x_wconf 71' lang='lat' dir='ltr'><strong>vuigo</strong></span> <span class='ocrx_word' id='word_1_354' title='bbox 1840 2060 2016 2112; x_wconf 65' lang='lat' dir='ltr'><strong>*egeba-</strong></span> 
     </span>
     <span class='ocr_line' id='line_1_52' title="bbox 1210 2116 2017 2171; baseline -0.004 -11"><span class='ocrx_word' id='word_1_355' title='bbox 1210 2125 1280 2160; x_wconf 88' lang='lat' dir='ltr'><strong>tur</strong></span> <span class='ocrx_word' id='word_1_356' title='bbox 1318 2116 1345 2158; x_wconf 82' lang='grc' dir='ltr'>ὅ</span> <span class='ocrx_word' id='word_1_357' title='bbox 1380 2132 1418 2157; x_wconf 85' lang='grc' dir='ltr'><strong>τι</strong></span> <span class='ocrx_word' id='word_1_358' title='bbox 1462 2117 1635 2171; x_wconf 77' lang='grc' dir='ltr'><em>ἐροῦσι,</em></span> <span class='ocrx_word' id='word_1_359' title='bbox 1687 2117 1729 2157; x_wconf 84' lang='lat' dir='ltr'><strong>id</strong></span> <span class='ocrx_word' id='word_1_360' title='bbox 1769 2117 1916 2158; x_wconf 72' lang='lat' dir='ltr'><strong>nescio</strong></span> <span class='ocrx_word' id='word_1_361' title='bbox 1962 2129 2017 2157; x_wconf 72' lang='lat' dir='ltr'><strong>an</strong></span> 
     </span>
     <span class='ocr_line' id='line_1_53' title="bbox 1210 2176 2017 2230; baseline -0.006 -10.994"><span class='ocrx_word' id='word_1_362' title='bbox 1210 2178 1502 2230; x_wconf 74' lang='lat' dir='ltr'><strong>grammaticis</strong></span> <span class='ocrx_word' id='word_1_363' title='bbox 1535 2176 1768 2226; x_wconf 80' lang='lat' dir='ltr'><strong>debeatur,</strong></span> <span class='ocrx_word' id='word_1_364' title='bbox 1809 2176 1885 2227; x_wconf 82' lang='lat' dir='ltr'><strong>qui</strong></span> <span class='ocrx_word' id='word_1_365' title='bbox 1916 2187 2017 2227; x_wconf 81' lang='lat' dir='ltr'><strong>pro-</strong></span> 
     </span>
     <span class='ocr_line' id='line_1_54' title="bbox 1211 2230 2016 2331; baseline -0.004 -55"><span class='ocrx_word' id='word_1_366' title='bbox 1211 2241 1307 2288; x_wconf 87' lang='lat' dir='ltr'><strong>pter</strong></span> <span class='ocrx_word' id='word_1_367' title='bbox 1339 2234 1583 2287; x_wconf 84' lang='lat' dir='ltr'><strong>proximum</strong></span> <span class='ocrx_word' id='word_1_368' title='bbox 1628 2230 1654 2274; x_wconf 88' lang='grc' dir='ltr'>ὅ</span> <span class='ocrx_word' id='word_1_369' title='bbox 1698 2247 1736 2272; x_wconf 89' lang='grc' dir='ltr'><strong>τι</strong></span> <span class='ocrx_word' id='word_1_370' title='bbox 1775 2233 1862 2331; x_wconf 56' lang='lat' dir='ltr'><strong>niti3</strong></span> <span class='ocrx_word' id='word_1_371' title='bbox 1868 2244 2016 2274; x_wconf 78' lang='lat' dir='ltr'><strong>corre-</strong></span> 
     </span>
     <span class='ocr_line' id='line_1_55' title="bbox 1209 2284 2017 2345; baseline -0.003 -13"><span class='ocrx_word' id='word_1_372' title='bbox 1209 2298 1377 2333; x_wconf 82' lang='lat' dir='ltr'><strong>xerunt.</strong></span> <span class='ocrx_word' id='word_1_373' title='bbox 1421 2291 1590 2335; x_wconf 79' lang='lat' dir='ltr'><strong>Phileb.</strong></span> <span class='ocrx_word' id='word_1_374' title='bbox 1628 2306 1669 2345; x_wconf 88' lang='lat' dir='ltr'><strong>p.</strong></span> <span class='ocrx_word' id='word_1_375' title='bbox 1711 2291 1783 2335; x_wconf 91' lang='lat'><strong>17.</strong></span> <span class='ocrx_word' id='word_1_376' title='bbox 1825 2290 1887 2331; x_wconf 81' lang='lat' dir='ltr'><strong>B:</strong></span> <span class='ocrx_word' id='word_1_377' title='bbox 1932 2284 2017 2330; x_wconf 67' lang='grc' dir='ltr'><strong>ἀλλ’</strong></span> 
     </span>
     <span class='ocr_line' id='line_1_56' title="bbox 1209 2343 2015 2404; baseline -0.004 -14"><span class='ocrx_word' id='word_1_378' title='bbox 1209 2365 1274 2390; x_wconf 89' lang='grc' dir='ltr'><em>οτι</em></span> <span class='ocrx_word' id='word_1_379' title='bbox 1289 2349 1456 2404; x_wconf 78' lang='grc' dir='ltr'><strong>(ἴσμεν)</strong></span> <span class='ocrx_word' id='word_1_380' title='bbox 1481 2348 1597 2390; x_wconf 82' lang='grc' dir='ltr'><em>πόσα</em></span> <span class='ocrx_word' id='word_1_381' title='bbox 1615 2347 1658 2389; x_wconf 87' lang='grc' dir='ltr'><strong>τέ</strong></span> <span class='ocrx_word' id='word_1_382' title='bbox 1676 2347 1764 2390; x_wconf 78' lang='grc' dir='ltr'><em>ἐστι</em></span> <span class='ocrx_word' id='word_1_383' title='bbox 1784 2349 1852 2389; x_wconf 77' lang='grc' dir='ltr'><strong>καὶ</strong></span> <span class='ocrx_word' id='word_1_384' title='bbox 1869 2343 2015 2388; x_wconf 79' lang='grc' dir='ltr'><strong>ὁποῖα.</strong></span> 
     </span>
     <span class='ocr_line' id='line_1_57' title="bbox 1205 2406 2015 2480; baseline -0.005 -30"><span class='ocrx_word' id='word_1_385' title='bbox 1205 2408 1314 2450; x_wconf 84' lang='lat' dir='ltr'><strong>lbid.</strong></span> <span class='ocrx_word' id='word_1_386' title='bbox 1344 2422 1388 2480; x_wconf 88' lang='lat' dir='ltr'><strong>p.</strong></span> <span class='ocrx_word' id='word_1_387' title='bbox 1421 2409 1488 2452; x_wconf 87' lang='grc'><strong>27</strong></span> <span class='ocrx_word' id='word_1_388' title='bbox 1526 2409 1581 2451; x_wconf 95' lang='lat' dir='ltr'>D</span> <span class='ocrx_word' id='word_1_389' title='bbox 1606 2409 1739 2459; x_wconf 68' lang='lat' dir='ltr'><strong>Gorg.</strong></span> <span class='ocrx_word' id='word_1_390' title='bbox 1767 2420 1804 2459; x_wconf 91' lang='lat' dir='ltr'><strong>p</strong></span> <span class='ocrx_word' id='word_1_391' title='bbox 1828 2406 1929 2450; x_wconf 84' lang='lat'><strong>500.</strong></span> <span class='ocrx_word' id='word_1_392' title='bbox 1956 2408 2015 2446; x_wconf 83' lang='grc' dir='ltr'><strong>Α.</strong></span> 
     </span>
     <span class='ocr_line' id='line_1_58' title="bbox 1206 2460 2014 2519; baseline -0.005 -12"><span class='ocrx_word' id='word_1_393' title='bbox 1206 2460 1273 2519; x_wconf 82' lang='grc' dir='ltr'><strong>ἆρ’</strong></span> <span class='ocrx_word' id='word_1_394' title='bbox 1307 2461 1363 2507; x_wconf 89' lang='grc' dir='ltr'><em>ου</em></span> <span class='ocrx_word' id='word_1_395' title='bbox 1394 2463 1557 2506; x_wconf 71' lang='grc' dir='ltr'><em>παντὸς</em></span> <span class='ocrx_word' id='word_1_396' title='bbox 1597 2461 1759 2515; x_wconf 66' lang='grc' dir='ltr'><em>ἀνδρός</em></span> <span class='ocrx_word' id='word_1_397' title='bbox 1802 2463 1918 2504; x_wconf 79' lang='grc' dir='ltr'><em>ἐστιν</em></span> <span class='ocrx_word' id='word_1_398' title='bbox 1947 2461 2014 2503; x_wconf 77' lang='grc' dir='ltr'><strong>ἐκ·</strong></span> 
     </span>
     <span class='ocr_line' id='line_1_59' title="bbox 1207 2518 2016 2591; baseline -0.004 -28"><span class='ocrx_word' id='word_1_399' title='bbox 1207 2523 1417 2574; x_wconf 71' lang='grc' dir='ltr'><em>λέξασθαι</em></span> <span class='ocrx_word' id='word_1_400' title='bbox 1451 2529 1552 2563; x_wconf 87' lang='grc' dir='ltr'><em>ποῖα</em></span> <span class='ocrx_word' id='word_1_401' title='bbox 1584 2519 1752 2591; x_wconf 77' lang='grc' dir='ltr'><em>αγαθὰ</em></span> <span class='ocrx_word' id='word_1_402' title='bbox 1760 2523 1845 2562; x_wconf 78' lang='grc' dir='ltr'><strong>τῶν</strong></span> <span class='ocrx_word' id='word_1_403' title='bbox 1876 2518 2016 2574; x_wconf 78' lang='grc' dir='ltr'><em>ἡδέων</em></span> 
     </span>
     <span class='ocr_line' id='line_1_60' title="bbox 1208 2577 2012 2632; baseline -0.003 -11"><span class='ocrx_word' id='word_1_404' title='bbox 1208 2580 1295 2622; x_wconf 81' lang='grc' dir='ltr'><em>ἐστὶ</em></span> <span class='ocrx_word' id='word_1_405' title='bbox 1337 2582 1405 2621; x_wconf 83' lang='grc' dir='ltr'><strong>καὶ</strong></span> <span class='ocrx_word' id='word_1_406' title='bbox 1463 2577 1592 2621; x_wconf 85' lang='grc' dir='ltr'><em>ὁποια</em></span> <span class='ocrx_word' id='word_1_407' title='bbox 1642 2577 2012 2632; x_wconf 77' lang='grc' dir='ltr'><strong>κακά;11)ἰ(1.ρ.</strong></span> 
     </span>
     <span class='ocr_line' id='line_1_61' title="bbox 1205 2634 2015 2691; baseline -0.006 -9"><span class='ocrx_word' id='word_1_408' title='bbox 1205 2639 1306 2682; x_wconf 89' lang='grc'><strong>448.</strong></span> <span class='ocrx_word' id='word_1_409' title='bbox 1338 2640 1403 2680; x_wconf 83' lang='grc' dir='ltr'><strong>Ε;</strong></span> <span class='ocrx_word' id='word_1_410' title='bbox 1436 2634 1520 2679; x_wconf 74' lang='grc' dir='ltr'><strong>ἀλλ’</strong></span> <span class='ocrx_word' id='word_1_411' title='bbox 1555 2634 1702 2679; x_wconf 73' lang='grc' dir='ltr'><em>ουδεὶς</em></span> <span class='ocrx_word' id='word_1_412' title='bbox 1729 2635 1880 2691; x_wconf 83' lang='grc' dir='ltr'><em>ἐρωτᾷ,</em></span> <span class='ocrx_word' id='word_1_413' title='bbox 1911 2639 2015 2678; x_wconf 82' lang='grc' dir='ltr'><em>ποία</em></span> 
     </span>
     <span class='ocr_line' id='line_1_62' title="bbox 1207 2692 2013 2751; baseline -0.002 -14"><span class='ocrx_word' id='word_1_414' title='bbox 1207 2708 1269 2737; x_wconf 71' lang='grc' dir='ltr'><strong>τις</strong></span> <span class='ocrx_word' id='word_1_415' title='bbox 1287 2698 1351 2750; x_wconf 82' lang='grc' dir='ltr'><strong>εἴη</strong></span> <span class='ocrx_word' id='word_1_416' title='bbox 1381 2692 1407 2748; x_wconf 80' lang='grc' dir='ltr'><em>ἦ</em></span> <span class='ocrx_word' id='word_1_417' title='bbox 1432 2697 1623 2751; x_wconf 84' lang='grc' dir='ltr'><em>Γοργίου</em></span> <span class='ocrx_word' id='word_1_418' title='bbox 1655 2695 1788 2750; x_wconf 80' lang='grc' dir='ltr'><em>τέχνη,</em></span> <span class='ocrx_word' id='word_1_419' title='bbox 1818 2692 1919 2735; x_wconf 74' lang='grc' dir='ltr'><strong>ἀλλὰ</strong></span> <span class='ocrx_word' id='word_1_420' title='bbox 1937 2698 2013 2750; x_wconf 70' lang='grc' dir='ltr'><strong>τίς,</strong></span> 
     </span>
     <span class='ocr_line' id='line_1_63' title="bbox 1206 2752 2013 2805; baseline -0.001 -10"><span class='ocrx_word' id='word_1_421' title='bbox 1206 2756 1275 2795; x_wconf 82' lang='grc' dir='ltr'><strong>καὶ</strong></span> <span class='ocrx_word' id='word_1_422' title='bbox 1310 2753 1457 2796; x_wconf 79' lang='grc' dir='ltr'><em>ὅντινα</em></span> <span class='ocrx_word' id='word_1_423' title='bbox 1489 2754 1578 2796; x_wconf 73' lang='grc' dir='ltr'><em>δέοι</em></span> <span class='ocrx_word' id='word_1_424' title='bbox 1615 2756 1756 2795; x_wconf 78' lang='grc' dir='ltr'><em>καλεῖν</em></span> <span class='ocrx_word' id='word_1_425' title='bbox 1795 2752 1871 2794; x_wconf 82' lang='grc' dir='ltr'><strong>τὸν</strong></span> <span class='ocrx_word' id='word_1_426' title='bbox 1903 2753 2013 2805; x_wconf 62' lang='lat' dir='ltr'><strong>1⁷00-v</strong></span> 
     </span>
     <span class='ocr_line' id='line_1_64' title="bbox 1205 2811 2013 2867; baseline 0.002 -15"><span class='ocrx_word' id='word_1_427' title='bbox 1205 2814 1316 2867; x_wconf 78' lang='grc' dir='ltr'><strong>γιάν.</strong></span> <span class='ocrx_word' id='word_1_428' title='bbox 1336 2812 1522 2856; x_wconf 78' lang='lat' dir='ltr'><strong>Phaedr.</strong></span> <span class='ocrx_word' id='word_1_429' title='bbox 1548 2829 1588 2867; x_wconf 89' lang='lat' dir='ltr'><strong>p.</strong></span> <span class='ocrx_word' id='word_1_430' title='bbox 1613 2814 1712 2858; x_wconf 87' lang='grc'><strong>271.</strong></span> <span class='ocrx_word' id='word_1_431' title='bbox 1734 2811 2013 2855; x_wconf 53' lang='lat' dir='ltr'><strong>Aonas-mid.</strong></span> 
     </span>
     <span class='ocr_line' id='line_1_65' title="bbox 1205 2870 2011 2925; baseline -0.004 -14"><span class='ocrx_word' id='word_1_432' title='bbox 1205 2886 1245 2925; x_wconf 90' lang='lat' dir='ltr'><strong>p.</strong></span> <span class='ocrx_word' id='word_1_433' title='bbox 1279 2871 1378 2915; x_wconf 87' lang='lat'><strong>160.</strong></span> <span class='ocrx_word' id='word_1_434' title='bbox 1411 2873 1469 2913; x_wconf 93' lang='lat' dir='ltr'><strong>D.</strong></span> <span class='ocrx_word' id='word_1_435' title='bbox 1536 2875 1599 2913; x_wconf 83' lang='lat' dir='ltr'><strong>De</strong></span> <span class='ocrx_word' id='word_1_436' title='bbox 1633 2871 1822 2923; x_wconf 77' lang='lat' dir='ltr'><strong>Republ.</strong></span> <span class='ocrx_word' id='word_1_437' title='bbox 1853 2870 1939 2910; x_wconf 92' lang='lat'><strong>111.</strong></span> <span class='ocrx_word' id='word_1_438' title='bbox 1971 2883 2011 2920; x_wconf 83' lang='lat' dir='ltr'><strong>p.</strong></span> 
     </span>
     <span class='ocr_line' id='line_1_66' title="bbox 1203 2927 2012 2983; baseline -0.007 -9"><span class='ocrx_word' id='word_1_439' title='bbox 1203 2929 1302 2974; x_wconf 88' lang='grc'><strong>414.</strong></span> <span class='ocrx_word' id='word_1_440' title='bbox 1334 2930 1384 2970; x_wconf 92' lang='grc' dir='ltr'><strong>Ι).</strong></span> <span class='ocrx_word' id='word_1_441' title='bbox 1415 2929 1490 2971; x_wconf 81' lang='lat' dir='ltr'><strong>lX.</strong></span> <span class='ocrx_word' id='word_1_442' title='bbox 1524 2945 1564 2983; x_wconf 88' lang='lat' dir='ltr'><strong>p.</strong></span> <span class='ocrx_word' id='word_1_443' title='bbox 1597 2929 1699 2974; x_wconf 81' lang='grc'><strong>578.</strong></span> <span class='ocrx_word' id='word_1_444' title='bbox 1720 2929 1770 2969; x_wconf 84' lang='grc' dir='ltr'><strong>Ε.</strong></span> <span class='ocrx_word' id='word_1_445' title='bbox 1806 2929 1941 2981; x_wconf 76' lang='lat' dir='ltr'><strong>Legg.</strong></span> <span class='ocrx_word' id='word_1_446' title='bbox 1973 2927 2012 2968; x_wconf 90' lang='lat' dir='ltr'><strong>I.</strong></span> 
     </span>
     <span class='ocr_line' id='line_1_67' title="bbox 1205 2985 2012 3042; baseline -0.009 -11"><span class='ocrx_word' id='word_1_447' title='bbox 1205 3003 1246 3042; x_wconf 91' lang='lat' dir='ltr'><strong>p.</strong></span> <span class='ocrx_word' id='word_1_448' title='bbox 1273 2986 1373 3030; x_wconf 83' lang='lat'><strong>632.</strong></span> <span class='ocrx_word' id='word_1_449' title='bbox 1417 2987 1465 3028; x_wconf 88' lang='lat' dir='ltr'><strong>C.</strong></span> <span class='ocrx_word' id='word_1_450' title='bbox 1501 2990 1582 3030; x_wconf 89' lang='lat' dir='ltr'><strong>VI.</strong></span> <span class='ocrx_word' id='word_1_451' title='bbox 1697 2987 1794 3031; x_wconf 89' lang='lat'><strong>767.</strong></span> <span class='ocrx_word' id='word_1_452' title='bbox 1835 2986 1882 3026; x_wconf 89' lang='lat' dir='ltr'><strong>C.</strong></span> <span class='ocrx_word' id='word_1_453' title='bbox 1915 2985 2012 3025; x_wconf 77' lang='lat' dir='ltr'><strong>VH.</strong></span> 
     </span>
    </p>

    <p class='ocr_par' dir='ltr' id='par_1_10' title="bbox 1203 3043 2011 3448">
     <span class='ocr_line' id='line_1_68' title="bbox 1235 3043 2011 3099; baseline -0.003 -11.883"><span class='ocrx_word' id='word_1_454' title='bbox 1235 3045 1377 3090; x_wconf 84' lang='grc'><strong>.803.</strong></span> <span class='ocrx_word' id='word_1_455' title='bbox 1414 3049 1462 3086; x_wconf 87' lang='grc' dir='ltr'><strong>Α.</strong></span> <span class='ocrx_word' id='word_1_456' title='bbox 1490 3045 1799 3099; x_wconf 74' lang='grc' dir='ltr'><strong>ΑΙοίὺὶπά..1)Ι</strong></span> <span class='ocrx_word' id='word_1_457' title='bbox 1804 3043 1930 3087; x_wconf 84' lang='grc'><strong>1,11.</strong></span> <span class='ocrx_word' id='word_1_458' title='bbox 1961 3043 2011 3084; x_wconf 76' lang='grc' dir='ltr'>Ε</span> 
     </span>
     <span class='ocr_line' id='line_1_69' title="bbox 1203 3057 2010 3158; baseline -0.004 -12"><span class='ocrx_word' id='word_1_459' title='bbox 1203 3117 1245 3158; x_wconf 96' lang='grc'><strong>1)</strong></span> <span class='ocrx_word' id='word_1_460' title='bbox 1282 3102 1380 3146; x_wconf 91' lang='grc'><strong>114.</strong></span> <span class='ocrx_word' id='word_1_461' title='bbox 1419 3107 1464 3147; x_wconf 76' lang='grc' dir='ltr'><strong>Α.</strong></span> <span class='ocrx_word' id='word_1_462' title='bbox 1498 3057 1799 3146; x_wconf 43' lang='lat' dir='ltr'><strong>Demosthf’</strong></span> <span class='ocrx_word' id='word_1_463' title='bbox 1826 3102 1891 3142; x_wconf 85' lang='lat' dir='ltr'><strong>De</strong></span> <span class='ocrx_word' id='word_1_464' title='bbox 1922 3100 2010 3143; x_wconf 83' lang='lat' dir='ltr'><strong>Co-</strong></span> 
     </span>
     <span class='ocr_line' id='line_1_70' title="bbox 1206 3157 2008 3215; baseline -0.006 -11"><span class='ocrx_word' id='word_1_465' title='bbox 1206 3174 1298 3204; x_wconf 74' lang='grc' dir='ltr'><strong>τοι).</strong></span> <span class='ocrx_word' id='word_1_466' title='bbox 1331 3176 1371 3215; x_wconf 85' lang='lat' dir='ltr'><strong>p.</strong></span> <span class='ocrx_word' id='word_1_467' title='bbox 1407 3163 1505 3207; x_wconf 81' lang='lat'><strong>275</strong></span> <span class='ocrx_word' id='word_1_468' title='bbox 1539 3167 1648 3204; x_wconf 85' lang='lat' dir='ltr'><strong>extr.</strong></span> <span class='ocrx_word' id='word_1_469' title='bbox 1677 3160 1730 3203; x_wconf 86' lang='lat' dir='ltr'><strong>R.</strong></span> <span class='ocrx_word' id='word_1_470' title='bbox 1757 3157 2008 3200; x_wconf 80' lang='lat' dir='ltr'><strong>Aeschin.</strong></span> 
     </span>
     <span class='ocr_line' id='line_1_71' title="bbox 1205 3216 2008 3275; baseline -0.006 -14"><span class='ocrx_word' id='word_1_471' title='bbox 1205 3219 1302 3264; x_wconf 76' lang='lat' dir='ltr'><strong>adv</strong></span> <span class='ocrx_word' id='word_1_472' title='bbox 1345 3219 1497 3275; x_wconf 87' lang='lat' dir='ltr'><strong>Ctesip</strong></span> <span class='ocrx_word' id='word_1_473' title='bbox 1502 3221 1540 3261; x_wconf 72' lang='lat'><strong>11.</strong></span> <span class='ocrx_word' id='word_1_474' title='bbox 1581 3221 1620 3272; x_wconf 74' lang='grc' dir='ltr'><strong>ξ.</strong></span> <span class='ocrx_word' id='word_1_475' title='bbox 1657 3217 1727 3262; x_wconf 94' lang='grc'><strong>14</strong></span> <span class='ocrx_word' id='word_1_476' title='bbox 1764 3216 2008 3269; x_wconf 78' lang='lat' dir='ltr'><strong>Xenoph.</strong></span> 
     </span>
     <span class='ocr_line' id='line_1_72' title="bbox 1206 3235 2010 3330; baseline -0.004 -11"><span class='ocrx_word' id='word_1_477' title='bbox 1206 3277 1337 3320; x_wconf 89' lang='lat' dir='ltr'><strong>Mem.</strong></span> <span class='ocrx_word' id='word_1_478' title='bbox 1373 3278 1404 3319; x_wconf 87' lang='lat' dir='ltr'><strong>l.</strong></span> <span class='ocrx_word' id='word_1_479' title='bbox 1434 3280 1475 3330; x_wconf 86' lang='lat'><strong>1,</strong></span> <span class='ocrx_word' id='word_1_480' title='bbox 1471 3235 1577 3322; x_wconf 74' lang='lat' dir='ltr'><strong>p.13</strong></span> <span class='ocrx_word' id='word_1_481' title='bbox 1639 3277 1741 3317; x_wconf 75' lang='lat' dir='ltr'><strong>Alia</strong></span> <span class='ocrx_word' id='word_1_482' title='bbox 1772 3274 1936 3317; x_wconf 72' lang='lat' dir='ltr'><strong>relativi</strong></span> <span class='ocrx_word' id='word_1_483' title='bbox 1967 3279 2010 3316; x_wconf 77' lang='lat' dir='ltr'><strong>et</strong></span> 
     </span>
     <span class='ocr_line' id='line_1_73' title="bbox 1207 3334 2009 3390; baseline -0.005 -14"><span class='ocrx_word' id='word_1_484' title='bbox 1207 3336 1503 3390; x_wconf 78' lang='lat' dir='ltr'><strong>interrogativi</strong></span> <span class='ocrx_word' id='word_1_485' title='bbox 1519 3337 1576 3377; x_wconf 83' lang='lat' dir='ltr'><strong>ita</strong></span> <span class='ocrx_word' id='word_1_486' title='bbox 1599 3334 1838 3376; x_wconf 71' lang='lat' dir='ltr'><strong>consociati</strong></span> <span class='ocrx_word' id='word_1_487' title='bbox 1860 3344 2009 3373; x_wconf 75' lang='lat' dir='ltr'><strong>exem-</strong></span> 
     </span>
     <span class='ocr_line' id='line_1_74' title="bbox 1208 3388 2008 3448; baseline -0.006 -13"><span class='ocrx_word' id='word_1_488' title='bbox 1208 3394 1280 3447; x_wconf 68' lang='lat' dir='ltr'><strong>pla</strong></span> <span class='ocrx_word' id='word_1_489' title='bbox 1338 3395 1512 3448; x_wconf 75' lang='lat' dir='ltr'><strong>collegit</strong></span> <span class='ocrx_word' id='word_1_490' title='bbox 1574 3393 1609 3434; x_wconf 85' lang='grc' dir='ltr'>ῐ</span> <span class='ocrx_word' id='word_1_491' title='bbox 1622 3391 1901 3435; x_wconf 76' lang='lat' dir='ltr'><strong>obeckius</strong></span> <span class='ocrx_word' id='word_1_492' title='bbox 1954 3388 2008 3431; x_wconf 75' lang='lat' dir='ltr'><strong>ad</strong></span> 
     </span>
    </p>
   </div>
  </div>
 </body>
</html>
