2158 3718
753 144 834 187 AD
867 142 1286 189 PHAEDONEM.
1844 146 1910 200 51.

137 285 473 351 mannusl),
499 285 966 353 wiggersius2),
997 280 1522 353 Tiedemannus3),
1551 288 1604 336 A.
1635 288 1912 338 Schmid-

138 357 330 425 tius4)‚
367 358 889 424 Kuhnhardtius5)
928 358 1106 425 aliique
1142 359 1527 416 contenderunt,
1569 375 1626 408 ex
1659 375 1743 416 eo,
1782 360 1911 424 quod

137 430 327 479 animus
359 430 484 478 vitae
520 429 582 478 sit
616 431 886 494 partice1)S‚
927 430 1019 478 hoc
1056 445 1204 479 unum
1232 430 1571 479 tantummodo
1599 431 1763 494 sequi,
1801 446 1911 479 eum

136 514 336 550 manere
364 500 597 563 quamdiu
624 501 815 549 animus
843 502 926 557 sit,
966 500 1185 550 subiecto
1213 506 1374 550 autem
1406 501 1534 563 quod
1562 501 1706 565 vulgo
1733 501 1911 550 dialec-

135 571 216 619 tici
251 576 426 620 vocant
459 569 648 619 sublato
688 573 832 620 ctiam
872 571 1204 636 praedicatum
1234 571 1360 628 tolli,
1396 577 1451 620 ut
1487 573 1711 635 petitio
1738 573 1911 635 prin-

137 641 286 705 cipii
322 641 533 691 admissa
571 641 818 698 videatur,
859 657 954 691 non
991 643 1217 692 viderunt
1255 643 1340 690 viri
1368 643 1632 692 acutissimi
1657 642 1912 692 Platonem

136 712 334 761 omnino
368 713 462 760 vim
502 718 548 761 et
586 718 810 762 naturam
852 714 999 762 animi
1044 729 1148 762 eam
1195 729 1301 763 esse
1345 712 1569 769 voluisse,
1618 728 1744 776 quae
1787 714 1912 762 vitae

133 782 291 832 ideam
339 784 626 832 necessitate
665 783 873 847 quadam
920 799 1086 833 secum
1129 785 1440 833 coniunctam
1487 784 1718 841 haberet,
1765 793 1819 833 ut
1856 800 1911 833 ea

133 868 226 902 nec
270 853 330 902 ab
374 854 535 903 animo
580 853 679 902 ullo
725 855 869 903 modo
914 853 1077 904 divelli
1111 860 1299 918 posset,
1336 855 1386 904 id
1423 854 1554 919 quod
1590 854 1663 903 vel
1707 862 1913 920 propter

135 925 379 974 Graecum
407 923 699 974 vocabulum
724 919 872 990 ψυχὴ
900 926 967 974 ita
989 926 1214 974 statuisse
1236 926 1588 975 existimandus
1616 931 1703 975 est.
1731 925 1910 982 Quam-

135 1010 280 1059 quam
322 994 460 1044 facile
497 994 735 1059 largimur
766 996 853 1044 ista
883 996 1073 1052 omnia,
1111 994 1194 1044 ubi
1222 995 1280 1044 ad
1307 994 1440 1059 leges
1466 996 1807 1060 philosophiae
1833 1012 1911 1046 re-

135 1066 367 1115 centioris
394 1065 576 1114 fuerint
604 1066 877 1116 examinata
903 1065 1144 1122 subtiliUS‚
1166 1066 1244 1114 vix
1271 1066 1498 1129 cuiquam
1526 1067 1660 1116 omni
1687 1081 1746 1116 ex
1772 1073 1911 1132 parte

133 1135 394 1201 probatum
420 1136 494 1185 iri.

273 1207 489 1257 Perfecit
522 1208 673 1270 igitur
710 1208 961 1264 Socrates,
1002 1209 1143 1257 sicuti
1179 1208 1409 1265 vidimus,
1458 1208 1668 1273 denique
1702 1208 1821 1266 hoc,
1860 1217 1913 1259 ut

131 1278 216 1336 iis,
265 1278 345 1343 qui
391 1279 551 1343 ipsum
597 1279 910 1336 audiverunt,
956 1278 1101 1344 plane
1139 1279 1197 1327 de
1234 1277 1599 1329 immortalitate
1634 1281 1907 1329 animorum

133 1364 423 1413 persuasum
460 1350 536 1397 sit.
588 1350 930 1400 Assentiuntur
965 1351 1094 1399 enim
1130 1350 1173 1398 ei
1210 1351 1354 1399 etiam
1383 1351 1612 1400 Simmias
1649 1356 1793 1415 atque
1822 1352 1909 1401 Ce-

133 1419 250 1478 beS,
289 1427 343 1470 ut
378 1425 628 1470 certamen
660 1421 720 1470 de
746 1436 801 1470 re
830 1421 1060 1485 primaria
1086 1420 1231 1485 plane
1257 1420 1479 1470 videatur
1506 1421 1565 1470 ad
1595 1422 1775 1471 exitum
1804 1437 1910 1471 esse

130 1491 441 1556 perductum.
518 1491 822 1555 Quamquam
874 1492 1114 1556 significat
1162 1491 1486 1556 philosophus
1537 1492 1643 1541 fieri
1703 1492 1910 1542 sortasse

133 1576 301 1626 posse,
354 1569 408 1611 ut
459 1563 600 1612 etiam
655 1562 795 1612 altius
847 1563 1091 1626 quoddam
1144 1567 1290 1627 atque
1340 1563 1567 1626 superius
1609 1564 1910 1628 principium

134 1632 386 1682 doctrinae
414 1631 474 1682 de
500 1633 880 1689 immortalitate,
911 1649 1054 1698 quam
1083 1633 1301 1683 idearum
1325 1636 1386 1682 sit
1412 1635 1551 1691 ratic,
1571 1635 1909 1698 investigetur.

134 1703 272 1762 Quod
294 1710 456 1753 tamen
476 1704 618 1767 quale
640 1720 746 1754 esse
767 1706 1039 1768 suspicatus
1060 1704 1136 1762 sit,
1161 1719 1260 1753 non
1282 1711 1487 1762 constat,
1515 1705 1911 1770 quandoquidem

132 1789 225 1824 nec
267 1776 319 1823 in
364 1774 501 1824 libris
539 1777 812 1839 posteriore
851 1782 1075 1840 tempore
1114 1776 1330 1840 scriptiS,
1368 1775 1489 1825 alius
1529 1777 1725 1840 generis
1762 1791 1909 1840 argun

131 1851 295 1896 menta
345 1846 720 1896 immortalitatis
781 1848 1069 1912 expromsit,
1132 1862 1275 1910 quam
1338 1846 1496 1910 qualia
1547 1848 1596 1894 in
1647 1846 1910 1896 Phaedone

132 1915 362 1981 leguntur
390 1918 622 1982 exposita.
674 1917 999 1967 Nihilominus
1026 1922 1186 1967 autem
1221 1919 1366 1965 etiam
1401 1916 1518 1965 illud
1546 1916 1799 1981 professus
1837 1924 1911 1967 est

131 1989 181 2036 in
217 1989 466 2051 praesenti
501 1988 696 2053 quidem
738 1995 871 2037 certe
907 1988 1159 2038 meliorem
1197 1986 1574 2036 immortalitatis
1621 1986 1909 2052 probandae

132 2059 258 2108 viam
294 2073 350 2107 ac
385 2060 626 2108 rationem
664 2058 757 2108 sibi
791 2075 892 2108 non
927 2059 1078 2108 videri
1114 2066 1380 2122 suppetere
1404 2058 1713 2122 ‚omninoque
1740 2060 1792 2107 in
1816 2058 1911 2108 hac

135 2143 279 2178 causa
303 2131 482 2178 mentis
510 2135 556 2178 et
580 2131 785 2178 rationis
811 2131 919 2179 usui
946 2130 1108 2178 omnia
1133 2128 1283 2178 tribui
1309 2134 1555 2193 oportere.
1592 2130 1660 2178 Ac
1686 2130 1908 2193 profecto

133 2205 322 2249 tantum
357 2199 494 2249 Plato
538 2200 614 2248 his
660 2200 1065 2263 disputationibus
1109 2201 1209 2249 suis
1252 2199 1549 2264 profligavit,
1595 2205 1678 2256 ut,
1720 2201 1910 2250 etiamsi

132 2286 238 2319 rem
276 2269 609 2320 difficillimam
645 2286 743 2320 non
781 2272 841 2320 ad
877 2276 1039 2320 certae
1078 2276 1126 2319 et
1164 2270 1445 2335 exploratae
1481 2270 1751 2320 evidentiae
1795 2285 1908 2335 per-

133 2342 411 2396 suasionem
448 2341 730 2400 adduxerit‚
768 2342 815 2391 id
855 2342 985 2404 quod
1021 2356 1137 2391 sane
1175 2342 1222 2388 in
1260 2346 1391 2390 tanta
1426 2342 1629 2390 rationis
1664 2341 1908 2391 humanae

132 2411 413 2462 infirmitate
447 2427 698 2475 nunquam
736 2414 913 2476 poterit
948 2414 1078 2468 fieri,
1119 2418 1283 2460 tamen
1320 2413 1495 2462 ceteris
1531 2410 1783 2470 omnibUS,
1824 2413 1910 2475 qui

135 2482 345 2532 eundem
370 2487 536 2547 postea
564 2482 726 2532 locum
754 2489 1108 2540 tractaverunt,
1145 2488 1393 2546 tamquam
1428 2482 1584 2532 facem
1611 2481 1907 2540 antetulerit,

133 2553 371 2618 siquidem
408 2555 742 2618 quaestionem
779 2556 1115 2619 gravissimam
1153 2569 1211 2602 ex
1237 2552 1511 2602 fabularum
1548 2558 1593 2602 et
1620 2554 1909 2618 opinionum

62 2647 67 2652 ’
132 2624 351 2674 tenebris
385 2625 434 2674 in
471 2626 701 2675 scientiae
736 2625 896 2674 lucem
927 2625 1091 2674 eduxit
1117 2631 1261 2687 atque
1287 2625 1490 2674 rationis
1519 2639 1611 2689 ope
1639 2623 1907 2673 dilucidare

135 2700 337 2744 conatus
365 2701 452 2745 est.

273 2766 372 2815 Iam
399 2781 545 2824 vere,
585 2767 714 2831 quod
748 2768 798 2815 in
835 2767 1172 2831 superioribus
1210 2767 1318 2816 fieri
1354 2766 1689 2821 meminimus,
1719 2773 1774 2816 ut
1799 2773 1910 2831 post

134 2836 509 2885 immortalitatis
544 2843 830 2902 argumenta
870 2844 1118 2901 postremo
1146 2852 1316 2901 graves
1343 2838 1582 2903 quaedam
1611 2837 1908 2887 cohortatio-

250 3034 294 3086 1)
333 3031 499 3077 Gesch.
539 3034 580 3077 d.
614 3035 789 3080 Philos.
831 3036 890 3078 II.
930 3050 975 3090 p.
1007 3038 1104 3078 464.
1156 3036 1337 3088 system
1375 3036 1417 3080 d.
1459 3035 1579 3078 Plat.
1618 3035 1790 3076 Philos.
1825 3034 1906 3076 III.

134 3105 162 3147 p
247 3148 295 3200 2)
332 3150 537 3189 Examen
578 3153 829 3201 argument.
868 3150 989 3190 Plat.
1030 3163 1111 3203 pro
1145 3149 1492 3191 immortalitate
1526 3149 1666 3190 animi
1705 3147 1908 3189 humani.

133 3204 350 3246 Rostoeh.
384 3207 505 3246 1803.
539 3219 643 3257 pag.
676 3206 744 3245 24.

248 3263 295 3312 3)
325 3261 509 3315 Dialog.
542 3262 723 3303 Platon.
752 3261 1016 3315 Argument.
1049 3277 1090 3317 p.
1123 3265 1176 3305 35
1208 3275 1276 3315 sq.

247 3320 294 3366 4)
324 3319 478 3359 Ueber
508 3317 581 3358 die
602 3317 743 3358 Ideen
774 3318 853 3358 des
874 3319 1008 3360 Plato
1038 3332 1081 3361 u.
1105 3319 1177 3360 die
1199 3319 1368 3360 darauf
1393 3319 1658 3360 beruhende
1681 3315 1903 3359 Unsterb-

135 3373 480 3415 lichkeitslehre
514 3374 773 3414 desselben.
805 3375 962 3428 Progr.
997 3375 1214 3427 Gymnas.
1248 3375 1578 3428 Quedlinburg.
1613 3376 1736 3416 1835.
1768 3387 1810 3425 p.
1835 3374 1902 3413 21.

248 3430 291 3482 5)
323 3431 445 3471 Plat.
479 3431 651 3474 Phaed,
683 3431 764 3470 mit.
793 3430 1071 3472 besonderer
1091 3432 1350 3472 Riicksicht
1382 3432 1464 3472 auf
1492 3431 1564 3472 die
1586 3428 1904 3471 Unsterblich·

137 3487 388 3528 keitslehre
420 3487 638 3527 erl'ziutert
668 3500 708 3527 u.
743 3487 1004 3529 beurtheilt.
1054 3488 1245 3528 Liibeck
1279 3490 1401 3530 1817.
1436 3501 1541 3539 pag.
1575 3490 1642 3529 67.

1492 3555 1565 3605 4ιξζ
