2158 3718
0 658 18 688 ι,

548 132 1058 228 SYMPosltJM.
1099 191 1152 240 p.
1191 175 1296 223 223
1333 175 1410 228 sc.
1707 176 1811 225 201

145 330 328 395 ἐσται,
383 319 506 378 ἀλλ’
567 316 667 392 ἐγὼ
726 315 878 392 παρὰ
942 321 999 374 σὲ
1073 315 1264 374 ἐλθὼν
1319 318 1812 392 κατακλινήσομαι.

143 407 316 464 Πάνυ
358 428 432 478 γε,
478 403 659 505 φάναι
699 400 802 459 τὸν
826 399 1122 476 Σωκράτη,
1168 404 1329 475 δεῦρο
1370 399 1630 457 ὑποκάτω
1678 408 1810 474 ἐμοῦ

147 494 503 549 κατακλίνου.
559 480 637 543 Ὦ
681 489 804 553 Ζεῦ,
847 492 1016 542 εἰπεῖν
1059 483 1159 542 τὸν
1195 484 1565 558 Ἀλκιβιάδην,
1608 486 1701 542 οἷα
1741 480 1812 543 αὖ

147 575 343 647 πάσχω
379 570 487 630 ὑπὸ
534 575 634 628 τοῦ
677 569 1013 643 ἀνθρώπου.
1058 570 1232 626 οιέταί
1271 591 1380 641 μου
1423 573 1535 626 δεῖν
1560 575 1815 649 πανταχῆ

142 669 426 732 περιεῖναι.
469 654 593 712 ἀλλ’
646 661 692 712 εὶ
731 653 810 727 μή
851 676 903 710 τι
947 649 1100 722 άλλο,
1144 645 1185 709 ὦ
1231 652 1533 726 θαυμάσιε,
1575 661 1633 710 ἐν
1669 661 1814 726 μέσῳ

139 741 299 815 ἡμῶν
355 747 420 796 ἔα
467 737 777 810 Ἀγάθωνα
828 742 1216 795 κατακεῖσθαι.
1316 735 1466 794 ΗΑλλ
1514 736 1816 805 ἀδύνατον,

140 824 324 902 φάναι
365 822 466 882 τὸν
507 821 821 924 Σωκράτη·
867 819 934 880 σὺ
974 828 1077 895 μὲν
1118 819 1226 895 γὰρ
1268 826 1357 893 ἐμὲ
1400 821 1693 899 ἐπῄνεσας,
1737 826 1816 879 δεῖ

143 908 194 967 δ’
244 912 335 982 ἐμὲ
379 900 453 964 αὖ
494 905 597 964 τὸν
639 910 728 963 ἐπὶ
770 903 916 975 δεξιοὶ
958 913 1218 964 ἐπαινεῖν.
1278 903 1377 962 ὲαν
1431 901 1534 963 οὖν
1573 903 1682 963 ὑπὸ
1726 910 1816 964 σοὶ

141 996 444 1071 κατακλινῇ
482 991 766 1061 Ἀγάθων,
813 989 881 1048 οὐ
927 990 1107 1059 δήπου
1148 992 1239 1061 ἐμὲ
1265 988 1436 1046 πάλιν
1459 997 1814 1056 ἐπαινέσεται,

137 1081 271 1150 πρὶν
309 1075 406 1133 ὑπ’
475 1079 609 1148 ἐμοῦ
650 1077 866 1148 μᾶλλον
907 1076 1297 1142 ἐπαινεθῆναι.
1341 1073 1468 1131 ἀλλ’
1520 1078 1718 1141 ἔασον,
1770 1066 1813 1130 ὦ

141 1160 421 1233 δαιμόνιε,
485 1163 578 1214 καὶ
633 1155 711 1229 μὴ
755 1157 1056 1238 φθονήσῃς
1108 1160 1185 1229 τῷ
1228 1161 1489 1231 μειρακίῳ
1532 1157 1628 1214 ὑπ’
1677 1162 1814 1232 ἐμοῦ

135 1246 539 1311 ἐπαινεθῆναι·
583 1245 676 1299 καὶ
724 1239 832 1316 γὰρ
876 1240 1024 1297 πάνυ
1067 1246 1325 1313 ἐπιθυμῶ
1353 1239 1531 1299 αὐτὸν
1556 1241 1816 1316 ὲγκωμιάκ

137 1348 248 1385 σαι.
329 1324 440 1383 Ἰού
485 1326 593 1392 ἰού,
636 1325 819 1403 φάναι
848 1322 949 1381 τὸν
972 1322 1292 1393 Ἀγάθωνα,
1331 1325 1666 1398 Ἀλκιβιάδη,
1714 1325 1814 1383 οὐκ

136 1411 268 1469 ἔσθ’
319 1408 468 1476 ὅπως
511 1407 584 1465 ἂν
627 1409 834 1466 ἐνθάδε
875 1413 1134 1482 μείναιμι,
1178 1406 1319 1465 ἀλλὰ
1348 1408 1560 1476 παντὸς
1599 1414 1817 1484 μᾶλλον

80 1532 83 1535 «
135 1493 641 1570 μεταναστήσομαι,
673 1499 764 1550 ἵνα
788 1490 897 1549 ὑπὸ
925 1491 1269 1566 Σωκράτους
1292 1497 1593 1550 ὲπαινεθῶ.
1647 1492 1809 1549 Ταῦτ’

135 1587 331 1646 ἐκεῖνα,
375 1577 557 1656 φάναι
593 1574 692 1633 τὸν
729 1575 1096 1648 Ἀλκιβιάδην,
1139 1575 1211 1632 τὰ
1255 1575 1533 1634 εἰωθότα·
1578 1574 1819 1651 Σωκρά-

136 1676 268 1730 τους
291 1662 592 1738 παρόντος,
624 1664 735 1717 τῶν
758 1664 943 1717 καλῶν
970 1663 1301 1732 μεταλαβεῖν
1332 1660 1615 1719 ἀδύνατον
1645 1658 1816 1733 ἄλλῳ.

135 1751 229 1805 καὶ
273 1750 378 1805 νῦν
419 1745 492 1812 ὡς
536 1744 784 1818 εὐπόρως
826 1748 919 1800 καὶ
962 1741 1219 1801 πιθανὸν
1261 1743 1431 1817 λόγον
1468 1739 1637 1821 εὗρεν,
1683 1743 1816 1811 ὥςτε

133 1830 270 1905 παρ’
317 1833 495 1902 ἑαυτῷ
541 1833 767 1886 τουτονὶ
810 1831 1198 1885 κατακεῖσθαι.

259 1913 398 1994 Cap.
426 1910 726 1971 XXXIX.
801 1910 917 1970 Τὸν
935 1916 1036 1986 μὲν
1065 1903 1167 1969 οὖν
1199 1911 1507 1983 Ἀγάθωνα
1537 1911 1610 1979 ὡς
1638 1934 1808 1968 κατα-

252 2120 311 2163 σὸ
346 2121 459 2174 μὲν
465 2120 566 2175 γὰρ
597 2121 685 2176 ἐμὲ
715 2120 821 2175 ἐπ]
870 2120 986 2163 Vett
1020 2119 1143 2164 editt.
1173 2134 1254 2175 με,
1287 2118 1403 2173 quod
1434 2132 1458 2161 e
1489 2118 1613 2161 Bodl.
1644 2119 1741 2162 vat.
1753 2116 1807 2163 A.

56 2175 69 2187 ‘
137 2179 245 2221 Ven.
255 2178 303 2222 Ξ.
325 2176 449 2219 Vind.
458 2177 501 2222 2.
522 2178 622 2220 Par.
634 2178 743 2220 ΒΚ.
767 2180 875 2232 Aug.
890 2190 938 2221 w.
965 2177 1062 2221 vat.
1075 2191 1117 2231 p.
1150 2182 1377 2220 mutatum.
1435 2177 1601 2219 Deinde
1639 2182 1693 2219 αῠ
1729 2194 1780 2218 το
1758 2177 1811 2217 ὃν

135 2249 216 2292 pro
256 2251 309 2275 αυ
287 2233 366 2276 υτό
345 2249 396 2275 ον
436 2247 531 2277 cum
571 2235 774 2278 Bekkero
815 2235 981 2289 scripsi.
1043 2234 1192 2277 Idem
1205 2248 1259 2277 ex
1289 2233 1416 2277 codd.
1445 2235 1654 2277 nonnuliis
1690 2234 1811 2278 dedit

135 2293 216 2335 τὸν
243 2291 314 2334 ἐπὶ
346 2291 447 2338 δεξί’
478 2293 547 2333 ἐπ.
579 2305 659 2347 pro
688 2310 737 2334 το
716 2291 765 2333 ὂν
795 2290 964 2337 ἐπιδέξι’
996 2292 1061 2334 ἐπ.
1094 2291 1206 2337 conf.
1237 2290 1290 2333 ad
1324 2306 1364 2346 p.
1388 2291 1487 2337 214.
1520 2292 1570 2334 C.

249 2349 461 2406 μᾶλλον
490 2348 888 2421 ἐυπαινεθῆναι]
920 2349 1083 2403 μᾶλλον
1113 2363 1199 2392 om.
1230 2349 1354 2391 Vind.
1380 2349 1421 2394 2.
1452 2355 1561 2403 Ang.
1582 2362 1622 2390 u.

251 2408 302 2450 P.
337 2405 437 2452 223.
498 2404 640 2456 ὅπως
680 2406 741 2447 ἂν
778 2405 986 2448 ἐνθάδε
1013 2405 1309 2463 μείναιμι]
1339 2423 1396 2447 αν
1426 2419 1512 2449 οιιι.
1521 2385 1679 2450 QCoisl.
1711 2407 1812 2452 l'ar.

137 2464 238 2508 EF.
274 2465 371 2508 Vat.
394 2476 435 2506 ιι.
458 2477 493 2506 ε.
525 2464 643 2530 Flor
671 2465 714 2507 b.
737 2464 764 2506 i.
802 2465 925 2507 male.

136 2605 259 2661 λου]
302 2605 410 2648 Vide
440 2609 586 2647 annot.
615 2603 670 2647 ad
699 2618 740 2659 p.
757 2603 855 2648 214.
888 2605 944 2648 D.
1026 2604 1204 2662 λάβῃ]
1246 2604 1286 2647 h.
1319 2619 1358 2648 e.
1398 2610 1456 2647 ut
1494 2619 1592 2649 nos
1627 2606 1816 2648 seiun-

136 2664 245 2707 Mox
275 2661 326 2704 τὸ
359 2661 610 2717 Σατυρικὸν
640 2662 786 2718 δρᾶμα
815 2663 944 2705 iutel—
1025 2668 1187 2717 geret
1247 2663 1460 2706 medius
1516 2665 1665 2706 inter
1723 2676 1818 2706 nos

140 2721 232 2774 ligit
280 2720 651 2774 comparationem
703 2720 841 2772 illam,
900 2720 942 2762 in
1025 2721 1369 2765 accumbens,
1444 2721 1508 2764 De
1553 2721 1818 2763 coniunctivo

139 2791 224 2831 qua
256 2777 501 2820 Alcibiades
532 2776 701 2819 Socrati
739 2782 940 2830 tanquam
1025 2779 1443 2833 postlpraeteritum
1485 2779 1548 2821 sic
1586 2779 1730 2831 illato,
1773 2784 1820 2819 ut

141 2836 184 2876 in
232 2834 376 2876 fabula
415 2834 598 2886 quadam
639 2835 826 2890 satyrica
857 2835 942 2876 Sa-
1024 2848 1116 2878 rem
1150 2836 1377 2878 etiamnum
1399 2835 1626 2878 durantem
1658 2837 1818 2889 signifi-

140 2886 222 2946 tyri
261 2896 306 2932 et
344 2890 478 2932 Sileni
530 2892 680 2945 partes
718 2891 939 2933 tribuerat
1026 2897 1123 2945 cet,
1163 2906 1204 2935 v,
1242 2893 1528 2935 Hermann.
1571 2894 1634 2935 De
1671 2906 1817 2934 emen-

142 2947 283 2988 Simul
314 2947 469 2988 alludit
507 2947 562 2988 ad
594 2947 791 2989 dramata
822 2953 941 3002 saty-
1025 2949 1163 2991 danda
1193 2955 1298 2993 vett.
1329 2951 1408 2993 Gr.
1438 2951 1517 2992 Gr.
1550 2966 1592 3004 p.
1617 2949 1702 2993 208
1723 2963 1815 3001 sqq.

143 3004 258 3056 rica,
301 3016 415 3056 quae
444 3004 552 3044 actia
583 3003 758 3046 demum
788 3004 941 3047 fabulis
1027 3005 1214 3048 Mattln.
1234 3007 1638 3062 Gr.§.518.p.993.
1659 3007 1816 3049 Rost-

145 3034 320 3115 tragicis
352 3059 420 3102 edi
450 3060 666 3111 solebant,
696 3073 735 3102 ν.
764 3060 942 3103 Ruhn-
1024 3064 1102 3106 Gr.
1132 3065 1172 3117 §-
1207 3062 1302 3109 122.
1331 3065 1373 3108 4.

145 3119 262 3160 ken.
299 3116 354 3159 ad
385 3116 500 3158 Tim
532 3130 574 3171 p.
605 3090 707 3162 23⁹0.
735 3140 791 3148 —-
851 3133 943 3172 μη-

143 3174 226 3215 δὲν
264 3175 348 3214 nl.
385 3173 501 3217 αυτ.
545 3174 793 3227 ye‘vntrffl
835 3174 863 3217 ἰ.
903 3189 941 3218 θ
1083 3177 1134 3220 P.
1158 3177 1257 3224 223.
1299 3177 1451 3221 Ταῦτ’
1484 3177 1688 3228 ἐκεῖνα]
1720 3175 1821 3218 Hoc

146 3229 246 3286 Spa,
278 3229 341 3285 μή
371 3246 415 3271 τι
443 3232 573 3271 πλέον
609 3229 725 3272 αὐτω
706 3234 942 3286 γένηται.
1024 3234 1133 3278 illud
1187 3242 1267 3281 est.
1313 3250 1353 3278 v.
1409 3236 1463 3277 de
1511 3234 1588 3276 hac
1635 3233 1820 3276 formula

143 3312 197 3320 —
257 3287 283 3329 ἀ
305 3287 414 3328 λλὰ
485 3273 942 3342 παρασκευάζου,
1026 3290 1321 3336 Heindorf.
1351 3291 1404 3334 ad
1434 3291 1618 3334 Phaedr.
1652 3305 1691 3345 p.
1718 3291 1820 3335 241.

143 3346 243 3389 sed
276 3351 329 3387 te
361 3346 440 3387 ita
471 3358 750 3400 compara,
783 3350 852 3389 ut.
885 3370 942 3378 —
1025 3347 1079 3389 D·
1119 3351 1391 3394 Matthiae
1430 3350 1507 3390 Gr.
1538 3350 1616 3390 Gr.
1649 3351 1688 3399 §.
1719 3347 1818 3390 467.

200 3405 251 3447 Ε.
313 3402 397 3444 ἵνα
433 3401 602 3459 χωρὶς
645 3401 781 3460 ἡμᾶς
825 3403 942 3446 δια-
1026 3407 1320 3452 Hermann.
1362 3406 1417 3448 ad
1452 3405 1591 3449 Nubb.
1622 3418 1664 3447 v.
1701 3405 1822 3451 1053.

1850 1175 1957 1241 233
