2158 3718
1150 52 1174 74 1⁸
1428 47 1431 55 ὃ
1528 65 1529 69 ’
1549 54 1553 58 ⁴
1688 62 1689 65 ’
1840 70 1842 72 ’

810 156 1065 199 PHAEDO
1096 163 1140 214 p.
1172 158 1239 199 64.

1806 157 1907 212 105

137 297 440 363 σκευαζέτω
479 317 552 360 ως
589 297 679 349 καὶ
707 297 790 359 δις
817 297 1033 366 δώσων,
1076 296 1174 350 ἐὰν
1200 297 1261 351 δὲ
1288 296 1404 367 δέῃ,
1445 299 1536 350 καὶ
1562 299 1695 368 τρίς
1743 296 1905 351 Ἀλλα

137 375 340 450 σχεδὸν
376 382 479 451 μέν
515 401 566 435 τι
603 379 734 451 η’δη,
774 383 880 451 ἔφη
921 377 949 434 ὁ
977 384 1224 486 Κρίτων·
1269 380 1410 435 ἄλλα
1434 402 1527 452 μοι
1565 383 1735 436 πάλαι
1762 384 1905 453 πρά-

135 485 314 535 γματα
351 467 591 537 παρέχει.
652 465 754 519 ”Εα
792 462 984 535 αὐτόν,
1025 468 1148 536 ἔ.φη

273 551 420 604 Ἀλλ’
461 548 595 620 ὑμῖν
633 549 700 620 δὴ
738 561 852 615 τοῖς
891 553 1176 615 δικασταῖς
1211 553 1488 622 βούλομαι
1525 509 1633 623 ἤδη
1670 551 1771 606 τὸν
1809 555 1901 606 λό-

133 656 238 705 γον
282 635 621 705 ἀποδοῦναι,
672 634 746 699 τός
790 656 882 706 μοι
930 639 1188 706 φαίνεται
1227 636 1452 700 εἰκότως
1489 635 1630 707 ἀνὴρ
1669 641 1743 709 τῷ
1783 636 1907 692 ὄντι

135 723 200 775 ἐν
237 724 545 793 φιλοσοφίᾳ
592 723 884 792 διατρίψας
928 720 1026 775 τὸν
1071 725 1198 791 βίον
1237 723 1474 793 θαρῤεἴν
1511 693 1731 793 μέλλων
1769 724 1908 777 ἅπο-
1938 736 1992 775 64

132 811 436 879 θανεῖσθαι
463 807 555 860 καὶ
582 805 806 870 εὔελπις
833 803 975 860 εἶναι
1003 808 1123 865 ἐκεῖ
1151 808 1380 877 μέγιστα
1418 812 1675 862 οἴσεσθαι
1701 806 1906 878 ἀγαθά,

135 890 364 944 ἐπειδὰν
414 892 734 962 τελευτήσῃ.
811 895 927 955 πῶς
973 891 1044 945 ἂν
1092 886 1197 945 οὗν
1244 891 1311 962 δὴ
1352 893 1516 946 τοῦθ’
1557 891 1735 956 οὕτως
1773 897 1905 962 ἔχοι,

134 969 180 1029 c3
218 979 429 1046 Σιμμία
466 997 524 1030 τε
563 978 654 1030 καὶ
690 976 891 1046 Κέβης,
934 974 1041 1044 ἐγώ
1079 977 1414 1047 πειράσομαι
1453 978 1682 1046 φράσαι.

274 1064 386 1130 Cap.
425 1065 504 1115 IX.
557 1061 974 1115 Κινδυνεύουσι
1011 1058 1118 1131 γαρ
1147 1059 1268 1114 ὅσοι
1303 1062 1680 1130 τυγχάνουσιν
1720 1059 1907 1132 ὀρθῶς

53 1193 55 1195 .
131 1143 433 1215 ἁπτόμενοι
470 1148 807 1216 φιλοσοφίας
843 1147 1144 1215 λεληθέναι
1180 1145 1314 1209 τούς
1349 1145 1574 1216 ἄλλους,
1614 1146 1700 1200 ὅτι
1737 1147 1908 1202 οὐδὲν

131 1228 268 1285 ἄλλο
307 1229 467 1305 αὐτοὶ
505 1230 934 1300 ἐπιτηδεύουσιν
970 1229 1005 1301 ἢ
1055 1229 1438 1300 ἀποθνήσκειν
1476 1252 1534 1284 τε
1573 1234 1667 1285 καὶ
1703 1233 1909 1286 τεθνά-

132 1337 241 1370 ναι.
321 1319 371 1369 εἰ
414 1307 521 1370 οὖν
568 1320 733 1369 τοῦτο
781 1314 1011 1385 ἀληθές,
1063 1314 1274 1369 ἄτοπον
1313 1315 1495 1386 δήπου
1534 1314 1604 1369 ἂν
1643 1322 1728 1386 εἴη
1767 1336 1908 1387 προ-

246 1491 293 1530 Ε.
321 1487 448 1543 μέν
494 1502 547 1529 τι
596 1479 732 1543 ᾐδη]
763 1490 815 1532 V
847 1485 1034 1542 μέντοι,
1065 1490 1178 1541 quod
1207 1502 1229 1528 e
1259 1488 1907 1532 Coisl.Ve11.AVind.'1'Pa1-.

131 1546 300 1589 ACEG
341 1547 434 1588 Zitt.
473 1546 580 1588 Flor.
603 1546 674 1586 ab
698 1546 750 1585 ci
792 1553 1015 1588 mutatum.
1063 1546 1246 1586 Pertinet,
1276 1546 1387 1585 enim
1418 1560 1464 1587 τι
1502 1546 1556 1586 ad
1597 1558 1652 1601 σχ
1657 1540 1784 1588 εδόν.
1827 1547 1906 1588 Pro

130 1595 285 1658 ᾔδειν,
315 1604 430 1656 quod
457 1603 550 1643 libri
580 1602 767 1642 Platonis
799 1615 944 1642 ornnes
975 1609 1159 1655 tuentur,
1189 1602 1363 1643 Photius
1385 1603 1486 1642 Lex.
1511 1617 1553 1657 p.
1575 1561 1652 1645 5οχ
1663 1597 1756 1658 ἤδη
1780 1604 1908 1644 habet

132 1661 260 1712 idque
279 1661 441 1715 primus
462 1660 618 1712 recepit
638 1659 815 1700 Bekker.
841 1660 950 1700 conf.
975 1660 1028 1700 ad
1051 1659 1249 1712 Sy.mpos
1271 1672 1312 1712 p.
1339 1660 1419 1701 198
1442 1659 1485 1702 C.

244 1739 432 1789 πάλαι,
453 1738 642 1799 πράγμ
657 1741 783 1799 ατα]
808 1744 860 1787 V.
885 1738 1139 1799 πράγματα
1159 1737 1311 1786 πάλαι
1333 1745 1475 1786 invitis
1499 1745 1622 1785 codd.
1647 1746 1904 1795 melioribus,

131 1803 251 1845 Bodl.
272 1803 370 1845 Vat.
393 1803 500 1844 Ven.
526 1801 572 1842 Π
596 1801 719 1843 Vind.
742 1801 780 1842 Φ
803 1802 913 1841 aliis.

243 1879 524 1941 βούλομαι
564 1878 700 1940 ἤδη]
741 1876 838 1940 ἤδη
869 1899 890 1925 e
920 1886 1039 1930 Bodl.
1071 1886 1171 1927 Vat.
1196 1887 1303 1939 xTub.
1337 1886 1444 1930 Ven.
1473 1886 1523 1927 H
1540 1887 1664 1926 vind.
1689 1887 1728 1927 Φ
1761 1888 1903 1928 Ambr.

130 1943 237 1988 Flor.
259 1945 287 1984 d
307 1951 545 1984 revocatum
568 1943 696 1996 vulgo
719 1944 878 1985 aberat.

131 2077 366 2138 εαυτοῦ,
408 2086 460 2126 id
501 2086 635 2137 quod
676 2086 848 2138 ipsius
893 2091 969 2125 est

130 2150 412 2195 comparet,
472 2143 499 2181 i.
543 2156 579 2181 e.
629 2142 807 2182 cicutam
849 2150 967 2193 terat,

130 2198 396 2264 Hirschig.
417 2199 525 2237 coni.
558 2197 797 2239 τοσοῦτον.

182 2247 333 2296 Ἀλλά
374 2248 581 2309 σχεδὸν
621 2251 724 2307 μέν
764 2269 815 2295 τι
856 2248 964 2308 ῄδ.]

130 2314 176 2352 In
206 2311 269 2352 his
299 2325 343 2352 τι
373 2314 426 2351 ad
453 2304 624 2365 σχεδόν
646 2311 800 2351 referas
825 2325 877 2351 ex
899 2312 968 2350 illa

129 2369 234 2422 lege,
257 2369 310 2409 de
331 2380 411 2420 qua
434 2369 603 2422 sclipsit
619 2367 795 2408 Matth.
820 2369 858 2418 ξ
868 2369 965 2411 487.

126 2427 167 2466 4.
169 2401 336 2476 ”Neque
358 2437 611 2476 quemqnam
635 2425 832 2475 offendet,
857 2425 971 2476 quod

127 2482 242 2522 aliud
263 2482 515 2522 vocabulum
535 2483 641 2521 intel
659 2476 828 2535 σχεδόν
845 2491 971 2533 atque

129 2553 171 2580 τι
202 2539 464 2579 interiectum
497 2546 574 2578 est.
625 2538 725 2590 Lys.
739 2551 796 2603 p
825 2540 908 2578 204
938 2539 971 2578 E

128 2609 183 2636 ου
206 2609 298 2661 γαρ
319 2608 465 2648 πανυ,
491 2590 598 2648 εἶ’,φη
624 2591 667 2635 τὶ
690 2587 840 2636 αὐτοῦ
864 2607 972 2636 ονο-

127 2665 192 2705 μα
216 2646 447 2706 λέγουσιν,
469 2653 537 2693 ubi
555 2664 656 2691 cave
678 2666 723 2692 τι
746 2664 842 2691 cum
865 2642 971 2692 ὅνο-

126 2722 192 2763 μα
222 2709 564 2773 coniungendum
597 2715 736 2768 putes.
768 2708 893 2751 Lach
926 2722 968 2761 p.

127 2767 207 2806 192
231 2763 262 2807 C
290 2759 462 2832 σχεδὸν
492 2778 579 2820 γαρ
610 2779 653 2805 τι
675 2759 801 2806 οἶδα.
844 2763 965 2806 Cete-

126 2835 221 2861 rum
243 2822 295 2861 de
317 2815 439 2863 αλλα
460 2821 699 2873 frequenter
720 2823 896 2874 repetito
926 2835 966 2861 v.

127 2878 494 2929 Wyttenba‹h
535 2879 589 2918 ad
622 2879 663 2921 h.
689 2879 713 2919 l.
744 2879 864 2918 etde
895 2891 966 2917 es)-

128 2935 222 2974 dem
263 2947 343 2973 usu
384 2934 473 2974 Iat.
516 2942 563 2974 at
603 2935 871 2977 Heindorf
915 2935 967 2974 ad

126 2990 224 3032 Hor.
248 2990 333 3029 Sat.
359 2992 390 3029 Ῐ.
412 2994 452 3040 3,
476 2993 528 3031 32
551 3004 613 3042 sq.

182 3039 326 3099 ανὴρ
368 3045 437 3102 τῷ
474 3059 598 3087 οντι
637 3039 695 3087 ἔν
726 3048 968 3113 φιλοσο-

127 3102 233 3158 φία
255 3089 591 3167 διατρίψας]
614 3102 717 3156 Cap.
740 3104 813 3147 XI
838 3098 862 3144 ὁ
885 3096 964 3144 ὅν-

126 3174 213 3208 τως
229 3153 515 3225 φιλόσοφος,
539 3173 579 3212 p.
599 3159 693 3200 66ss
715 3152 740 3199 ὁ
762 3159 970 3230 γνησίως

127 3210 389 3270 φιλόσοφος
425 3216 825 3256 vocatu1.Deiud‹
867 3210 970 3257 ἐκεῖ

126 3274 283 3313 dictum
307 3280 370 3313 est
393 3271 644 3319 δεικτικῶς
667 3285 741 3325 pro
766 3273 813 3312 in
837 3273 964 3312 alte-

126 3343 180 3370 ra
203 3331 323 3374 vita.

178 3440 295 3506 Cap
298 3442 370 3482 IX.
394 3442 438 3481 P.
451 3443 520 3482 64.
542 3435 968 3483 Κινὸυνεύουσι

125 3491 229 3552 γὰρ
269 3490 392 3540 ὅσοι
423 3513 461 3539 τ.
493 3512 533 3540 n
566 3512 602 3539 τ.
629 3495 684 3550 λ.]
729 3496 815 3537 Cic.
844 3498 967 3540 Tnsc

1056 2087 1086 2126 Ι.
1111 2087 1163 2126 30
1194 2090 1286 2125 tota
1307 2085 1413 2125 enim
1428 2085 1773 2138 philosophorum
1802 2088 1901 2136 vita,

1055 2147 1099 2181 ut
1130 2143 1190 2181 ait
1220 2143 1326 2182 idem
1358 2139 1621 2193 (Socrates),
1655 2147 1902 2184 commenta-

1058 2200 1112 2238 tio
1151 2202 1297 2239 mortis
1328 2204 1404 2238 est.
1456 2198 1561 2238 Ibid.
1597 2200 1647 2239 31
1679 2212 1903 2241 secernere

1014 2292 1017 2295 .
1055 2260 1191 2295 autem
1230 2269 1256 2294 a
1294 2268 1475 2307 corpore
1521 2257 1695 2296 animum
1733 2277 1787 2284 —-
1828 2270 1904 2297 nee

1056 2313 1278 2365 quidquam
1328 2313 1445 2365 aliud
1492 2318 1578 2363 est,
1630 2326 1750 2364 quam
1792 2311 1906 2354 'mori

1055 2370 1234 2408 discere.
1276 2367 1375 2411 Sen
1409 2368 1543 2421 Epist.
1577 2368 1700 2408 XXV
1731 2373 1904 2423 egregia

1057 2439 1128 2465 res
1160 2431 1223 2465 est
1253 2430 1423 2466 mortem
1463 2426 1710 2465 condiscere
1741 2447 1795 2454 -—
1825 2428 1903 2468 lzoc

1059 2487 1122 2522 est
1143 2483 1289 2537 ipsum,
1303 2495 1436 2535 quare
1453 2483 1651 2522 meditari
1666 2483 1900 2524 debeamus.

1058 2539 1186 2591 Apul.
1212 2539 1263 2577 de
1282 2539 1385 2591 phil
1404 2538 1506 2578 Plat
1529 2552 1570 2591 p.
1585 2540 1666 2579 277
1690 2540 1903 2592 praeclare

1058 2596 1116 2634 ait
1140 2596 1450 2647 philosophiam
1480 2608 1571 2635 esse
1594 2599 1740 2636 mortzs
1769 2595 1902 2650 affec-

1058 2657 1140 2691 tum
1155 2651 1402 2693 coneuetudz
1408 2665 1577 2719 nemque
1595 2666 1684 2693 mor
1687 2655 1814 2694 tendi.
1834 2655 1901 2694 In-

1058 2708 1185 2778 frap.
1176 2709 1294 2749 ,67ss
1317 2702 1369 2749 τὸ
1388 2705 1627 2773 μελέτημα
1648 2701 1767 2750 αυτό
1791 2708 1902 2751 τοῦ-

1055 2778 1107 2805 το
1127 2776 1223 2807 εστι
1244 2765 1334 2806 τῶν
1354 2759 1649 2832 φιλοσόφων,
1671 2759 1800 2814 λύσις
1819 2763 1902 2807 καὶ

1054 2815 1285 2887 χωριξῖμός
1326 2821 1484 2886 ψυχῆς
1526 2815 1619 2862 oin&
1672 2816 1899 2876 σώματος.

1055 2901 1107 2906 -
1149 2871 1564 2943 αποθνήσκειν
1612 2880 1761 2930 mori,
1817 2893 1900 2921 τε-

1054 2928 1276 2977 θνάναι
1327 2936 1376 2974 111
1431 2943 1575 2975 statu
1618 2944 1664 2975 et
1715 2937 1896 2975 condi-

1053 2993 1206 3031 eione
1242 2992 1426 3031 mortis
1466 2992 1681 3034 versati
1723 2993 1767 3031 P.
1793 2992 1901 3033 64C

1054 3045 1136 3089 καὶ
1160 3043 1284 3089 εἶναι
1307 3047 1446 3089 τοῦτο
1469 3042 1520 3089 τὸ
1545 3041 1797 3113 τεθναναι,
1818 3063 1901 3102 χω-

1052 3102 1123 3172 ρὶς
1153 3118 1239 3171 μεν
1270 3097 1364 3146 απὸ
1396 3104 1479 3172 τῆς
1499 3103 1719 3172 ψυχῆς
1686 3097 1898 3145 οἷπαλλα-

1052 3175 1134 3214 γεν
1174 3154 1292 3202 αὐτὸ
1335 3155 1457 3203 καθ’
1491 3175 1631 3202 εαυτο
1673 3155 1722 3201 τὸ
1766 3161 1899 3224 σῶμα

1050 3214 1324 3283 γεγονέναι,
1348 3215 1503 3283 χωρὶς
1535 3213 1587 3259 δε
1617 3211 1706 3271 τὴν
1736 3211 1900 3271 ψυχὴν

1056 3267 1148 3315 ἀπὸ
1181 3273 1264 3315 τοῦ
1296 3286 1509 3322 σωματος
1522 3266 1898 3340 απαλλαγεῑσαν

1056 3323 1211 3382 αὐτὴν
1250 3325 1370 3372 καθ’
1414 3325 1570 3385 αὐτὴν
1611 3334 1750 3371 εἰναι.
1792 3326 1896 3382 Epi-

1056 3386 1212 3428 eharm.
1234 3401 1301 3452 §.lp
1321 3387 1438 3427 Sext.
1452 3388 1617 3456 Empir.
1641 3388 1736 3428 adv
1768 3385 1894 3427 Math.

1058 3445 1085 3484 1.
1110 3445 1191 3483 273
1219 3437 1495 3484 αποθανειν
1524 3458 1552 3497 η
1578 3436 1811 3484 τεθνάναι
1835 3433 1895 3482 οὔ

1054 3511 1131 3552 μοι
1152 3495 1389 3551 διαφέρει.
