2158 3718
535 195 1048 248 SYMPosmM.
1089 212 1136 262 p.
1180 195 1283 245 190
1313 194 1388 249 St.
1738 197 1807 247 83

1184 275 1189 301 ι

116 363 327 414 γαντας
370 339 810 416 κεραυνώσαντες
853 338 917 397 τὸ
960 345 1119 412 γένος
1161 337 1501 414 ἀφανίσαιεν
1522 343 1683 394 -αὶ
1726 362 1807 395 τι-

114 431 216 499 μαὶ
257 425 367 500 γὰρ
410 425 603 491 αὐτοῖς
644 428 738 482 καὶ
780 423 849 480 τὰ
906 422 1025 496 ἱερὰ
1069 419 1145 480 τὰ
1177 419 1346 497 χπαραὶ
1402 424 1515 479 τῶν
1569 422 1806 500 ἀνθρώ-

114 533 235 568 πων
278 506 578 588 ἠφανίζετο
607 543 695 553 -—
728 506 868 566 οὔθ’
917 506 1068 573 ὅπως
1107 508 1243 578 ἑῷεν
1284 505 1650 577 ἀσελγαίνειν.
1698 508 1805 580 μό-

112 618 198 666 γις
239 593 304 664 δὴ
349 592 380 651 ὁ
423 591 560 660 Ζεὺς
603 592 869 662 ἐννοήσας
921 596 1084 663 λέγει,
1140 589 1229 648 ὅτι
1291 594 1447 648 Δοκῶ
1502 613 1628 663 μοι,
1684 597 1804 670 ἔφη,

115 684 252 752 ἔχειν
291 676 558 750 μηχανήν,
607 677 680 744 ὡς
705 675 776 733 ἂν
810 676 913 735 εἶέν
946 699 1003 734 τε
1030 672 1338 747 ἄνθρωποι
1367 674 1801 735 καὶπαύσαιντο

112 765 213 831 τῆς
249 761 556 827 ἀκολασίας
616 762 1011 833 ἀσθενέστεροι
1053 758 1355 831 γενόμενοι.
1400 762 1504 815 νῦν
1542 764 1644 830 μὲν
1685 759 1794 836 γὰρ

113 844 351 913 αὐτούς,
409 850 543 923 ἔφη,
603 849 839 918 διατεμῶ
901 849 1024 918 δίχα
1068 850 1330 910 ἕκαστον,
1387 846 1480 900 καὶ
1535 841 1656 916 ἅμα
1698 849 1802 916 μὲν

111 929 508 1005 ἀσθενέστεροι
549 936 784 996 ἔσονται,
828 927 949 1002 ἅμα
992 932 1048 985 δὲ
1088 925 1487 1001 χρησιμώτεροι
1529 924 1663 998 ἡμῖν
1705 929 1799 985 διά

111 1012 175 1071 τὸ
206 1019 431 1081 πλείους
490 1013 591 1071 τὸν
646 1011 906 1085 ἀριθμὸν
958 1020 1271 1083 γεγονέναι·
1333 1015 1427 1067 καὶ
1469 1014 1802 1083 βαδιοῦνται

110 1097 288 1174 ὀρθοὶ
329 1102 419 1156 ἐπὶ
463 1101 618 1156 δυοῖν
641 1102 875 1155 σκελοῖν.
920 1095 1021 1153 ἐὰν
1064 1095 1113 1152 δ’
1165 1099 1246 1151 ἔτι
1270 1098 1505 1152 δοκῶσιν
1547 1094 1800 1168 ἀσελγαί-

224 1276 277 1319 Ι).
309 1276 397 1317 ἐπί
425 1275 584 1317 δυοῖν
617 1274 866 1329 σκελοῖν]
899 1274 995 1316 δυσὶ
1024 1274 1126 1349 Pssr.
1159 1274 1259 1316 DK.
1290 1274 1384 1316 vat.
1417 1288 1459 1330 p.

225 1359 330 1403 ἐὰν
359 1359 401 1404 6?
434 1361 532 1402 ἔτι
561 1360 588 1402 δ
607 1373 631 1401 o
651 1361 711 1416 κ.]
746 1360 820 1402 Sic
851 1360 953 1403 Par.
984 1361 1037 1403 K.
1070 1359 1171 1402 vat.
1200 1373 1240 1413 p.
1275 1372 1308 1400 s.
1344 1358 1472 1401 Stob.
1533 1360 1674 1414 Vulgo
1706 1367 1799 1404 erat

109 1417 182 1461 ἐὰν
210 1419 259 1461 δέ
285 1436 346 1472 τι,
375 1418 493 1472 quod
526 1418 610 1460 iam
641 1416 848 1471 Stephan.
880 1416 1133 1460 mutandum
1165 1416 1282 1459 vidit.
1317 1416 1423 1458 Dein
1453 1419 1641 1460 θέλωσιν
1669 1418 1799 1463 Bodl.

113 1477 210 1519 Vat.
240 1474 294 1519 A.
326 1476 451 1519 Vind.
485 1473 527 1519 2.
561 1475 659 1517 Par.
694 1474 796 1518 DK.
830 1477 937 1530 Ang.
966 1489 1016 1518 w.
1050 1475 1148 1516 Vat.
1178 1489 1219 1529 p.
1251 1479 1295 1517 et
1329 1487 1395 1528 pr.
1433 1474 1542 1517 Veu.
1572 1476 1619 1519 Ξ.
1674 1475 1796 1520 Unde

49 1581 60 1601 Ι
111 1533 313 1577 Baiterus
346 1532 509 1576 effinxit
535 1531 596 1588 μὴ
623 1529 839 1575 'camum

114 1662 179 1705 fra
207 1661 272 1705 E:
314 1660 448 1714 ὥςπερ
481 1660 536 1703 τὰ
572 1658 802 1703 σύσπαστα
830 1663 929 1720 βαι-χ

111 1718 280 1766 idum.
304 1726 347 1762 et
364 1734 408 1774 p.
424 1719 526 1764 210.
549 1719 606 1761 D:
640 1717 774 1772 ὥςπερ
804 1720 911 1760 οἰκέ-

111 1793 211 1833 της,
239 1776 413 1833 ἀγαπῶν
432 1776 669 1832 παιδαρίου
698 1773 852 1826 κάλλος
873 1793 909 1818 κ.

110 1852 150 1878 τ.
183 1837 221 1877 λ.
686 1839 688 1841 ’

169 1893 227 1933 αἱ
254 1891 425 1947 τιμαὶ
453 1890 553 1947 γὰρ
577 1913 623 1922 -
653 1889 910 1944 ἠφανίζε-

110 1967 136 1992 τ
159 1949 222 2004 ο]
279 1950 387 1994 Quis
426 1949 495 1991 hic
530 1962 615 1991 non
655 1948 911 1990 recordatur

115 2008 271 2050 Avium
305 2006 626 2061 Aristophanis,
657 2006 698 2047 in
728 2019 811 2059 qua
842 2005 908 2047 fa-

114 2066 217 2107 bula
246 2066 427 2119 Iupiter,
460 2077 514 2106 ne
544 2063 662 2105 fame
691 2063 749 2104 dii
781 2076 906 2117 pere-

111 2127 200 2175 ant,
216 2122 446 2176 imperium
462 2122 610 2163 avibus
625 2119 798 2162 tradere
810 2133 910 2161 nar-

111 2184 250 2221 ratur.
312 2177 518 2220 Ceterum
562 2177 677 2230 quod
721 2178 909 2218 Aetius

114 2236 155 2278 in
183 2235 258 2278 =his
309 2234 363 2276 ἂν
410 2235 620 2277 excidisse
670 2235 911 2288 suspicatus

114 2298 208 2344 est,
248 2293 372 2335 nobis
414 2292 589 2345 quidem
632 2305 683 2334 ea
724 2292 910 2345 suspicio

111 2363 219 2392 vana
249 2354 295 2392 et
322 2350 457 2391 inanis
478 2349 658 2390 videtur.
690 2348 799 2390 Nam
831 2361 908 2390 ao-

111 2408 240 2450 ristus
285 2412 329 2448 et
375 2406 674 2459 imperfectum
727 2405 817 2447 sine
858 2405 909 2446 ἂν

113 2465 323 2520 particula
351 2465 538 2526 positum
578 2463 619 2504 in
658 2463 819 2504 talibus
851 2463 908 2504 si-

116 2523 289 2576 gnificat
319 2526 440 2563 certo
478 2525 521 2562 et
559 2519 668 2562 haud
701 2519 828 2561 dubie
859 2534 909 2562 ac

113 2580 203 2620 sine
225 2580 309 2620 ulla
330 2578 574 2620 conditione
591 2577 750 2630 aliquid
773 2577 906 2619 fuisse

116 2636 333 2680 futurumt
388 2635 621 2678 accedente
665 2638 811 2676 autem
855 2633 907 2675 ἂν

115 2693 328 2748 particula
358 2691 620 2734 conditionis
651 2695 695 2733 et
725 2690 908 2733 modali-

114 2750 245 2801 tatis,
285 2763 413 2804 quam
454 2754 611 2800 vocant
655 2747 908 2803 philosophi,

113 2807 281 2849 accedit
299 2807 482 2858 notatio,
511 2807 564 2847 ab
587 2805 668 2847 hoc
690 2807 784 2847 loco
807 2818 910 2860 pae-

115 2877 170 2906 ne
200 2865 351 2907 aliena.
393 2864 610 2908 Quocirca
638 2875 721 2904 non
749 2867 914 2905 tantum

109 2924 248 2976 χρῆν,
301 2921 411 2971 ἔδει,
454 2924 685 2974 προςῆκεν,
726 2924 774 2962 ut
814 2920 912 2962 Lat.

116 2977 438 3030 oportebat,
469 2976 721 3026 decebat,
754 2976 915 3018 debe-

115 3035 268 3086 bam,
312 3033 372 3074 ita
413 3036 662 3085 usurpatum
705 3037 796 3084 est,
836 3032 914 3075 sed

118 3092 250 3134 multa
280 3090 362 3131 alia
391 3089 549 3141 verba,
593 3088 801 3142 imprimis
843 3102 911 3140 ea,

119 3161 230 3202 quae
265 3150 414 3188 natura
456 3158 532 3186 sua
578 3146 796 3186 continent
834 3146 912 3187 ali-

116 3216 245 3260 quam
260 3203 528 3246 necessitatis
543 3201 912 3254 significationem.

117 3263 268 3315 Itaque
299 3259 382 3303 huc
413 3260 628 3314 pertinent
653 3259 779 3300 talia:
810 3258 912 3301 Xe-

118 3332 191 3361 no
214 3332 240 3373 p
264 3317 306 3360 h.
355 3317 492 3360 Anab.
532 3315 623 3357 vn.
655 3314 699 3366 7,
728 3313 808 3358 40:
845 3316 912 3355 al-

118 3375 252 3431 σχρόν
281 3370 335 3427 ἤν
364 3369 417 3416 τὰ
448 3375 524 3428 μὲν
554 3370 635 3427 ἔμά
670 3372 913 3426 διαπεπρᾶ-

84 3428 90 3444 ”
115 3436 244 3485 κθαι.
271 3432 314 3475 Χ
331 3444 392 3476 en
406 3444 432 3474 0
446 3444 472 3485 p
488 3430 525 3473 h.
557 3429 673 3472 nen.
696 3429 751 3472 11.
772 3429 815 3483 3,
833 3427 911 3473 412

992 1660 1085 1713 ἐξῆν
1108 1665 1252 1702 ταῦτα
1269 1664 1419 1704 ποιεῖν.
1450 1661 1609 1704 Plato
1628 1660 1682 1704 de
1698 1661 1794 1708 Re-

995 1718 1110 1772 publ.
1134 1717 1185 1759 V.
1209 1717 1359 1771 p.450.
1378 1718 1436 1759 D:
1479 1718 1612 1765 καλῶς
1644 1718 1732 1772 εἶχε
1763 1719 1787 1773 ἤ

992 1775 1275 1829 παραμυθία.
1307 1774 1346 1816 L
1361 1787 1387 1815 u
1400 1788 1424 1816 c
1439 1775 1451 1816 i
1464 1788 1487 1816 a
1499 1788 1539 1816 n.
1572 1776 1796 1818 Piscator.-

992 1846 1031 1886 p.
1065 1832 1158 1876 118.
1183 1831 1236 1872 Τ.
1264 1831 1336 1872 111.
1368 1831 1579 1886 ed.Bip.=
1610 1831 1789 1888 ἄριστον

995 1884 1061 1941 ἤν.
1098 1889 1194 1931 Pla
1210 1893 1240 1929 t.
1269 1887 1526 1940 Euthydem.
1543 1903 1583 1943 p.
1603 1887 1701 1933 304.
1725 1891 1786 1932 D:

993 1945 1064 1987 καὶ
1082 1944 1186 2001 μήν,
1217 1946 1312 2000 ἔφη,
1343 1943 1466 1989 ἄξιόν
1495 1943 1537 2000 γ’
1572 1940 1623 1999 ἧν
1653 1945 1785 1989 ἀκοῦ-

992 2020 1079 2045 σαι.
1109 2001 1384 2056 Aristoph.
1415 2002 1557 2046 Nubb.
1579 2017 1617 2045 v.
1647 2003 1782 2048 1213:

990 2065 1185 2116 κρεῖττον
1213 2054 1277 2112 ἧν.
1319 2059 1358 2100 L
1377 2073 1405 2113 y
1429 2073 1450 2101 s
1469 2061 1483 2102 i
1503 2074 1527 2103 a
1547 2074 1568 2101 s
1597 2073 1634 2103 c.
1666 2059 1784 2105 The-

993 2122 1181 2163 omnest.
1201 2131 1241 2171 p.
1270 2115 1366 2162 149.
1387 2117 1455 2161 ed.
1475 2117 1623 2162 Brem.
1642 2123 1783 2172 κρεῖτ-

991 2191 1070 2217 τον
1117 2175 1160 2216 δὲ
1202 2168 1257 2227 ἤν
1301 2172 1419 2230 αὐτῷ
1461 2172 1564 2216 τότε
1600 2174 1784 2216 ἀποθα-

994 2238 1091 2274 νεῖν.
1134 2233 1278 2273 Plat.
1312 2231 1528 2273 Charmid.
1553 2246 1594 2286 p.
1621 2233 1789 2276 1713:

994 2288 1022 2330 δ’
1059 2305 1105 2330 τι
1134 2287 1402 2344 πράττοντες
1440 2287 1588 2343 ὀρθῶς
1616 2289 1792 2344 ἔμελλον

991 2345 1178 2446 ’,ἶὲῗῖῒὲΐ
1197 2344 1619 2457 ῥὶῗέἐέἰιῗὲἷὴῗ·
1639 2346 1795 2457 {2233

993 2459 1183 2516 εἱλόμην.
1231 2460 1383 2514 ltaque
1413 2458 1525 2502 hunc
1555 2462 1695 2503 locum
1729 2461 1792 2502 sic

993 2517 1310 2573 interpreterisz
1359 2529 1473 2559 nam
1510 2517 1590 2559 ita
1637 2517 1790 2560 sutu-

993 2588 1057 2617 ru
1079 2589 1121 2618 m
1153 2588 1258 2617 era
1277 2579 1319 2626 t,
1369 2579 1428 2616 ut
1467 2573 1699 2617 honores
1737 2579 1791 2618 et

991 2645 1012 2673 s
1033 2646 1098 2674 ac
1120 2632 1234 2674 rifi
1256 2632 1306 2673 ci
1327 2644 1352 2672 a
1387 2631 1449 2673 ab
1480 2630 1790 2674 hominibus

993 2690 1180 2732 oblata
1226 2694 1655 2731 evanescerent:
1700 2690 1789 2732 vel

993 2760 1097 2788 non
1127 2749 1390 2800 poterant
1419 2757 1522 2787 non
1555 2745 1789 2789 honores

997 2809 1051 2846 et
1080 2803 1379 2845 sacrificia
1422 2816 1793 2846 evanescere.

997 2860 1190 2903 Eandem
1222 2860 1349 2903 habet
1373 2860 1702 2914 explicationem
1723 2862 1791 2902 lo-

998 2931 1074 2959 cus
1107 2916 1393 2971 T'hucyd.
1428 2917 1538 2959 Vlll.
1569 2917 1648 2963 86:
1680 2919 1724 2958 ἐν
1757 2908 1791 2973 ᾧ

998 2976 1250 3029 σαφέστατα
1264 2974 1427 3016 Ἰωνίαν
1445 2974 1517 3015 καὶ
1528 2970 1791 3026 Ἑλλήσπον-

997 3046 1075 3073 τον
1103 3030 1244 3081 εὐθὺς
1277 3031 1396 3083 εἶχον
1426 3032 1469 3072 οἱ
1493 3032 1715 3084 πολέμιοι,
1748 3029 1787 3071 h.

999 3101 1037 3130 e.
1068 3101 1171 3130 non
1207 3094 1436 3144 poterat
1467 3089 1638 3130 aliter
1665 3086 1791 3138 quin

997 3147 1182 3188 statim
1215 3150 1478 3188 tenerent
1506 3144 1712 3186 Ioniam
1738 3147 1794 3183 et

996 3202 1199 3246 Helles
1220 3206 1456 3257 pontum.
1502 3214 1539 3240 v.
1585 3199 1668 3240 Ge
1690 3210 1793 3239 rn-

997 3257 1139 3304 hard.
1182 3260 1366 3302 Excurs.
1408 3257 1441 3297 1.
1483 3256 1536 3297 ad
1571 3254 1795 3296 Ciceronis

995 3315 1205 3359 Laelium.
1238 3316 1307 3358 Cf.
1337 3314 1462 3356 etiam
1487 3316 1629 3353 annot.
1664 3311 1718 3353 ad
1752 3325 1794 3364 p.

1001 3373 1097 3418 198.
1125 3374 1174 3416 C.
1207 3374 1314 3415 Dein
1345 3369 1475 3426 μόγις
1505 3374 1573 3412 est
1602 3368 1791 3421 tandem,

997 3443 1127 3484 aegre
1157 3430 1344 3473 tandem·

1354 3495 1452 3546 6*
