2222 3762
291 179 694 235 PLATONIS
732 177 1228 233 APOLOGIAM
1264 177 1667 234 SOCRATIS.
1765 181 1828 232 31

129 324 428 396 ingeniosis
476 320 931 375 adolescentibus.
1020 321 1218 391 Neque
1279 321 1421 373 enim
1480 320 1538 372 in
1599 320 1833 373 obscuro

129 397 299 449 latere
348 400 569 464 poterat
618 393 721 446 viri
775 393 1066 465 singularis
1116 393 1306 446 virtuS.
1381 392 1577 461 Itaque
1615 391 1833 445 soboles

130 466 504 533 Athenarum,
543 464 810 534 principis
846 465 1088 533 urbium,
1129 483 1283 531 eum,
1337 471 1401 516 ut
1438 481 1562 516 cum
1598 462 1831 516 Horatio

129 539 445 607 loquamur,
497 534 723 606 dignata
781 543 863 588 est
898 555 1102 607 ponere
1138 535 1280 588 inter
1316 535 1512 588 choros
1549 533 1834 586 doctorum

130 609 426 676 nobilium,
478 607 555 659 ita
604 614 667 659 ut
717 626 839 659 eum
901 606 1301 661 studiosissime
1339 612 1656 659 sectaretur.
1730 604 1836 657 Est

132 681 284 733 enim'
312 679 593 746 iuventuS,
644 678 774 731 licet
820 679 1004 732 multis
1043 681 1204 748 saepe
1245 677 1579 748 opprimatur
1618 676 1834 745 praeiu-

133 751 329 804 dicatis
385 749 764 821 opinionibUS,
809 758 992 802 tamen
1035 750 1165 802 item
1212 747 1507 818 proclivior
1557 746 1628 799 ad
1665 765 1835 818 agno-

132 821 361 876 scendas
386 822 620 874 virtutes
645 821 869 891 ingenii,
905 821 1079 888 sicubi
1102 819 1562 891 exsplendescunt
1597 818 1835 871 insolen-

132 894 258 947 tius.
345 892 554 947 Sectati
605 892 775 964 igitur
829 899 956 944 sunt
1003 892 1290 945 hominem.
1335 889 1726 962 pauperculum
1772 907 1836 941 ac

132 984 306 1036 prope
365 963 670 1017 famelicum
727 962 1115 1016 adolescentes¹
1164 962 1503 1015 nobilissimi.
1588 960 1838 1027 Quorum

132 1045 316 1090 tamen
351 1035 496 1088 vitae
521 1052 712 1091 cursus
753 1053 919 1102 quum
946 1052 1108 1103 saepe
1133 1033 1221 1086 vel
1247 1040 1469 1103 propter
1495 1032 1838 1084 nobilitatem

133 1127 198 1161 ac
232 1106 463 1159 'divitias
513 1111 659 1158 esset
694 1105 937 1157 lubricus
975 1105 1284 1174 multasque
1334 1103 1563 1156 haberet
1609 1121 1641 1154 a
1688 1109 1839 1154 recta

131 1179 224 1232 via
261 1176 570 1230 declinandi
609 1176 1062 1247 opportunitates,
1100 1176 1306 1228 factum
1344 1182 1447 1242 est,
1488 1172 1636 1243 quod
1672 1172 1837 1225 hodie

134 1267 351 1320 quoque
391 1247 512 1300 fieri
548 1247 767 1314 assolet,
806 1254 870 1299 ut
904 1246 1048 1299 inter
1075 1265 1169 1300 eos
1210 1247 1373 1299 etiam
1410 1245 1707 1298 existerent
1745 1244 1839 1313 qui

133 1326 425 1392 peccarent
461 1319 680 1388 publice
720 1318 939 1390 gravius
979 1337 1151 1387 eoque
1189 1318 1453 1389 magistro
1491 1316 1715 1387 optimo,
1753 1317 1837 1367 in-

135 1392 330 1446 scienti
358 1390 578 1460 quidem
628 1389 708 1441 illi
745 1408 846 1443 nec
883 1389 1109 1458 volenti,
1146 1389 1344 1442 malam
1382 1389 1579 1440 famam
1618 1406 1838 1457 compa-

133 1470 335 1516 rarent.
409 1462 562 1514 Inter
595 1480 732 1531 quos
770 1461 1017 1532 inprimis
1053 1461 1396 1514 eminuerunt
1421 1457 1624 1512 Critias
1664 1465 1718 1511 et
1738 1458 1839 1511 Al-

136 1533 406 1601 cibiadeS,
460 1552 690 1602 quorum
738 1533 872 1585 vitia
918 1552 986 1584 ex
1032 1531 1322 1603 disciplina
1378 1530 1662 1586 Socratica
1719 1537 1842 1582 orta

135 1610 257 1659 esse
294 1605 610 1658 ferebantur
646 1604 727 1673 ²⁸),
778 1603 909 1656 licet
954 1622 1042 1657 res
1091 1604 1262 1657 multo
1304 1623 1360 1656 se
1400 1601 1629 1655 haberet
1665 1601 1838 1654 aliter.

135 1676 359 1730 Etenim
396 1674 596 1728 Critias
635 1674 883 1745 quidem,
934 1674 1098 1728 homo
1137 1673 1632 1747 ingeniosissimuS,
1674 1691 1841 1742 quum

140 1755 287 1801 esset
325 1746 549 1814 doctuS,
603 1746 867 1816 eloquens
920 1753 975 1799 et
1022 1745 1321 1801 Socraticis
1377 1743 1842 1816 disputationibus

139 1817 385 1872 eruditus
437 1816 687 1889 (Cicer.
739 1816 894 1871 Orat.
933 1817 1042 1870 III.
1083 1819 1226 1887 340,
1279 1817 1628 1887 quamobrem
1678 1814 1840 1867 etiam

139 1910 170 1943 a
206 1890 439 1943 Platone
474 1890 531 1942 in
570 1889 794 1941 Timaeo
835 1897 889 1942 et
930 1888 1124 1958 Critia,
1166 1889 1262 1959 qui
1295 1889 1468 1960 ipsius
1506 1887 1722 1940 nomine
1757 1887 1842 1938 in-

140 1962 375 2032 scriptus
413 1968 515 2029 est,
554 1960 1104 2014 honorificentissime
1141 1961 1388 2028 habetur,
1426 1967 1609 2012 tamen
1645 1964 1844 2028 postea

139 2033 235 2086 ubi
283 2031 355 2085 ad
402 2033 680 2086 maiorem'
724 2031 996 2100 quandam
1058 2033 1115 2085 in
1179 2032 1397 2085 civitate
1459 2030 1842 2083 auctoritatem

139 2110 490 2174 pervenerat,
563 2103 882 2172 disciplinae
935 2102 1250 2157 Socraticae
1304 2103 1611 2169 immemor,
1679 2100 1841 2152 homo

141 2175 412 2228 violentus
450 2175 649 2241 extitit,
697 2181 752 2225 et
788 2174 992 2226 relictis
1034 2174 1396 2227 democratiae
1434 2172 1702 2243 partibuS,
1740 2190 1842 2240 po-

141 2246 346 2327 pularis
394 2245 606 2315 imperii
644 2243 989 2297 adversarius
1041 2245 1216 2298 factus
1270 2252 1352 2298 est
1378 2244 1726 2310 acerrimus,
1780 2248 1843 2294 ut

142 2323 285 2369 mter
321 2315 544 2387 triginta
578 2323 841 2387 tyrannos
879 2315 1202 2369 crudelitate
1250 2335 1313 2368 ac
1349 2314 1576 2368 saevitia
1612 2313 1843 2366 maxime

146 2389 424 2455 emineret,
463 2386 707 2455 adeoque
746 2393 860 2438 tum
898 2385 1131 2455 Socrati,
1173 2385 1321 2456 quod
1357 2387 1404 2440 is
1440 2393 1656 2455 turpem
1694 2403 1842 2437 amo-

143 2464 257 2511 rem
305 2459 356 2511 ei
414 2458 860 2528 exprobraverat,
930 2465 1044 2511 arte
1112 2457 1333 2511 dicendi
1392 2456 1612 2527 publice
1675 2455 1843 2508 inter-

145 2529 322 2598 dicta,
371 2548 482 2582 non
531 2527 692 2582 modo
742 2529 1022 2600 negotium
1067 2529 1394 2595 facesseret,
1444 2547 1632 2580 verum
1679 2526 1843 2580 etiam

142 2608 373 2654 mortem
421 2600 729 2653 minaretur.
774 2620 827 2652 v.
866 2600 1181 2671 Xenoph.
1219 2600 1386 2654 Mem.
1426 2598 1472 2652 I.
1512 2599 1573 2666 2,
1614 2600 1682 2652 32
1719 2617 1841 2667 sqq.

143 2673 266 2727 Nec
303 2690 432 2726 vero
473 2672 970 2742 publicaetantum
997 2672 1261 2725 libertatis
1289 2690 1415 2725 osor
1439 2669 1843 2724 crudelissimus

143 2744 276 2812 fuit,
329 2743 483 2796 cuius
537 2742 649 2796 odii
698 2761 904 2813 poenas
951 2750 1124 2796 morte
1160 2743 1265 2796 luit
1300 2762 1332 2796 a
1368 2744 1490 2796 403.
1529 2761 1578 2794 a.
1617 2739 1746 2794 Chr.
1785 2741 1843 2793 in

144 2834 332 2886 pugna
370 2821 560 2867 contra
586 2813 990 2884 Thrasybulum
1029 2814 1105 2883 (v.
1146 2814 1461 2885 Xenoph.
1498 2811 1646 2866 Hell.
1672 2812 1747 2865 II.
1787 2815 1840 2880 4,

150 2887 282 2956 19.)‚
322 2904 509 2938 verum
546 2885 708 2937 etiam
747 2885 971 2938 deorum
1010 2892 1311 2939 contemtor
1346 2887 1523 2938 factus
1562 2892 1661 2937 est.
1734 2885 1842 2936 Ar·

147 2957 332 3028 guitur
378 2955 520 3009 enim
573 2975 604 3008 a
650 2957 1008 3027 scriptoribus
1077 2956 1207 3011 deos
1259 2957 1476 3010 omnino
1536 2955 1843 3026 negavisse.

146 3029 235 3082 De
275 3046 383 3098 qua
417 3045 475 3078 re
514 3026 704 3079 aud-ias
742 3035 956 3098 praeter
1004 3027 1138 3082 alios
1190 3027 1475 3083 Sextum
1511 3027 1629 3080 Em
1683 3066 1695 3078 .
1749 3024 1844 3078 ad-

147 3118 287 3152 vers.
334 3097 557 3170 Physic.
603 3118 660 3168 p.
700 3100 803 3152 562
853 3098 937 3151 ed.
989 3099 1152 3152 Fabr.
1198 3119 1292 3147 τε
1331 3119 1386 3170 p.
1426 3100 1543 3156 558.
1657 3096 1726 3151 ol.
1765 3096 1843 3150 II.

151 3169 237 3223 ed.
275 3170 428 3240 Lips.
483 3173 571 3222 καὶ
611 3171 848 3241 Κριτίας
891 3174 950 3224 δὲ
989 3169 1066 3233 εἷς
1102 3171 1212 3224 τῶν
1249 3176 1306 3224 ἐν
1340 3168 1610 3234 Ἀθήναις
1648 3188 1842 3238 τυραν-

206 3399 253 3449 *)
283 3398 397 3438 conf.
428 3387 838 3448 Xen‹›ph.⁴Mem.
874 3398 905 3439 l.
940 3399 982 3448 2,
1019 3398 1080 3440 12.
