2158 3718
335 178 406 228 90
947 179 1360 232 PLATONIS

334 318 466 389 στὴς
519 327 786 393 γίγνεται,
843 322 930 379 ἀεὶ
983 321 1047 380 τὸ
1107 324 1354 395 ξυγγενὲς
1412 325 1810 400 ἀσπαζόμενος.
1865 326 2006 386 ὅταν

330 410 432 479 μὲν
477 400 579 465 οὖν
631 412 722 464 καὶ
781 406 934 478 αὐτῷ
988 412 1173 478 ἐκείνῳ
1225 406 1417 488 ἐντύχῃ
1469 415 1548 482 τῷ
1608 410 1786 470 αὑτοῦ
1827 410 2008 486 ἡμίσει

333 495 424 547 καὶ
468 490 498 548 ὁ
543 490 911 562 παιδεραστής
953 494 1046 547 καὶ
1089 488 1259 558 ἄλλος
1299 495 1425 558 πᾶς,
1468 494 1594 551 τότε
1638 500 1731 552 καὶ
1775 500 2007 570 θαυμα-

241 586 283 637 c
329 573 434 632 στα
477 573 875 644 ἐκπλήττονται
916 578 1077 648 φιλίᾳ
1127 597 1185 632 τε
1229 581 1323 632 καὶ
1368 578 1658 648 οἰκειότητι
1699 585 1794 637 καὶ
1835 585 2005 653 ἔρωτι,

333 659 433 715 οὐκ
477 663 794 724 ἐθέλοντες,
851 655 923 723 ὡς
964 662 1095 724 ἔπος
1149 666 1333 725 ειπεῖν,
1372 666 1708 734 χωρίζεσθαι
1751 663 2007 733 ἀλλήλων

330 744 457 800 οὐδὲ
498 740 729 816 σμικρὸν
768 740 993 815 χρόνον.
1039 747 1132 800 καὶ
1178 750 1232 800 οἱ
1264 749 1636 813 διατελοῦντες
1660 749 1779 820 μετ’
1830 748 2005 818 ἀλλή-

326 832 436 883 λων
480 826 571 884 διὰ
615 829 740 898 βίου
785 829 946 883 οὑτοί
987 834 1150 895 εἰσιν,
1210 833 1263 885 οἳ
1307 827 1430 886 οὐδ’
1488 853 1562 886 αν
1604 837 1775 903 ἔχοιεν
1817 840 2005 901 εἰπεῖν,

327 909 356 967 ὅ
400 933 452 967 τι
494 911 796 983 βούλονται
837 916 992 985 σφίσι
1033 911 1168 986 παρ’
1221 912 1477 982 ἀλλήλων
1516 919 1829 987 γίγνεσθαι.
1873 917 2004 974 οὐδὲ

325 993 434 1068 γὰρ
475 994 549 1052 ἂν
587 994 753 1063 δόξειε
797 994 948 1051 τοῦτ’
1001 993 1141 1052 εἶναι
1185 996 1220 1066 ἡ
1264 1001 1377 1053 τῶν
1422 997 1766 1075 ἀφροδισίων
1805 1021 2003 1058 συνου-

324 1084 432 1146 σία,
476 1079 549 1147 ὡς
589 1077 700 1151 ἄρα
746 1079 948 1136 τούτου
991 1085 1147 1136 ἕνεκα
1188 1089 1370 1155 ἕτερος
1412 1088 1576 1156 ἑτέρῳ
1611 1090 1791 1157 χαίρει
1833 1083 2011 1153 ξυνὼν

328 1161 501 1230 οὕτως
545 1168 632 1220 ἐπὶ
674 1165 914 1237 μεγάλης
939 1169 1214 1234 σπουδῆς·
1258 1165 1383 1222 ἀλλ’
1435 1166 1573 1223 ἄλλο
1611 1190 1664 1224 τι
1696 1172 2007 1243 βουλομένη

235 1241 294 1292 D·
332 1255 592 1322 ἑκατέρου
640 1246 671 1317 ἡ
716 1247 867 1326 ψυχὴ
912 1247 1050 1318 δήλη
1095 1255 1265 1317 ἐστίν,
1320 1249 1351 1307 ὃ
1414 1250 1479 1308 οὐ
1525 1249 1761 1310 δύναται
1820 1260 2009 1327 εἰπεῖν,

329 1331 471 1389 ἀλλὰ
512 1330 839 1406 μαντεύεται
894 1331 923 1389 ὃ
977 1331 1234 1404 βούλεται
1288 1337 1381 1391 καὶ
1436 1340 1754 1394 αἰνίττεται.
1811 1342 1904 1394 mi.
1960 1345 2008 1395 εὶ

331 1418 525 1484 αὐτοῖς
566 1425 625 1475 ὲν
661 1421 738 1490 τῷ
781 1417 932 1490 αὐτῷ
976 1424 1387 1492 κατακειμένοις
1437 1418 1663 1487 ἐπιστὰς
1719 1419 1750 1478 ὁ
1786 1419 2014 1500 ”Ηφαι-

448 1585 498 1627 C.
557 1580 811 1637 οὐδὲ-γὰρ
841 1581 905 1624 ἂν
934 1579 1138 1639 δόξειε]
1172 1582 1293 1626 οἰδὲν
1311 1583 1443 1626 Coisl.
1465 1584 1558 1626 vat.
1575 1584 1626 1626 A.
1653 1585 1777 1628 vind.
1797 1589 1834 1632 l.
1848 1585 1889 1631 2.
1902 1587 2008 1630 Par.

333 1642 485 1686 DEK.
509 1646 617 1696 Ang.
629 1655 680 1683 w.
703 1641 796 1682 Vat.
813 1653 852 1682 n.
869 1653 954 1695 p..r
969 1653 1002 1682 s,
1021 1640 1126 1683 Ven.
1137 1647 1171 1682 t.
1190 1641 1304 1683 Flor.
1322 1655 1359 1683 a.
1377 1643 1501 1683 b.c.
1489 1656 1567 1686 1.11.
1595 1648 1638 1686 et
1658 1657 1723 1698 pr.
1749 1644 1823 1687 Pr.
1846 1644 1897 1686 F.

444 1702 605 1774 ἑτέρῳ
636 1698 844 1752 χαίρει]
874 1698 1039 1757 χαίρειν
1061 1698 1186 1741 Bodl.
1212 1699 1309 1742 vat.
1330 1699 1382 1740 A.
1407 1699 1529 1741 Vind.
1544 1699 1584 1744 2.
1612 1703 1780 1756 Ang.w.
1801 1701 1967 1745 vitiose.

424 1760 499 1802 D.
553 1775 585 1799 ω
616 1755 934 1830 ανθρωποι]
965 1759 997 1796 ὠ
1030 1769 1116 1798 om.
1145 1757 1244 1798 Par.
1266 1757 1318 1799 Κ.
1339 1757 1432 1798 Vat.
1458 1771 1500 1812 p.

446 1834 468 1857 ο
500 1831 555 1857 τι
582 1813 819 1869 μάλιστα
853 1810 1192 1868 ἅλλήλοις]ὃ’
1217 1830 1261 1854 τι
1281 1813 1381 1856 add.
1403 1814 1528 1857 ΒοάΙ.
1554 1815 1689 1858 Coisl.
1708 1815 1807 1858 vat.
1826 1813 1876 1858 A.
1901 1816 2008 1859 Ven-

249 1883 252 1886 ’
334 1872 381 1918 Ξ.
398 1872 522 1915 vind
529 1873 571 1918 2.
583 1873 623 1916 7.
647 1874 753 1926 Ang.
768 1884 816 1913 w.
842 1871 938 1913 Vat.
954 1883 992 1913 n.
1003 1885 1043 1925 p.
1066 1871 1214 1914 Ven.t.
1227 1871 1339 1914 Flor.
1355 1885 1393 1913 a.
1410 1872 1534 1915 b.c.1.
1551 1885 1591 1914 n.
1618 1879 1662 1916 et
1680 1886 1816 1927 marg.
1847 1874 1947 1917 Par.
1961 1873 2014 1915 F.

447 1931 501 1974 Ε.
558 1932 730 1973 ἐθέλω
760 1928 895 1983 ὑμᾶς
925 1928 1211 1983 συντῆξαι]
1254 1929 1364 1971 θέλω
1398 1929 1492 1971 vat.
1514 1927 1566 1974 A.
1589 1931 1695 1974 Ven-
1710 1931 1755 1975 2.
1789 1932 1883 1973 Par.
1900 1931 2012 1973 D·K.

338 1991 446 2044 Ang.
460 2003 510 2032 w.
533 1989 661 2042 Vat.p
668 1992 742 2029 ,οἵ
761 1999 825 2040 pr.
845 1987 950 2028 ven.
963 1985 1008 2028 Ξ.
1052 1987 1159 2029 Dein
1190 1991 1478 2041 συμφυσῆσαι,
1518 1989 1801 2041 conflare,
1835 1988 1930 2031 vat.
1955 1986 2009 2031 A.

337 2047 438 2089 Par.
452 2048 502 2089 D.
519 2048 628 2100 Ang.
644 2059 693 2086 w
720 2043 840 2086 vind.
856 2043 892 2087 1.
906 2045 945 2086 7.
977 2043 1074 2087 Vat.
1089 2057 1120 2087 ι·.
1137 2049 1180 2086 et
1210 2057 1273 2098 pr.
1303 2044 1428 2087 Bodl.
1452 2044 1555 2086 Ven.
1579 2051 1630 2098 t.‚
1666 2045 1782 2100 quod
1821 2045 2011 2089 inconsi-

339 2104 487 2147 derate
517 2105 707 2157 suscepit
735 2102 1002 2144 Rfickertus.
1080 2101 1302 2155 vulgatam
1341 2107 1486 2144 tuetur
1524 2103 1656 2145 etiam
1703 2102 1886 2145 imitatio
1931 2115 2013 2158 po-

338 2163 565 2204 steriorum
597 2161 868 2214 scriptorum,
900 2171 1009 2212 quos
1039 2158 1240 2201 indicavit
1258 2159 1474 2213 Wyttenb.
1507 2159 1562 2201 ad
1585 2159 1802 2203 Plutarch.
1821 2160 1876 2204 T.
1892 2161 1948 2203 11.
1967 2173 2014 2215 p.

338 2219 437 2265 249.
458 2219 525 2262 ed.
549 2220 667 2273 lips,
687 2217 738 2258 T.
763 2217 833 2260 Vl.
856 2231 897 2270 p
889 2216 1007 2261 963.
1031 2222 1075 2257 et
1105 2217 1198 2270 ipse
1232 2218 1505 2268 Aristoteles»,
1538 2218 1610 2270 qui
1641 2217 1751 2260 hunc
1782 2220 1920 2261 locum
1953 2218 2011 2260 ob

340 2278 493 2320 oculos
523 2277 665 2319 habuit
698 2275 822 2317 Polit.
858 2275 910 2316 ΙΙ.
937 2274 987 2327 L,
1014 2272 1079 2318 16
1098 2274 1166 2318 ed.
1199 2274 1416 2317 Schneid·
1403 2273 1637 2333 καθάπερ
1668 2278 1711 2317 ἐν
1740 2281 1831 2326 τοῖς
1859 2277 2013 2333 ἐρωτι-

339 2393 471 2447 igitur
506 2392 820 2434 Ri'ickertus
866 2394 910 2431 et
947 2389 992 2430 H
1013 2402 1039 2430 o
1060 2403 1131 2431 m-
1213 2390 1317 2430 εῐσιν
1346 2391 1390 2430 οἱ
1421 2389 1723 2438 διατελοῦντες
1750 2390 1847 2443 μετ’
1875 2389 2012 2445 ἀλλή-

339 2451 535 2493 melius
574 2452 614 2491 in
654 2449 734 2491 hoc
765 2449 859 2489 loco
891 2446 1132 2489 haeserunt.
1216 2447 1298 2488 λων
1328 2447 1396 2489 διὰ
1431 2450 1550 2503 βίου,
1581 2446 1628 2488 οἳ
1654 2448 1754 2490 οὐδ’
1786 2448 1839 2489 ἂν
1867 2451 1927 2502 lx.

400 2506 533 2548 ὅταν
572 2510 662 2562 μὲν
702 2510 796 2545 οῠι
835 2505 921 2545 καὶ
959 2504 1130 2559 αὐτῷ]
1274 2533 1323 2574 Ο.
1370 2531 1433 2582 ὥς
1463 2533 1565 2588 ἄρα
1598 2531 2011 2589 tov‘rovaena]

340 2565 538 2619 ΒΘῧΡΙθ·ι
574 2564 628 2608 ad
669 2576 890 2635 ⁸¹¹per¹⁰s²²
920 2563 1014 2604 ¹¹¹³·
1059 2561 1128 2615 3⁷²*
1212 2590 1460 2632 Pronomen
1491 2590 1655 2632 τούτου
1686 2591 1869 2634 refertur
1898 2591 1951 2633 ad
1982 2591 2010 2644 ἦ

342 2628 408 2663 ’ῑέἷ
440 2623 490 2675 δη
532 2622 601 2663 ἅμ
635 2639 684 2661 Τυ
727 2619 866 2660 αυτθῦ
897 2618 1109 2678 &vpessozov
1113 2650 1124 2672 ’
1211 2652 1292 2687 τῶν
1321 2647 1584 2702 ἀφροδισίων
1622 2650 1851 2702 συνουσία,
1882 2662 1920 2690 v.
1954 2650 2012 2692 ad

342 2680 526 2731 ideoque
542 2681 676 2720 utitur
697 2677 913 2731 particulis
937 2681 1010 2729 μὲι
1031 2691 1110 2716 ⁰¹²⁹
1113 2705 1124 2727 2
1209 2704 1365 2757 Remp
1397 2705 1428 2745 1
1464 2704 1561 2749 3)9
1594 2705 1643 2746 c

342 2750 526 2789 quarum
567 2738 652 2776 vim
692 2736 1009 2776 Ruckertus
1042 2744 1125 2773 non

343 2794 558 2847 percepit,
601 2790 885 2861 oppositionis
914 2789 1124 2841 significa·
1231 2791 1358 2840 βου
1370 2788 1567 2843 λομένη
1586 2787 1889 2844 ἑκατέρουι(
1868 2807 1889 2840 ι]
1915 2803 2011 2845 ψυ-

343 2852 503 2893 tionem
535 2850 576 2890 in
606 2851 656 2890 iis
678 2849 823 2889 inesse
853 2852 985 2887 ratus.
1017 2845 1123 2885 Dein
1206 2845 1269 2897 χὴ
1306 2844 1457 2900 δήλη]
1492 2847 1626 2901 Hipp.
1649 2847 1742 2888 mai.
1747 2861 1806 2917 p
1831 2847 1929 2891 296
1950 2849 2009 2890 D=

342 2903 674 2961 ἐκπλίττονται,
706 2916 900 2946 numerus
932 2902 1121 2956 pluralis,
1207 2901 1303 2943 ἀλλ’
1338 2902 1424 2959 ἄρα
1447 2905 1574 2945 τοῦτ’
1623 2910 1700 2957 ἠν,
1731 2910 1762 2945 ὠ
1789 2903 1952 2972 Inuca,
1985 2903 2012 2947 ὅ

304 2984 313 2991 “
346 2980 399 3009 eo
439 2966 595 3008 rectius
642 2963 780 3029 potuit
817 2959 984 3011 inferri,
1035 2960 1134 3012 quia
1218 2963 1316 3014 ἑβου
1311 2959 1418 3001 λετο
1465 2961 1580 3017 ἡμῶν
1626 2962 1648 3015 ἡ
1698 2958 1817 3017 ψυχή
1865 2964 2011 3007 εἰπεῖν.

343 3023 463 3066 verbi
493 3021 646 3077 ἐντύχῃ
678 3019 912 3060 subiectum
944 3030 1029 3058 non
1059 3030 1133 3059 so·
1218 3019 1283 3060 De
1302 3019 1413 3072 Rep.
1428 3020 1480 3062 11.
1496 3034 1537 3074 p.
1554 3020 1648 3064 365.
1668 3022 1718 3062 Δ.
1759 3021 1804 3060 τί
1821 3019 2012 3075 οἰόμεθα

345 3084 428 3124 lum
460 3099 481 3122 ο
497 3075 808 3131 παιδεραστής
835 3080 915 3116 est.
948 3075 1024 3116 sed
1054 3076 1134 3116 eti-
1218 3076 1460 3122 ακοιούσας
1475 3081 1576 3118 νέων
1594 3076 1737 3132 ψυχὰς
1758 3082 1911 3127 ποιεῖν,
1936 3080 2008 3123 nbi

344 3153 414 3182 am
444 3138 571 3184 ἄλλος
600 3140 696 3185 πᾶς.
739 3132 857 3177 Istud
892 3132 1129 3187 θαυμαστὰ
1218 3148 1258 3176 v.
1288 3148 1382 3177 ann.
1413 3134 1592 3190 Eurip.
1626 3135 1799 3189 Hippol.
1834 3135 1939 3181 1742
1965 3140 2012 3180 ‘tl

345 3202 492 3239 autem
541 3195 698 3237 dictum
755 3195 956 3246 putamus
1010 3191 1133 3232 sicuti
1218 3191 1313 3233 ποτ’
1347 3194 1462 3242 ἔστι,
1504 3197 1666 3245 μαθεῖν
1697 3194 1845 3248 ἔραται
1871 3193 2008 3247 ψυχή.

343 3253 481 3295 πολλὰ
514 3251 733 3295 Phaedon.
766 3262 808 3310 p.
830 3247 899 3291 61
936 3247 992 3291 Ct
1028 3247 1133 3288 πολ·
1218 3250 1410 3292 Horat.
1440 3251 1530 3292 Sat.
1566 3251 1596 3294 1.
1625 3249 2009 3305 4‚.17zinopis

345 3310 396 3351 λά
431 3310 513 3364 ἤδη
533 3307 789 3360 ἐντετύχηκα
816 3309 873 3361 τῷ
891 3302 1029 3359 ἀνδρί,
1060 3306 1133 3348 ubi
1216 3321 1295 3350 me
1324 3307 1578 3362 quodque
1605 3308 1795 3363 pusilli
1815 3308 2008 3351 Finxe-

345 3381 383 3410 v.
426 3381 520 3412 ann.
563 3367 865 3410 Proximorum
903 3364 1132 3405 verborum
1216 3371 1341 3408 runt
1367 3364 1682 3409 animiraro
1703 3370 2007 3422 etperpau-

348 3430 563 3469 structura
600 3424 703 3468 haee
740 3427 830 3467 est.
883 3420 955 3462 καὶ
1003 3423 1135 3463 οὑτοι
1217 3436 1275 3467 ca
1305 3422 1594 3478 loquentis,
