2158 3718
634 127 931 186 CRITO.
973 129 1161 182 Rho.
1201 127 1280 183 St.
1706 126 1809 178 233

118 279 311 376 ‘ndu-ot,
355 279 840 348 παραγγέλλοντες
895 278 970 344 τῷ
1017 277 1186 347 πατρὶ
1228 275 1306 343 τῷ
1351 274 1428 342 σῷ
1474 288 1532 325 σε
1577 277 1635 325 ἐν
1675 292 1807 371 μου·

119 366 240 441 σικῇ
282 364 375 417 καὶ
416 363 752 437 γυμναστικῇ
807 357 1121 428 παιδεύεινς
1207 359 1443 421 Καλῶς,
1497 359 1672 429 φαίην
1721 352 1812 411 ἄν.
1850 366 1900 420 Ε

119 446 268 502 Εἶεν.
324 444 508 511 ἐπειδὴ
566 449 622 500 δὲ
679 451 867 513 ἐγένου
922 466 979 498 τε
1034 447 1126 497 καὶ
1169 439 1467 516 ἑξετροέφης
1522 443 1613 494 καὶ
1657 447 1814 494 ἐπαι-

122 531 364 598 δεύθης,
406 535 547 600 έχοις
590 526 662 583 ὁὲν
707 534 875 583 εἰπεῖν
921 530 1147 597 πρῶτον
1189 533 1317 595 μέν,
1381 523 1454 589 ὡς
1508 525 1627 623 οὐχὶ
1688 523 1816 596 ὴμέ-

49 631 60 644 ‘
120 636 275 686 τερος
327 606 490 680 ἦσθα
543 617 634 669 καὶ
689 620 909 680 έκγονος
963 617 1054 666 καὶ
1112 614 1339 675 δοῦλος,
1397 608 1569 672 αὐτός
1624 629 1681 663 τε
1724 612 1818 663 καὶ

123 702 302 754 οἴη-οὶ
349 696 647 769 πρόγονον,
705 702 795 752 καὶ
840 703 884 752 εἰ
928 695 1105 752 τοῦθ’
1172 693 1347 758 οὕτως
1405 700 1537 764 ἔχει,
1597 686 1696 765 ἆρ’
1764 693 1820 759 ἐξ

121 783 241 838 ἰ’σου
298 781 400 837 οἴει
455 782 597 837 εἶναι
652 785 740 836 σοὶ
802 779 862 835 τὸ
927 784 1142 835 δίκαιον
1185 782 1277 834 καὶ
1321 776 1486 847 ἡμῖν,
1547 782 1638 832 καὶ
1678 775 1808 832 ἅττ’

120 865 196 920 ἂν
236 865 390 935 ἡμεῖς
431 886 488 921 σε
533 868 882 939 ἐπιχειρῶμεν
923 876 1134 931 ποιεῖν,
1187 866 1278 918 καὶ
1324 861 1390 918 σὺ
1437 865 1618 916 ταῦτα
1661 861 1820 917 ἀντι-

122 962 300 1006 ποιεῖν
344 951 446 1006 οἴει
490 953 704 1005 δίκαιον
747 948 924 1015 aivam
980 945 1014 1014 ἢ
1061 943 1202 1021 πρὸς
1255 950 1356 1017 μὲν
1417 942 1531 1019 ἄρα
1588 966 1677 1001 σοι
1715 943 1818 1002 τὸν

124 1113 341 1163 Herodot.
369 1113 429 1153 V.
459 1111 500 1156 4.
531 1112 636 1155 VII.
668 1111 708 1156 3.
778 1111 947 1153 Deinde
986 1116 1096 1154 vett.
1142 1110 1266 1152 editt.
1299 1108 1326 1162 ἢ
1356 1108 1407 1150 οὗ
1442 1109 1602 1163 καλῶς,
1646 1109 1762 1163 quod
1797 1122 1822 1151 e

123 1158 247 1213 Vind.
277 1171 319 1214 2.
353 1169 392 1214 5
429 1171 533 1214 Ve'n.
569 1171 610 1212 b.
641 1168 930 1212 emendatum.

238 1229 288 1268 οἱ
318 1227 402 1268 ἐπὶ
435 1226 671 1275 τούτοις
710 1223 1071 1280 τεταγμένοι]
1115 1225 1176 1267 lta
1209 1238 1321 1267 nunc
1353 1238 1405 1267 ex
1442 1213 1566 1267 Bodi-
1596 1226 1696 1268 Vat.
1729 1223 1821 1266 Tu-

122 1281 239 1339 bing
275 1279 391 1326 vind.
427 1286 467 1329 1.
498 1285 541 1329 4.
573 1285 613 1328 6.
648 1286 688 1330 7.
720 1284 835 1326 Flor.
870 1284 912 1325 d.
945 1283 982 1324 h.
1014 1282 1147 1326 Huet.
1190 1283 1289 1326 Par.
1320 1283 1415 1331 DS.
1458 1283 1696 1324 rescribere
1736 1295 1822 1324 non
1888 1315 1891 1318 >

125 1344 334 1395 dubitavi,
365 1356 496 1396 quum
529 1346 657 1396 vulgo
687 1340 833 1397 τούτῳ
865 1340 1199 1383 circumferatur.

241 1399 291 1444 E.
352 1401 541 1453 ἐγένου
579 1416 635 1441 τε
678 1400 795 1455 καὶ]
826 1414 871 1440 τε
905 1412 992 1441 om.
1027 1398 1132 1439 ven.
1165 1400 1206 1443 b.
1239 1399 1340 1441 Par.
1369 1397 1467 1439 DS.
1509 1396 1641 1439 Huet.
1672 1398 1823 1439 iuiuria

126 1459 415 1527 probantibus
437 1458 687 1499 Turicenss.

239 1533 329 1557 και
358 1514 418 1557 σύ
454 1521 630 1559 ταῦτα
661 1514 860 1570 duram]
891 1515 965 1556 Sic
994 1515 1095 1558 Par.
1128 1514 1181 1556 B.
1215 1511 1337 1554 Vind.
1369 1512 1408 1555 2.
1440 1511 1482 1555 3.
1512 1512 1553 1555 5.
1589 1512 1682 1553 vat.
1716 1512 1821 1556 Ven.

126 1657 474 1709 Unterricht‚
557 1655 795 1698 welchen
865 1656 932 1698 du

128 1719 407 1768 geno'ssen
475 1714 653 1756 hast‘?
743 1714 930 1757 Haben

1104 1655 1192 1696 καὶ
1250 1653 1472 1704 δοῦλος,
1535 1650 1711 1700 αυτιῖς
1768 1667 1823 1694 τε

1015 1713 1100 1754 καὶ
1139 1714 1188 1753 οἱ
1229 1712 1317 1753 σοὶ
1356 1710 1678 1765 πρόγονοις]
1727 1709 1823 1753 No·-

128 1772 421 1816 vielleicht
468 1772 792 1825 diejenigen
831 1785 930 1813 von

129 1843 255 1880 nus,
303 1829 510 1872 welche
562 1829 802 1872 darfiber
852 1842 931 1882 ge-

130 1895 276 1931 setzt
332 1888 476 1939 sind,
534 1901 593 1929 es
648 1887 790 1929 nicht
842 1892 934 1942 gut

130 1946 482 1999 ang-eordnet
534 1951 619 1986 etc.
689 1946 808 1987 Ferri
849 1958 933 1986 nou

136 2009 284 2058 potest
315 2004 534 2055 vulgatum
568 2000 594 2054 ἢ
625 2001 676 2043 ου’
710 2020 746 2047 κ.

186 2063 238 2102 ἐν
301 2064 529 2115 μουσικῇ
592 2060 679 2099 καὶ
737 2074 934 2113 γυμνα·

132 2122 286 2173 στικῇ
316 2116 642 2170 παιδεύεινς]
682 2118 778 2168 „De
795 2120 935 2158 Grae-

132 2187 278 2217 corum
324 2189 375 2215 ac
413 2177 665 2227 praesertim
706 2174 935 2215 Athenien-

134 2235 246 2275 sium
277 2233 321 2272 in
361 2234 490 2274 rebus
519 2231 635 2272 hisce
669 2232 859 2274 moribus
893 2235 937 2273 et

133 2290 342 2332 institutis
384 2289 634 2330 consuiendi
678 2294 778 2330 sunt
821 2290 936 2330 Ari-

135 2351 324 2390 stotel.
363 2348 403 2388 in
443 2347 574 2389 Ponit.
620 2347 728 2391 Vm.
759 2346 800 2390 3.
842 2347 937 2387 De-

136 2403 326 2447 mostb.
386 2419 424 2446 c.
469 2403 690 2445 Timar-ch.
743 2417 783 2458 p.
839 2404 937 2447 261.

135 2464 305 2504 Petit.
346 2463 386 2504 in
421 2462 557 2514 Legg.
588 2462 726 2505 Attic.
766 2475 806 2515 p.
837 2462 937 2504 162.

137 2527 182 2564 et
205 2519 414 2572 S'panhe
430 2535 481 2562 m.
503 2520 546 2560 in
567 2519 781 2572 Aristoph.
797 2520 936 2561 Nubb.

137 2593 176 2620 v.
206 2577 305 2622 961.
348 2582 391 2618 et
423 2577 560 2622 969.“
623 2577 938 2618 Forsterus.

137 2637 318 2686 Omnia,
350 2647 458 2687 quae
495 2635 574 2676 huc
605 2636 835 2688 pertinent,
875 2634 938 2675 di-

138 2706 234 2734 sces
267 2706 290 2734 e
323 2693 419 2733 loco
464 2693 734 2743 Protagorae
766 2706 806 2745 p.
837 2691 938 2736 325.

139 2750 188 2791 C.
221 2773 277 2782 ·--
306 2751 477 2804 p.‡326.
511 2751 574 2791 De
607 2750 744 2804 Legg.
777 2750 865 2794 Vll.
899 2764 939 2802 p.

138 2807 225 2852 810
246 2820 340 2860 sqq.
356 2814 415 2850 et
446 2811 670 2849 l'socrat.
695 2809 941 2861 Paneg.11.

139 2879 178 2919 p
213 2866 387 2909 195.—
412 2866 504 2910 197.
566 2865 777 2907 Conferas
813 2867 940 2907 etiam

139 2923 376 2966 Beckeri
433 2923 615 2964 Obarici.
668 2922 769 2966 Vol.
821 2924 854 2965 l.
900 2938 942 2977 p.

139 2981 198 3024 37
228 2993 320 3033 sqq.

201 3038 250 3079 Ε.
310 3039 496 3090 ἐγένου
533 3051 585 3076 τε
616 3036 702 3076 καὶ
731 3036 944 3092 ἐξετρά-

143 3111 241 3150 φης
288 3094 377 3135 καὶ
429 3092 806 3149 ἐπαιδεύθης]
868 3096 944 3136 Sic

145 3152 354 3195 Alcibiad.
397 3154 426 3194 1.
465 3165 506 3205 p.
552 3152 650 3195 122.
692 3153 742 3193 Β.
788 3157 866 3203 τῆς
905 3154 949 3194 δὲ

143 3215 220 3263 σῆς
250 3216 447 3265 γενέσεως
477 3208 548 3248 καὶ
568 3214 733 3262 τροφῆς
756 3210 826 3249 καὶ
845 3226 947 3251 παι-

145 3267 505 3315 δείας--οὐδινὶ
534 3267 665 3321 μέλει.
698 3267 836 3320 Legg.
869 3269 947 3311 x1.

144 3340 187 3380 p.
218 3326 316 3370 920.
352 3327 406 3367 Α.
438 3323 536 3366 ὅσοι
567 3327 721 3378 γενέσει
749 3324 823 3365 και
849 3340 949 3382 τρο-

145 3388 248 3437 φαῖς
276 3378 327 3425 ευ
357 3382 685 3426 πεπαίδευνται,

1016 1778 1129 1813 tetur
1173 1771 1278 1812 haec
1318 1769 1603 1824 appositionis
1640 1770 1822 1822 amplifi·

1017 1836 1139 1871 eatae
1179 1828 1322 1869 ratio.
1389 1828 1654 1880 Sophocl.
1710 1826 1821 1868 Oed.

1017 1889 1110 1929 Coi.
1149 1899 1189 1930 V.
1219 1885 1327 1929 452:
1371 1884 1544 1931 ἐπάξιος
1580 1885 1655 1936 μὲν
1701 1881 1827 1923 Οἰδί-

1016 1959 1128 1990 πους
1161 1943 1445 1991 namurcum,
1478 1939 1616 1984 a'ro'c
1645 1955 1691 1981 τε
1723 1946 1823 1982 παῖ-

1020 2004 1087 2049 δὲς
1118 2000 1172 2040 θ’
1208 1999 1315 2044 αἵδ’.
1378 1999 1480 2040 lbid.
1513 2013 1551 2042 v,
1583 1998 1690 2043 864:
1733 2013 1826 2039 τοι-

1018 2059 1102 2115 γὰρ
1134 2061 1194 2107 σέ,
1224 2057 1390 2097 καύτὸν
1410 2059 1482 2097 καὶ
1503 2060 1622 2110 γείος
1651 2055 1700 2096 τὸ
1735 2072 1827 2104 σον,

1023 2121 1135 2157 θεῶν
1185 2113 1207 2156 o‘
1259 2114 1402 2155 πάντα
1452 2114 1632 2155 λεύσσων
1674 2111 1827 2159 ’Ἠλιος

1023 2175 1119 2224 δοίη
1149 2176 1246 2225 βίον
1274 2176 1506 2216 τοιοῦςτον
1538 2171 1591 2211 ad
1613 2183 1750 2222 quem
1757 2172 1827 2211 lo-

1021 2244 1116 2273 cum
1139 2231 1316 2283 piurima
1338 2229 1459 2270 huius
1481 2230 1652 2282 generis
1677 2240 1828 2270 exem·

1023 2292 1089 2343 pla
1129 2288 1303 2340 collegit
1344 2262 1555 2340 Reisig.
1605 2286 1827 2327 Platonica

1026 2346 1124 2387 dedi
1157 2345 1209 2386 ad
1244 2347 1424 2398 Apolog.
1457 2346 1582 2387 Socr.
1615 2357 1655 2397 p
1676 2341 1748 2386 42.
1773 2346 1825 2386 Α.

1026 2406 1089 2445 De
1121 2416 1166 2443 re
1196 2403 1287 2454 ipsa
1307 2402 1537 2444 tenendum
1561 2407 1733 2442 veteres
1765 2402 1829 2442 ita

1025 2464 1258 2510 statuisse,
1300 2465 1347 2500 ut
1387 2462 1628 2501 libertatem
1660 2463 1703 2500 et
1731 2457 1830 2500 feli·

1026 2521 1198 2561 citatem
1241 2518 1457 2569 publicam
1508 2518 1660 2558 nnllam
1702 2521 1830 2569 puta-

1024 2582 1120 2618 rent
1182 2588 1302 2625 esse,
1360 2577 1439 2616 nisi
1503 2575 1618 2615 cives
1668 2575 1829 2614 velient

1025 2633 1190 2680 ἑκόντες
1241 2632 1463 2673 δουλεύειν
1512 2636 1605 2678 τοῖς
1655 2629 1829 2682 νόμοις.

1028 2705 1064 2733 v.
1113 2692 1249 2733 Piat.
1293 2690 1427 2744 Legg.
1457 2690 1531 2733 ln.
1568 2703 1611 2742 p.
1643 2689 1739 2732 700.
1770 2690 1828 2730 A.

1028 2749 1126 2794 689.
1156 2748 1208 2791 Β.
1240 2749 1322 2789 ΙΧ.
1358 2762 1398 2800 p.
1429 2748 1527 2792 876.
1558 2747 1595 2788 Β
1642 2746 1742 2791 874.
1776 2746 1832 2791 Ε.

1032 2808 1080 2847 V.
1117 2820 1159 2861 p.
1202 2806 1300 2850 762.
1338 2807 1408 2849 1V.
1449 2820 1489 2860 p.
1523 2805 1620 2850 715.
1662 2805 1830 2849 Arist.

1031 2865 1228 2906 P01.111.
1265 2864 1335 2908 16.
1370 2864 1539 2905 Cicer.
1574 2875 1652 2917 pro
1673 2863 1830 2904 Cluen-

1031 2922 1091 2963 tio
1137 2935 1174 2965 c.
1220 2923 1293 2966 53·
1373 2921 1582 2975 Legum
1646 2933 1830 2962 omnes

1032 2979 1176 3021 servi
1208 2991 1419 3029 sumus,
1462 2986 1517 3022 ut
1548 2978 1717 3020 liberi
1752 2990 1830 3018 es-

1031 3050 1088 3078 se
1123 3039 1416 3092 possimus.

1089 3094 1175 3135 καὶ
1203 3095 1261 3136 σύ
1296 3098 1482 3136 ταῦτα
1513 3091 1652 3148 αντ]
1687 3093 1832 3134 Pluri-

1032 3153 1088 3194 mi
1121 3153 1273 3204 codd.
1300 3154 1338 3194 in
1372 3154 1509 3205 iisque
1540 3152 1665 3192 etiam
1692 3150 1831 3196 Both..

1035 3209 1104 3248 καὶ
1143 3209 1210 3250 σοὶ
1247 3227 1286 3253 τ.
1334 3226 1454 3262 ortu,
1498 3209 1615 3262 quod
1666 3209 1834 3262 recepit

1038 3268 1211 3318 Bekk„
1243 3281 1366 3321 quem
1394 3269 1495 3309 olim
1520 3271 1695 3308 secutus
1716 3278 1834 3307 sumz

1038 3324 1157 3365 cuius
1200 3337 1271 3367 me
1319 3326 1423 3367 facti
1471 3337 1583 3365 nnnc
1623 3323 1832 3377 poenitet.

1037 3382 1187 3435 Neque
1224 3383 1333 3425 enim
1380 3384 1576 3436 exempla
1616 3380 1736 3423 huius
1768 3380 1836 3419 lo-
