2158 3718
210 132 281 193 44
856 140 1350 185 PROLEGOMENA

214 301 339 351 quae
360 285 574 335 Socratis
599 287 778 335 rationi
804 285 949 334 obiici
974 285 1177 349 possint.
1205 284 1326 335 Nam
1353 284 1471 335 illud
1498 284 1694 349 quidem
1723 283 1988 335 arbitratur

212 356 343 407 ultro
379 372 496 406 sane
532 371 678 420 posse
716 357 919 406 concedi
955 357 1145 405 animos
1180 360 1228 404 et
1271 355 1386 406 olim
1422 357 1655 420 viguisse,
1702 357 1987 420 priusquam

213 443 326 478 cum
352 428 579 477 humanis
603 426 895 491 corporibus
917 425 1282 490 colligarentur,
1306 433 1353 476 et
1373 427 1671 490 aliquamdiu
1698 426 1858 476 adhuc
1882 427 1991 476 fore

212 499 499 560 superstites
541 501 749 548 mortuis
792 497 1100 561 corporihuS,
1144 498 1227 546 sed
1271 498 1384 548 inde
1426 502 1590 547 tamen
1636 497 1854 546 nondum
1895 498 1991 547 hoc

214 570 343 619 effici
374 570 639 626 contendit,
668 577 722 618 ut
748 584 839 633 pro
868 567 1223 618 immortalibus
1247 568 1460 619 habendi
1486 570 1596 618 sint.
1634 567 1767 625 Quae
1795 567 1990 632 quidem

213 641 453 690 sententia
480 640 673 690 Cebetis
708 646 756 689 et
789 642 895 704 ipsa
930 641 1095 689 nescio
1132 638 1249 701 quid
1276 639 1425 689 habet
1450 639 1783 703 Pythagorici,
1822 644 1875 688 ut
1900 642 1990 688 mi-

212 726 307 761 nus
341 717 476 760 recte
511 726 535 759 a
574 710 824 759 nonnullis
861 711 919 759 ad
958 710 1268 759 Atomisticos
1304 712 1367 758 sit
1400 709 1568 760 relata.
1620 710 1836 773 Apparet
1862 710 1990 758 enim

214 783 485 832 arctissime
524 797 630 831 eam
667 781 938 831 cohaerere
966 797 1078 831 cum
1106 782 1325 830 doctrina
1354 781 1775 845 Pythagoreorum
1803 780 1864 829 de
1890 781 1991 829 ani-

214 868 409 903 morum
432 852 823 916 migrationibus
854 868 911 901 ex
939 851 1117 916 quibus
1145 852 1346 901 fuerunt
1373 853 1456 916 qui
1484 851 1772 914 colligerent
1794 851 1991 900 tandem

213 926 277 973 ita
305 938 448 987 posse
477 925 693 981 evenire,
732 930 786 972 ut
822 924 1007 972 animi
1041 923 1130 972 vis
1165 922 1493 987 paullatim
1521 930 1822 986 tamquam
1851 936 1992 971 con-

212 1000 527 1045 tereretur
574 1002 630 1044 et
674 994 881 1044 absum
899 993 1174 1057 eretur1).
1240 993 1572 1052 Quamobrem
1618 998 1715 1041 tam
1761 993 1995 1043 Simmiae

214 1082 361 1132 quam
399 1065 592 1116 Cebetis
639 1066 963 1129 disputatione
1009 1066 1142 1128 tangi
1176 1064 1405 1114 videntur
1440 1064 1737 1129 Pythagorei
1780 1063 1993 1127 quidam,

214 1138 296 1202 qui
319 1136 488 1186 relicta
517 1152 753 1200 germana
780 1136 979 1186 scholae
1006 1152 1122 1186 suae
1148 1137 1387 1186 sententia
1417 1136 1636 1199 quamvis
1664 1133 1839 1198 placita
1867 1133 1995 1184 illius

211 1209 447 1273 primaria
482 1209 778 1266 retinerent,
814 1213 977 1258 tamen
1014 1207 1074 1257 ad
1112 1206 1516 1257 materialismum
1550 1208 1812 1270 proniores
1848 1205 1994 1255 exsti-

210 1281 399 1330 tissent.

354 1350 456 1400 Nec
482 1365 598 1400 vero
626 1352 747 1400 istae
774 1350 1105 1400 dubitationes
1132 1355 1399 1400 caruerunt
1426 1350 1470 1398 vi
1496 1364 1598 1398 sua.
1650 1345 1831 1397 Narr'at
1866 1348 1993 1396 enim

213 1421 413 1471 Phaedo
442 1436 637 1478 omneS,
667 1423 749 1485 qui
775 1422 1026 1476 affuerint,
1058 1423 1220 1470 animo
1251 1420 1564 1470 vehementer
1590 1419 1740 1468 fuisse
1777 1433 1994 1467 commo-

215 1499 289 1543 tos
316 1508 373 1542 ac
400 1492 736 1556 perturbatoS,
767 1494 986 1557 quamvis
1021 1492 1112 1541 hos
1148 1507 1320 1541 sensus
1347 1507 1462 1540 suos
1487 1497 1590 1540 tum
1619 1488 1996 1546 occultaverint;

214 1579 272 1614 ac
300 1564 480 1613 fatetur
507 1565 650 1613 etiam
678 1564 1000 1620 EchecrateS‚
1029 1563 1115 1612 ubi
1141 1564 1265 1613 haec
1291 1562 1351 1612 ab
1378 1561 1459 1611 illo
1488 1561 1682 1619 audivit,
1724 1575 1776 1610 se
1803 1575 1997 1625 quoque

213 1636 271 1685 iis
305 1650 407 1684 non
443 1635 760 1684 mediocriter
795 1635 1121 1691 commoveri,
1174 1634 1462 1698 praesertim
1509 1648 1621 1682 cum
1658 1633 1762 1695 ipse
1802 1646 1998 1696 quoque

216 1705 332 1755 olim
358 1707 405 1755 in
434 1721 489 1755 ea
517 1706 665 1755 fuerit
691 1707 942 1771 opinione,
982 1712 1034 1755 ut
1060 1707 1211 1755 animi
1237 1707 1330 1754 vim
1358 1705 1615 1754 harmonia
1643 1703 1853 1767 quadam
1880 1717 1997 1752 con-

214 1778 360 1827 tineri
395 1777 696 1827 iudicaverit.
773 1777 842 1826 Ex
882 1793 979 1842 quo
1013 1777 1254 1841 liquidum
1298 1776 1352 1824 fit
1396 1776 1540 1824 etiam
1574 1775 1623 1823 in
1660 1773 1998 1838 superioribus

213 1849 550 1912 Pythagoreos
576 1849 839 1910 significari
876 1865 902 1897 3
928 1847 1145 1897 Platone.
1197 1848 1310 1896 Fuit
1338 1848 1466 1895 enim
1495 1846 1575 1895 hic
1600 1845 1898 1895 Echecrates
1923 1845 1997 1893 in-

214 1926 291 1969 ter
326 1919 684 1984 PythagoreOS‚
727 1934 850 1982 quos
895 1918 1033 1977 Plato
1076 1920 1124 1967 in
1160 1917 1296 1967 Italia
1332 1917 1567 1967 inferiore
1613 1915 1908 1966 salutaverat
1951 1921 2000 1964 et

217 1998 528 2052 cognoverat.
618 1990 858 2048 Quocirca
910 1991 1121 2053 scriptor
1173 1988 1531 2049 elegantissime
1582 1988 1662 2036 hic
1713 1987 2000 2049 significavit

214 2062 364 2110 fuisse
391 2067 519 2118 tum,
550 2076 661 2110 cum
688 2063 792 2124 ipse
817 2062 866 2110 in
893 2076 1068 2125 magna
1099 2061 1301 2111 Graecia
1328 2066 1632 2116 versaretur,
1673 2057 1911 2108 eiusmodi
1938 2057 1998 2106 de

215 2133 364 2182 animi
389 2138 563 2182 natura
593 2134 848 2196 opiniones
874 2134 1003 2182 inter
1030 2133 1365 2197 Pythagoreos
1393 2130 1459 2180 ibi
1486 2130 1694 2180 subinde
1720 2143 1916 2193 sparsas
1942 2143 2000 2178 ac

216 2203 499 2267 divulgataS.

360 2289 456 2339 Sed
501 2289 596 2338 hoc
642 2290 839 2353 quidem
876 2289 1024 2339 veluti
1058 2290 1109 2337 in
1148 2294 1461 2343 transcursu;
1501 2287 1719 2336 redimus
1754 2285 1812 2335 ad
1851 2284 1998 2335 collo-

217 2362 404 2425 quium.
456 2361 694 2410 Effectum
734 2362 881 2423 igitur
909 2361 1141 2409 Simmiae
1178 2375 1234 2408 ac
1262 2359 1454 2408 Cebetis
1483 2356 1870 2407 dubitationibus
1903 2356 2000 2405 hoc

218 2438 305 2486 est,
334 2436 387 2480 ut
414 2432 473 2481 de
502 2447 644 2481 causa
668 2433 883 2480 Socratis
910 2433 1003 2479 iam
1032 2431 1176 2494 plane
1204 2435 1366 2479 actum
1397 2430 1631 2478 videatur.
1659 2429 1839 2477 Verum
1869 2428 1999 2476 enim

220 2518 333 2551 vero
362 2517 473 2550 cum
503 2518 673 2552 omnes
700 2504 913 2551 animum
943 2502 1293 2565 despondeant,
1324 2507 1484 2549 tamen
1512 2502 1617 2559 ipse
1646 2500 1875 2548 Socrates
1901 2513 2000 2546 non

217 2573 363 2621 modo
389 2572 567 2622 leniter
595 2589 650 2622 ac
676 2573 889 2636 benigne
919 2572 1306 2621 adolescentium
1335 2571 1663 2620 dubitationes
1691 2570 1885 2631 excipit,
1913 2568 1997 2618 sed

218 2644 359 2691 etiam
387 2642 609 2692 labantes
635 2644 943 2692 familiarium
967 2645 1153 2691 animos
1177 2644 1368 2704 erigere
1396 2648 1443 2690 et
1461 2642 1756 2689 confirmare
1776 2640 1997 2688 instituit.

218 2713 342 2770 Quin
397 2716 542 2762 etiam
594 2721 815 2763 amanter
867 2719 1096 2763 narratur
1148 2728 1257 2760 cum
1294 2712 1558 2760 Phaedone
1611 2710 1999 2759 adolescentiore

217 2786 347 2833 iuxta
372 2785 533 2847 ipsum
561 2785 762 2833 sedente
790 2786 978 2833 iocatus
1006 2799 1126 2831 esse.
1157 2783 1400 2832 Nimirum
1427 2783 1550 2831 haec
1577 2797 1773 2846 quoque
1801 2782 1998 2843 egregie

218 2855 276 2903 ad
315 2854 659 2904 declarandam
697 2856 928 2917 sapientis
965 2853 1363 2917 tranquillitatem
1404 2858 1683 2915 comparata
1733 2858 1870 2910 sunt,
1917 2853 2000 2914 qui

216 2924 294 2974 vel
332 2930 489 2974 morte
526 2926 952 2989 appropinquante
989 2940 1086 2972 non
1126 2924 1449 2988 perturbatur
1487 2925 1673 2978 animo,
1728 2922 1811 2971 sed
1857 2938 1998 2972 suam

218 2995 309 3045 sibi
336 2997 659 3045 constantiam
687 3003 734 3044 et
759 2996 1053 3044 hilaritatem
1083 3001 1262 3052 tuetur,
1302 3001 1469 3057 utpote
1507 2994 1578 3043 vel
1606 2994 1829 3042 maximis
1856 2992 1997 3042 dubi-

217 3068 456 3116 tationum
483 3065 715 3116 fluctibus
743 3068 922 3116 coortis
943 3066 1201 3115 laetissima
1228 3065 1607 3114 immortalitatis
1634 3079 1720 3127 spe
1747 3069 1794 3113 et
1819 3063 1995 3112 fiducia

218 3143 532 3187 sustentatus,

360 3208 459 3256 Iam
500 3223 613 3257 vero
649 3209 724 3256 his
759 3210 822 3257 ita
860 3209 1092 3271 expositis
1127 3221 1300 3257 rursus
1337 3209 1612 3268 sequuntur
1648 3203 1810 3266 gravia
1837 3218 1893 3251 ac
1919 3217 1995 3251 se-

219 3293 332 3327 vera
361 3279 642 3328 Socratis
670 3280 738 3328 de
766 3280 1173 3343 comparanda
1214 3278 1523 3339 sapientia
1559 3274 1784 3322 monita
1815 3281 1995 3337 atque

335 3474 381 3527 1)
412 3475 466 3518 V.
503 3477 657 3515 annot.
691 3474 748 3514 ad
779 3487 883 3527 pag.
916 3474 970 3515 88
991 3473 1042 3513 A.
