2158 3718
801 184 1063 229 PHAEDO
1093 200 1135 240 p.
1171 171 1265 228 105.
1807 182 1911 234 261

131 332 301 383 τοῦτο
347 327 452 398 μὲν
498 318 605 379 οὖν
653 326 746 377 καὶ
793 323 930 378 αὐτὸ
979 323 1130 396 ἄλλῳ
1179 324 1470 391 ἐναντίον,
1519 321 1667 392 ὅμως
1713 322 1774 375 δὲ
1812 320 1915 391 τὴν

133 415 238 467 τοῦ
275 413 540 481 περιττοῦ
577 407 647 462 οὐ
673 408 910 472 δέξεται·
953 407 1087 463 οὐδὲ
1114 405 1182 478 δὴ
1209 406 1270 461 τὸ
1296 405 1554 478 ἡμιόλιον
1581 404 1715 461 οὐδὲ
1740 399 1918 459 τᾶλλοι
1953 423 1986 462 Β

134 494 205 550 τοὶ
241 498 492 563 τοιαῦτα,
531 493 594 547 τὸ
631 491 824 563 ἥμισυ,
864 491 968 563 τὴν
994 496 1095 546 τοῦ
1124 492 1282 561 ὅλου,
1321 493 1416 545 καὶ
1453 490 1817 561 τριτημόριον
1843 483 1918 544 αὖ

135 581 232 634 καὶ
275 579 457 633 πάντα
503 575 570 631 τοὶ
620 581 879 646 τοιαῦτα,
929 582 1085 648 εἴπερ
1132 578 1251 631 ἕπει
1294 597 1354 630 τε
1400 577 1493 629 καὶ
1532 575 1798 640 ξυνδοκεῖ
1830 588 1921 628 σοι

138 663 335 726 οὕτως.
413 661 581 716 Πάνυ
620 661 844 731 σφόδρα
881 663 974 715 καὶ
1011 662 1291 731 ξυνδοκεῖ,
1330 664 1458 731 ἔφη,
1498 660 1592 714 καὶ
1628 660 1847 730 ε’πομαι.

279 751 395 816 Cap.
436 750 555 799 LIV.
632 746 820 799 Πάλιν
860 747 929 815 δή
965 766 1087 816 μοι,
1127 749 1262 816 ἐφη,
1304 745 1361 810 ἐξ
1400 766 1572 816 αρχης
1607 746 1752 813 λέγε.
1829 744 1924 796 καὶ

136 833 212 902 μή
248 851 344 902 μοι
381 829 414 884 6
452 830 524 884 ὂὶν
573 831 763 900 ἐρωτῶ
813 829 1154 901 αποκρινου,
1203 828 1326 884 ἀλλ’
1367 828 1535 899 ἄλλο,
1583 829 1925 899 μιμούμενος

139 915 253 986 ἐμέ.
296 915 474 984 λέγω
523 915 585 969 δε
633 913 766 983 παρ’
825 913 898 985 ἣν
952 913 1014 968 τὸ
1069 919 1296 985 πρῶτον
1353 917 1549 983 ἔλεγον
1602 912 1924 981 απόκρισιν,

251 1073 300 1113 Β.
332 1071 435 1126 Cap.
457 1072 564 1115 LIV.
606 1065 681 1125 μή
715 1083 813 1125 μοι
849 1062 876 1112 ὃ
912 1086 980 1112 αν
1011 1065 1197 1125 ἐρωτῶ
1229 1049 1581 1124 ἀποκρίνου,
1614 1063 1734 1112 ἀλλ’
1767 1063 1922 1135 ἄλλο]

137 1130 252 1171 Vett.
275 1129 392 1177 editt.
413 1141 495 1183 μοι
516 1122 606 1193 μήὸ
622 1129 737 1177 quod
760 1142 782 1167 e
803 1124 936 1169 Bodl‘
950 1128 1076 1171 Coisl.
1098 1129 1195 1168 Vat.
1221 1129 1330 1170 Ven
1353 1128 1406 1169 H
1429 1129 1536 1169 Tub.
1558 1129 1650 1168 aliis
1673 1140 1756 1168 non
1777 1127 1925 1179 paucis

142 1185 427 1228 emendatum.
467 1184 547 1224 Pro
577 1196 602 1224 ο
625 1185 733 1226 Ven
760 1184 810 1224 H
835 1184 931 1227 Par
958 1184 1104 1224 CHIL
1135 1184 1245 1237 Aug.
1270 1184 1380 1226 Flor.
1406 1197 1427 1223 c
1447 1184 1577 1224 Vind
1600 1186 1626 1224 3
1648 1172 1699 1239 ᾧ,
1723 1183 1835 1234 quod
1857 1196 1923 1222 re·

140 1243 253 1295 oepit
281 1248 378 1294 post
406 1238 692 1280 Heindorfium
725 1239 961 1293 Bekkerus,
993 1241 1063 1290 qui
1095 1241 1249 1281 deinde
1278 1241 1403 1281 etiam
1426 1231 1552 1294 αλλῳ
1574 1229 1691 1279 dedit
1711 1252 1734 1278 e
1753 1240 1861 1280 Ven.
1886 1239 1927 1279 Λ

137 1298 232 1338 Par.
247 1297 438 1338 CEHIL
462 1304 501 1336 et
521 1309 607 1337 rec.
626 1296 753 1337 Coisl.
765 1295 932 1339 Venf*
863 1312 941 1347 ...0
967 1297 1082 1346 quod
1103 1297 1260 1337 habent
1282 1298 1405 1336 etiam
1428 1297 1536 1336 Flor.
1550 1310 1592 1335 m
1611 1296 1706 1339 Ald.
1726 1296 1823 1338 Bas.
1838 1297 1860 1335 1
1883 1296 1925 1334 2.

141 1353 346 1396 omittunt
373 1344 488 1394 ἄλλο
511 1353 631 1395 Bodl,
662 1354 760 1394 Vat.
791 1353 921 1393 Vind.
947 1353 988 1394 Τ
1012 1351 1166 1393 Pa1.G
1193 1353 1299 1394 Tub.
1331 1354 1440 1394 Flor.
1466 1353 1491 1392 d
1521 1353 1614 1395 Zitt
1647 1361 1687 1391 et
1707 1365 1771 1406 Ρι.
1798 1351 1926 1392 Coisl

138 1411 248 1451 Ven.
272 1409 384 1457 ΞΠ.
414 1409 533 1449 Unde
559 1410 810 1449 Turicenses
832 1409 1092 1449 assentiente
1112 1409 1354 1477 Hermanno
1378 1409 1620 1475 edidfrunt:
1644 1401 1925 1473 αποκρίνου,

141 1459 263 1508 ἀλλὰ
283 1459 575 1535 μιμρψενος
597 1458 692 1516 ἐμὲ.
734 1466 781 1504 In
804 1464 932 1505 Vind.
957 1465 996 1506 Φ
1027 1474 1090 1506 est
1111 1456 1174 1519 ἣν
1195 1456 1255 1505 ὃὶν
1278 1458 1432 1519 ἐρωτῶ
1454 1458 1707 1529 ἀπόκρισιν
1729 1457 1928 1517 ἀποκρί-

141 1535 242 1571 νου,
274 1516 384 1564 ἄλλ’
406 1522 573 1575 αλλην,
607 1534 716 1574 quae
737 1521 963 1562 manifesta
987 1530 1052 1562 est
1074 1534 1197 1562 verae
1218 1521 1412 1561 lectionis
1435 1522 1738 1574 interpretatio.
1762 1533 1802 1564 v.
1825 1532 1926 1562 ann

143 1649 349 1691 nandum.
377 1647 576 1688 Proxima
599 1648 659 1687 sic
680 1648 854 1715 iungas:
878 1640 993 1690 οὐδὲ

150 1697 212 1759 δὴ
249 1698 303 1746 τὸ
338 1697 559 1768 ἡμιόλιον
596 1696 710 1745 οὐδὲ
746 1701 897 1745 τᾶλλα
933 1698 992 1745 τὰ

142 1754 458 1824 τοιαῦτα,τὸ
488 1753 637 1825 ἥμισυ
666 1757 750 1801 καὶ
772 1755 994 1814 τριτημό-

143 1830 252 1872 ριον
287 1804 350 1858 αὖ
390 1812 474 1857 καὶ
502 1811 660 1858 πάντα
691 1812 749 1857 τοὶ
789 1816 994 1859 τοιαῦτα

148 1870 390 1928 (δέχεται)
412 1865 500 1926 τὴν
522 1871 606 1914 τοῦ
630 1864 759 1913 σ’λου

199 1985 247 2028 Β,
267 1978 371 2039 τὴν
391 1982 491 2025 τοῦ
513 1975 669 2036 ολου]
690 1984 794 2024 Nam
814 1980 866 2025 τὸ
886 1975 992 2038 ἥμι-

145 2052 203 2083 συ
218 2054 295 2107 per
315 2042 624 2105 appositionem
643 2041 832 2080 additum
857 2048 921 2081 est
939 2041 1003 2081 ad-

144 2091 368 2152 ἡμιόλιον
395 2095 479 2138 καὶ
503 2091 560 2137 τὰ
584 2095 801 2146 τοιαῦτα,
836 2104 879 2140 ut
900 2098 995 2148 qui-

144 2155 226 2196 bus
253 2154 366 2193 inest
394 2154 507 2193 notio
551 2153 728 2192 dimidii.
789 2152 995 2193 Nimirum

145 2202 200 2251 τὸ
259 2202 480 2263 ἡμιόλιον
540 2215 604 2248 est
665 2208 994 2261 sescuplum,

147 2265 586 2316 sesquialterum,
656 2272 821 2304 totum
881 2278 994 2305 cum

147 2321 365 2362 dimidia
426 2321 507 2360 sui
554 2328 705 2384 parte
755 2317 995 2372 (andert-

145 2376 288 2429 halb)
318 2384 358 2416 et
386 2364 534 2417 τᾶλλα
555 2372 614 2417 τὰ
635 2374 838 2417 τοιαῦτα
862 2376 997 2417 intel-

147 2433 349 2487 leguntur
396 2433 824 2484 sesquitertium,
880 2446 996 2473 ses-

150 2490 488 2540 quioctavum
528 2496 567 2528 et
596 2501 704 2540 quae
731 2489 818 2529 alia
849 2490 892 2529 id
920 2501 997 2542 ge-

148 2548 229 2587 nu‘s
266 2552 380 2586 sunt.
420 2546 510 2585 Hoc
543 2545 673 2597 igitur
701 2544 822 2584 dicit:
864 2545 998 2586 noch

149 2602 279 2642 wird
301 2602 395 2642 das
416 2600 747 2641 Anderthalb
769 2601 871 2641 und
892 2603 998 2642 An-

151 2659 309 2699 deres
345 2657 434 2697 der
462 2658 574 2707 Art,
604 2657 694 2697 das
725 2656 888 2697 Halbe
911 2658 999 2709 (die

148 2712 429 2766 Halbschied)
489 2713 586 2753 den
644 2712 851 2766 Begriff
906 2714 997 2755 des

151 2769 359 2811 Ganzen
420 2768 753 2812 aufnehmen.
797 2791 852 2798 ——
901 2766 1001 2811 καὶ

151 2819 550 2880 τριτημόριον,
599 2825 793 2878 triens,
836 2827 1000 2866 tertia

150 2894 294 2946 pars,
338 2882 430 2922 das
471 2881 677 2921 Drittel.
719 2903 772 2910 —
812 2875 1000 2924 πάντα

153 2931 509 2985 τὰτοιαῦτα,
539 2943 585 2976 ut
615 2940 1003 2990 quarta,quin-

152 3000 205 3032 ta
218 3000 640 3046 ‚sextaparsetc.,
661 2994 1001 3046 desgleichen

155 3048 285 3089 auch
326 3049 439 3088 das
459 3048 652 3088 Drittel
691 3049 794 3089 und
819 3050 1000 3115 wdergl

154 3117 216 3146 sc.
269 3095 326 3145 οὗ
376 3100 565 3154 δέξεται
616 3097 703 3157 τὴν
753 3103 837 3145 τοῦ
886 3098 1000 3147 ὅλου

157 3157 311 3203 ἰδέαν.
381 3160 487 3199 Rem
536 3159 695 3199 dudum
751 3161 1001 3202 dilucidavit

153 3215 429 3258 Heindorf:
461 3216 657 3267 quamvis
687 3216 739 3255 de
773 3218 998 3258 verborum

156 3273 304 3315 ordine
343 3271 492 3314 falsus.
535 3271 738 3312 Nimirum
775 3274 996 3321 contraria,

154 3330 306 3382 inquit,
337 3336 436 3370 sunt
463 3341 587 3382 pars
618 3334 657 3367 et
693 3333 873 3371 totum.
915 3328 1001 3370 Sed

93 3395 114 3411 ν
157 3385 553 3439 oertaahquapars‚
572 3392 618 3424 ut
638 3384 878 3431 dimidia
901 3390 1000 3424 ter-

158 3441 197 3482 ti
211 3453 236 3480 a
257 3449 335 3484 etc.
358 3447 398 3481 et
413 3441 671 3481 contrarium
687 3440 845 3490 aliquid
861 3440 1000 3490 habet,

159 3491 212 3539 τὸ
237 3490 458 3540 ἐναντίον
474 3495 558 3539 τοῦ
577 3488 707 3546 ὅλου,
729 3504 777 3536 ut
797 3507 879 3536 non
901 3509 1003 3550 pos-

1082 1648 1135 1688 sit
1155 1654 1288 1688 totum
1309 1647 1434 1699 fieri,
1449 1653 1490 1687 et
1508 1620 1730 1701 praeterea
1751 1645 1927 1698 aliquid,

1081 1716 1162 1754 quo
1185 1717 1252 1743 cet
1256 1710 1298 1744 ta
1318 1704 1460 1754 aliqua
1470 1716 1579 1770 pars
1600 1703 1687 1747 fiat

1137 1759 1369 1813 Cap.L1V.
1406 1755 1481 1813 μή
1511 1773 1606 1813 μοι
1637 1750 1663 1800 ὃ
1694 1749 1763 1800 ἄν
1793 1751 1926 1811 ἔρω-

1080 1814 1150 1857 τῶ
1183 1813 1252 1869 -—]
1297 1817 1386 1856 Hoc
1426 1817 1545 1856 dicit·
1588 1816 1676 1856 noli
1723 1815 1826 1855 mihi
1863 1829 1927 1854 re·

1081 1873 1292 1925 spondere
1323 1872 1470 1912 eodem
1500 1871 1734 1922 vocabulo,
1773 1883 1856 1922 quo
1885 1871 1927 1909 iu

1080 1929 1380 1980 interrogando
1418 1941 1523 1968 usus
1559 1927 1701 1979 fuero,
1741 1927 1819 1967 sed
1854 1939 1930 1980 per

1081 1985 1198 2024 aliud
1225 1997 1311 2023 rem
1343 1983 1551 2036 significa.
1589 1983 1735 2023 Veluti
1759 1995 1851 2022 cum
1874 1995 1929 2022 ex

1080 2047 1123 2080 te
1144 2053 1315 2091 quaero,
1345 2052 1529 2091 quanam
1549 2052 1594 2079 re
1617 2050 1773 2092 corpus
1796 2038 1927 2078 cali-

1082 2097 1195 2136 dum
1236 2095 1324 2147 fiat,
1366 2109 1418 2136 ne
1454 2096 1570 2136 dicas
1611 2096 1810 2143 calore,
1852 2095 1930 2135 sed

1081 2154 1217 2205 igne.
1237 2154 1416 2220 Mltaque,
1424 2142 1450 2193 ὃ
1472 2142 1534 2194 ὂῖν
1556 2144 1708 2218 ἐρωτῶ
1730 2151 1842 2192 idem
1865 2158 1930 2190 est

1084 2209 1197 2259 quod
1235 2199 1260 2248 ὃ
1297 2221 1358 2249 αν
1395 2201 1549 2261 ἐρωτῶ
1587 2204 1748 2272 λέγων.
1807 2207 1929 2255 Quod

1083 2277 1166 2305 non
1188 2265 1496 2318 perspicientes
1525 2265 1653 2304 critici
1677 2276 1820 2303 veram
1844 2263 1926 2303 le(-

1082 2322 1241 2361 tionem
1282 2320 1410 2360 variis
1451 2320 1587 2360 modis
1638 2315 1929 2360 sollicitarunt.

1083 2377 1206 2426 Quod
1243 2378 1498 2416 recentiores
1546 2375 1754 2416 dederunt
1793 2363 1828 2431 ᾧ
1870 2365 1931 2416 ὃῖν

1085 2427 1252 2502 ἐρωτῶ,
1284 2433 1379 2473 ideo
1409 2432 1509 2472 fetri
1537 2444 1620 2473 non
1642 2439 1799 2485 potest,
1828 2432 1929 2483 quia

1085 2482 1266 2555 ἐρωτᾶν
1287 2502 1382 2529 τινι
1403 2501 1485 2529 non
1508 2488 1567 2528 ita
1591 2495 1832 2550 usurpatur.

1142 2541 1282 2600 λέγω
1323 2540 1381 2586 δὲ
1432 2537 1562 2598 παρ’
1608 2559 1676 2597 ην
1723 2539 1780 2584 τὸ
1826 2541 1930 2598 στρ-1

1085 2601 1229 2653 „Volo
1252 2614 1277 2641 a
1298 2609 1338 2641 te
1359 2601 1461 2640 mihi
1480 2602 1538 2640 ita
1554 2601 1813 2666 responderi,
1833 2600 1933 2664 quia
1952 2636 1955 2640 .

1083 2658 1209 2698 video
1251 2665 1293 2697 et
1330 2657 1528 2710 intellego
1572 2650 1738 2710 (ὁρῶν)
1778 2669 1830 2696 ex
1864 2656 1931 2703 iis,

1086 2726 1194 2765 quae
1222 2714 1349 2754 modo
1378 2713 1691 2780 disputavimus
1727 2705 1803 2763 (ἐκ
1839 2709 1932 2752 τῶν

1085 2769 1179 2812 νῦν
1227 2766 1495 2824 λεγομένων
1541 2781 1583 2822 p.
1629 2770 1709 2810 104
1740 2769 1771 2810 D
1812 2765 1931 2820 sqq)

1085 2832 1253 2880 praeter
1281 2827 1396 2867 illam
1408 2826 1774 2890 responsionem,
1806 2836 1931 2876 quarn

1088 2895 1217 2948 supra
1239 2874 1378 2936 (παρ’
1399 2872 1460 2936 ἣν
1482 2875 1534 2923 τὸ
1557 2880 1744 2948 πρῶτον
1767 2876 1932 2943 ἔλεγον

1088 2932 1341 3004 ἀπόκρισιν
1369 2951 1412 2991 p.
1437 2940 1518 2979 100
1538 2937 1573 2979 D
1606 2930 1680 2979 ότι
1709 2936 1772 2994 τῷ
1802 2934 1931 2990 καλῷ

1088 2988 1147 3036 τοὶ
1177 2989 1302 3036 καλὰ
1333 2994 1547 3048 γίγνεται
1576 2987 1701 3035 καλοί
1736 3007 1776 3034 κ.
1803 3007 1843 3033 τ.
1866 2993 1933 3056 λ.)

1091 3051 1255 3092 ostendi
1295 3051 1388 3091 dari
1426 3063 1568 3104 posse,
1611 3056 1722 3090 iecte
1761 3055 1802 3087 et
1841 3048 1934 3087 sine

1085 3107 1170 3148 ullo
1212 3107 1363 3147 erroris
1404 3107 1592 3160 periculo
1631 3098 1742 3158 (τὴν
1777 3095 1929 3155 ‹impii-

1089 3161 1245 3216 λειαν)
1301 3164 1393 3203 daii
1451 3175 1578 3215 posse
1635 3161 1759 3200 aliam
1794 3171 1932 3224 aeque

1087 3231 1227 3260 veram
1270 3226 1310 3259 et
1350 3227 1507 3258 certam
1555 3210 1729 3270 (αλλην
1777 3207 1934 3268 aomo?-

1088 3272 1258 3325 λειαν),
1267 3274 1294 3295 “
1313 3274 1560 3315 FISCHER.
1584 3294 1635 3301 —
1659 3274 1704 3312 ln
1726 3271 1934 3323 proximis

1088 3344 1142 3372 ex
1181 3331 1278 3372 Ald.
1322 3339 1363 3370 et
1401 3330 1524 3369 Bass.
1566 3328 1747 3369 coniecit
1776 3327 1933 3366 Hein-

1089 3387 1317 3428 dorfius.
1348 3381 1466 3428 ὅταν
1496 3383 1546 3426 τί
1572 3377 1622 3425 ἐν
1651 3384 1724 3445 τῷ
1721 3376 1933 3447 σώματι,

1087 3456 1162 3483 οτι
1197 3433 1318 3484 ὅταν
1352 3436 1592 3494 θερμότης
1630 3448 1670 3480 et
1706 3429 1780 3480 ὅτι
1815 3450 1936 3479 οταν

1087 3498 1199 3551 πῦρ.
1244 3500 1377 3539 Acute
1416 3496 1621 3551 profecto.
1669 3494 1755 3535 Nec
1796 3501 1933 3535 tamen
