2158 3718
225 149 296 202 46
870 149 1363 195 PROLEGOMENA

227 294 429 344 minime
456 293 622 351 cadat,
651 294 692 343 si
716 293 971 343 harmonia
998 294 1305 344 contineatur
1341 301 1389 344 et
1433 293 1552 344 nihil
1580 288 1710 344 aliud
1735 295 1828 345 nisi
1853 310 2003 362 quae-

228 364 339 414 dam
366 366 591 431 corporis
619 365 791 414 virium
815 365 1022 415 intentio
1049 371 1134 414 aut
1158 366 1383 415 remissio
1409 367 1486 416 sit.

369 435 471 486 Iam
507 451 624 486 vero
650 437 861 485 refutata
888 436 1118 485 Simmiae
1153 437 1393 486 sententia
1429 437 1723 488 Socrates
1757 437 2005 487 accedit

228 506 298 556 ad
347 507 815 558 examinandam
860 505 1108 556 Cebetis
1157 508 1480 557 rationem.
1532 509 1808 559 Revocatur
1856 509 2005 572 igitur

229 584 341 628 ante
391 579 555 628 omnia
604 579 656 626 in
693 583 911 626 mentem
947 578 1179 641 quidnam
1215 579 1296 636 sit,
1349 579 1477 644 quod
1516 579 1671 630 Cebes
1714 581 1939 628 statuerit
1952 577 2003 644 ¹).

229 648 377 699 Cuius
411 650 650 699 sententia
686 649 963 698 accuratius
1002 649 1311 698 considerata
1348 649 1428 699 ille
1465 649 1592 700 ultro
1628 651 1807 700 fatetur
1834 649 2005 699 diffici-

228 719 324 770 lem
361 735 478 770 sane
513 720 700 769 moveri
737 720 1101 784 quaestionem,
1139 721 1320 785 quippe
1348 735 1471 785 quae
1496 720 1659 770 locum
1686 720 1821 770 illum
1847 720 2005 785 philo-

228 792 430 855 sophiae
457 792 813 855 gravissimum,
843 791 925 855 qui
951 792 1012 839 sit
1038 791 1098 840 de
1125 796 1262 840 ortus
1299 797 1347 840 et
1380 792 1610 841 interitus
1634 807 1801 841 rerum
1830 794 2004 848 causiS,

226 863 432 927 propius
458 862 676 924 attingat.
731 861 837 919 Quo
865 861 1062 926 quidem
1089 861 1198 911 loco
1226 861 1480 912 educimur
1506 861 1760 928 paullatim
1787 862 1847 911 ad
1874 877 2006 911 sum-

227 948 363 982 mum
400 931 521 982 illud
555 933 821 997 sapientiae
855 932 1133 982 Platonicae
1167 934 1428 996 fastigium,
1467 934 1562 982 hoc
1599 939 1672 983 est
1698 933 1759 982 ad
1783 933 2007 983 idearum

228 1003 527 1061 doctrinam,
564 1004 700 1052 unde
733 1004 959 1053 Socrates
985 1002 1267 1053 Platonicus
1293 1005 1472 1054 fatetur
1497 1019 1549 1054 se
1574 1005 1791 1069 primum
1815 1003 2006 1054 intelle-

228 1077 358 1124 xisse
394 1076 611 1124 veritatis
646 1075 899 1124 scientiam
934 1076 1220 1140 neutiquam
1255 1090 1402 1139 posse
1429 1091 1488 1126 ex
1514 1090 1683 1125 rerum
1709 1074 2007 1124 naturalium

229 1146 570 1196 observatione
607 1151 654 1195 et
687 1147 858 1195 notitia
892 1147 991 1195 sive
1028 1162 1086 1195 ex
1121 1145 1377 1203 realism0,
1430 1161 1576 1212 quem
1612 1147 1758 1196 hodie
1795 1145 2007 1196 barbare

231 1232 405 1268 vocare
440 1217 625 1276 solent,
677 1216 889 1275 hauriri,
940 1217 1027 1267 sed
1064 1219 1207 1266 unice
1251 1217 1513 1281 petendam
1550 1233 1655 1268 esse
1692 1233 1750 1267 ex
1786 1217 2009 1267 idearum

229 1289 508 1353 cognitione
534 1289 633 1338 sive
661 1304 720 1337 ex
744 1286 1011 1337 idealism0.
1062 1289 1289 1338 Narrat
1324 1290 1454 1338 enim
1491 1289 1811 1347 Socrates,
1847 1291 2007 1353 prius·

229 1374 377 1424 quam
411 1360 472 1408 ad
499 1359 694 1408 Cebetis
729 1360 1023 1408 sententiam
1050 1359 1358 1423 aggreditur,
1386 1361 1674 1409 universe
1709 1359 1854 1425 quid
1889 1358 2008 1408 sibi

228 1432 287 1479 in
312 1430 787 1495 perscrutandis
812 1446 1017 1479 rerum
1044 1431 1249 1480 causis
1277 1438 1333 1479 et
1357 1430 1708 1480 rationibus
1734 1430 2009 1480 versanti

230 1500 372 1551 olim
406 1502 728 1551 acciderit.
781 1501 1104 1566 Physicorum
1131 1502 1260 1550 enim
1288 1502 1499 1552 decretis
1527 1502 1587 1551 ad
1613 1503 1714 1550 veri
1741 1501 2008 1567 quaerendi

230 1588 378 1622 usum
403 1572 641 1622 traductis
665 1571 805 1621 brevi
832 1575 899 1622 ait
924 1588 976 1622 se
1002 1572 1300 1622 intellexisse
1335 1575 1387 1622 in
1411 1589 1581 1623 rerum
1606 1579 1782 1622 natura
1808 1572 2009 1638 adspec-

228 1643 365 1694 tabili
391 1643 513 1693 nihil
540 1658 670 1701 esse,
715 1644 846 1709 quod
872 1643 1068 1693 ultimas
1092 1659 1262 1693 rerum
1289 1659 1460 1694 causas
1493 1644 1817 1709 patefaceret,
1856 1643 2005 1709 siqui-

230 1715 343 1764 dem
371 1730 495 1780 quae
531 1730 559 1764 a
593 1715 806 1780 physicis
839 1730 932 1780 pro
960 1716 1118 1765 causis
1145 1714 1287 1764 allata
1316 1723 1493 1773 essent,
1522 1731 1577 1765 ea
1602 1717 1803 1765 minime
1828 1716 1925 1764 vim
1951 1730 2008 1764 ac

228 1793 455 1836 naturam
490 1802 661 1836 rerum
698 1788 950 1851 aperirent
975 1802 1032 1836 ac
1058 1786 1381 1836 declararent.
1433 1787 1618 1837 Deinde
1646 1788 1929 1851 cognovisse
1956 1801 2008 1836 se

229 1859 523 1908 sententiam
572 1858 916 1922 Anaxagorae,
969 1859 1052 1923 qui
1087 1864 1304 1908 mentem
1341 1858 1549 1907 divinam
1587 1858 1738 1908 rebus
1782 1857 2009 1907 omnibus

226 1928 538 1993 praefecerit.
591 1928 718 1978 Tum
743 1943 859 1978 vero
885 1943 993 1979 sese
1021 1930 1087 1979 ait
1119 1931 1393 1994 speravisse
1428 1930 1648 1979 futurum
1685 1945 1792 1980 esse
1825 1931 1917 1987 sic,
1955 1935 2011 1978 ut

230 1999 565 2050 Clazomenius
585 2015 827 2066 quaenam
849 2001 1034 2065 optima
1060 2002 1297 2066 cuiusque
1322 2003 1396 2051 rei
1422 2016 1568 2051 causa
1595 2007 1643 2051 et
1668 2003 1793 2051 ratio
1820 2000 2008 2050 videre-

217 2078 310 2121 tur
336 2071 579 2122 subtiliter
606 2073 908 2136 exquireret,
962 2073 1143 2136 quippe
1171 2072 1303 2137 quod
1329 2073 1473 2122 unice
1498 2074 1653 2122 menti
1680 2078 1808 2122 esset
1833 2086 2007 2122 conve-

228 2143 370 2192 niens
397 2158 562 2208 eaque·
579 2143 798 2205 dignum.
852 2143 947 2192 Sed
983 2142 1121 2191 illum
1155 2149 1372 2193 mentem
1400 2151 1447 2194 et
1481 2145 1724 2193 rationem
1751 2144 1812 2193 ad
1838 2157 2009 2193 causas

227 2229 398 2264 rerum
433 2213 753 2264 declarandas
789 2214 988 2263 minime
1026 2214 1328 2273 adhibuisse,
1364 2215 1592 2280 physicas
1627 2221 1818 2264 tantum
1842 2229 1923 2264 res
1951 2229 2008 2263 eo

229 2285 526 2343 traduxisse,
563 2285 694 2335 unde
730 2286 913 2351 optima
947 2286 1184 2351 cuiusque
1219 2287 1293 2335 rei
1328 2287 1452 2335 ratio
1480 2302 1579 2335 non
1607 2291 2006 2351 cognosceretur.

229 2356 336 2415 Quo
364 2357 491 2406 facto
519 2372 628 2407 sese
656 2357 771 2405 dicit
795 2371 902 2405 rem
929 2357 1195 2407 instituisse
1223 2356 1376 2414 aliter,
1407 2358 1475 2406 ad
1504 2373 1651 2408 unas
1678 2357 1849 2408 ideas
1875 2371 2007 2407 sese

227 2427 628 2478 intellexisse
655 2427 768 2477 hac
803 2428 863 2476 in
891 2444 1075 2477 causa
1100 2428 1404 2478 iudicium
1433 2445 1567 2479 esse
1592 2428 2005 2479 referendum.

228 2498 327 2548 Has
355 2499 485 2548 enim
511 2498 598 2548 ubi
623 2500 940 2549 statuerimus
965 2514 1055 2562 per
1082 2515 1133 2549 se
1161 2515 1217 2548 ac
1245 2501 1288 2548 vi
1315 2515 1399 2550 sua
1429 2506 1655 2550 constare
1683 2506 1731 2549 et
1756 2514 2006 2566 quaecun-

229 2584 325 2634 que
362 2570 690 2633 insigniantur
723 2570 918 2619 illarum
954 2571 1153 2619 nomine
1189 2586 1289 2619 non
1323 2571 1464 2620 aliam
1497 2571 1559 2620 ob
1598 2587 1819 2629 causam,
1860 2585 2006 2636 quam

230 2641 343 2703 quia
370 2641 467 2689 sint
491 2640 684 2690 illarum
711 2641 998 2706 participeS‚
1036 2642 1101 2689 ita
1128 2641 1363 2705 appellari
1390 2642 1549 2692 solere
1576 2644 1902 2698 tenuerimus,
1930 2641 2006 2690 fu-

229 2716 396 2760 turum
433 2725 538 2760 esse
573 2726 625 2760 se
662 2711 917 2768 arbitrari,
956 2717 1010 2759 ut
1043 2712 1093 2759 in
1129 2713 1287 2761 causis
1323 2727 1491 2762 rernm
1528 2713 1874 2778 investigandis
1908 2727 2007 2760 non

228 2795 397 2831 rerum
436 2788 751 2831 externarum
788 2782 1199 2831 animadversioni
1237 2789 1425 2833 temere
1459 2784 1732 2834 tribuamus
1771 2785 1934 2833 omnia
1961 2791 2009 2833 et

231 2867 290 2902 ex
315 2868 484 2902 rerum
512 2853 696 2902 effectis
723 2860 868 2917 atque
896 2853 1152 2918 operibnS,
1183 2869 1308 2918 quae
1336 2853 1489 2904 oculis
1517 2861 1807 2912 cernantur,
1838 2870 2007 2905 earum

230 2925 326 2973 vim
352 2931 677 2987 naturamque
704 2925 1041 2981 aestimemuS,
1080 2926 1164 2974 sed
1199 2926 1361 2990 potius
1397 2928 1575 2975 mentis
1600 2926 1873 2977 rationibus
1900 2933 2005 2976 uta-

230 3009 341 3045 mur
368 3010 634 3061 earumque
662 3010 754 3059 ope
781 2995 916 3044 ideas
943 2995 1002 3044 ad
1027 3010 1196 3045 rerum
1216 2997 1449 3046 iudicium
1470 2998 1800 3048 traducamus.
1830 2997 2006 3056 Quam—

230 3081 376 3131 quam
411 3067 462 3115 in
496 3066 672 3115 harum
706 3081 875 3115 rerum
911 3068 1195 3131 quaestione
1232 3083 1338 3117 eam
1375 3071 1652 3118 cautionem
1679 3069 2006 3119 adhibendam

231 3151 336 3186 esse
363 3137 589 3186 Socrates
614 3139 879 3202 praecipit,
908 3144 962 3186 ut
990 3145 1036 3187 et
1061 3140 1248 3202 positae
1274 3141 1544 3190 sumtiones
1569 3142 1663 3190 rite
1690 3141 2006 3205 explorentur

231 3213 280 3258 et
315 3208 354 3258 si
389 3224 479 3273 qua
519 3208 661 3258 altius
698 3209 1060 3258 escendendum
1089 3211 1172 3267 sit,
1199 3211 1247 3259 id
1276 3213 1392 3260 item
1420 3213 1488 3261 sic
1514 3212 1617 3269 fiat,
1657 3217 1710 3260 ut
1733 3227 1796 3260 ne
1822 3213 2004 3276 princi-

228 3281 367 3344 pium
394 3287 442 3329 et
468 3281 815 3346 consequentia
843 3286 1029 3331 temere
1054 3282 1353 3331 misceantur
1366 3280 1419 3348 ²).
1447 3283 1587 3333 Nunc
1612 3282 1810 3348 quidem
1830 3282 2003 3332 Socra-

343 3395 387 3502 ἐξ
418 3394 822 3505 ἓῖἳθ9ἶιῇτεωξ.
854 3452 1120 3504 pertineant
1160 3457 1206 3494 et
1237 3452 1343 3506 quid
1373 3453 1632 3508 significent
1664 3452 1833 3496 otarius
1866 3455 2003 3497 etiam

228 3508 556 3563 perspicietur,
597 3511 637 3549 si
676 3512 939 3563 comparata
977 3511 1150 3550 fuerint
1190 3523 1302 3563 quae
1342 3511 1396 3552 de
1436 3512 1523 3554 hac
1562 3515 1695 3566 parte
1726 3511 2003 3555 dialecticae
