2158 3718
563 188 1080 242 SYMPoslUM.
1116 207 1162 256 p.
1205 190 1309 238 219
1350 191 1424 242 st.
1719 192 1821 243 181

145 335 309 394 ταῦτ’
358 341 521 401 ἐστίν,
567 326 646 390 ὧν
688 331 851 390 οὐδὲν
891 328 1072 398 ἄλλως
1113 333 1324 405 εἴρηται
1365 329 1400 402 ἢ
1443 331 1517 398 ὡς
1561 337 1824 392 διανοοῦ-

145 440 275 494 μαι·
335 442 402 477 συ
457 423 537 476 δὲ
564 414 736 484 αὐτὸς
779 414 923 474 οὕτω
966 415 1252 488 βουλεύου,
1299 414 1329 474 6
1373 439 1428 473 τι
1470 422 1560 474 σοι’
1601 440 1659 474 τε
1701 417 1824 492 ἄρι-

146 526 282 563 στον
322 508 416 562 καὶ
459 506 583 575 ἐμοὶ
625 500 760 572 ἡγεῖ.
838 500 1014 567 Ἀλλ’,
1056 506 1178 577 ἔφη,
1225 500 1392 558 τοῦτό
1422 523 1480 571 γε
1523 494 1581 557 εὖ
1625 506 1821 574 λέγεις·

144 594 206 654 ,ἐν
258 586 372 662 γὰρ
423 590 502 658 ’τῷ
554 585 767 642 ἐπιόντι
813 584 996 659 χρόνῳ
1038 584 1428 658 βουλευόμενοι
1470 584 1748 659 πράξομεν
1791 584 1820 643 ὃ

145 670 221 728 ἂν
244 677 516 748 φαίνηται
557 675 671 742 νῷν
717 674 839 742 περί-
879 691 937 725 τε
983 670 1197 725 τούτων
1239 673 1331 726 καὶ
1357 673 1478 743 περὶ
1507 673 1618 726 τῶν
1642 668 1825 726 ἄλλων

147 753 396 828 ἄριστον.
478 753 609 826 Ἐγώ
649 757 751 827 μὲν
795 751 861 822 δὴ
907 757 1087 810 ταῦτα
1131 752 1383 819 ἀκούσας
1427 776 1481 810 τε
1521 757 1614 810 καὶ
1657 752 1824 811 εἰπών

145 842 240 896 καὶ
296 839 462 915 ἀφεὶς
518 838 693 911 ὥςπερ
747 841 879 910 βέλη
923 841 1248 909 τετρῶσθαι
1302 836 1478 894 αὐτὸν
1516 835 1689 909 ᾤμην.
1730 843 1824 895 καὶ

146 922 404 990 ἀναστάς
447 946 521 995 γε,
570 922 696 980 οὐδὲ
739 926 1041 999 ἐπιτρέψας
1082 922 1264 993 τούτῳ
1309 929 1478 979 εἰπεῖν
1519 921 1683 979 οὐδὲν
1724 929 1822 996 ἐ’τι,
1882 928 1885 933 '

145 1015 426 1107 αμφιεσας
466 1006 531 1064 τὸ
577 1007 801 1080 ἱμάτιον
844 1003 908 1062 τὸ
957 1010 1198 1079 ἐμαυτοῦ
1226 1009 1431 1062 τοῦτον
1462 1039 1549 1048 —
1575 1009 1669 1062 καὶ
1714 1005 1821 1083 γὰρ

145 1083 219 1159 ἦν
259 1090 461 1164 χειμών
484 1087 718 1158 -,υπό
758 1087 860 1145 τὸν
904 1093 1147 1162 τρίβωνα
1192 1093 1536 1156 κατακλινεὶς
1569 1088 1670 1147 τὸν
1697 1113 1825 1147 του-

145 1179 298 1240 τουΐ,
349 1172 662 1247 περιβαλὼν
714 1170 788 1227 τώ
840 1185 985 1246 χεῖρε
1041 1172 1222 1244 τούτῳ
1278 1177 1356 1244 τῷ
1419 1177 1685 1246 δαιμονίῳ
1754 1173 1828 1242 ὡς

143 1258 381 1328 ἀληθῶς
423 1262 517 1320 καὶ
560 1261 911 1330 θαυμαστῷ,
949 1262 1269 1329 κατεκείμην
1312 1254 1414 1325 τὴν
1456 1258 1630 1314 νύκτα
1674 1257 1826 1328 ὅλην.

150 1450 289 1494 Bekk.
323 1443 490 1502 s'cribit,
521 1449 598 1492 sed
631 1451 759 1492 etiam
793 1463 817 1492 e
847 1449 976 1492 Bodl.
1011 1454 1055 1490 et
1084 1452 1180 1492 Vat.
1202 1447 1252 1489 A
1284 1448 1365 1490 fuit
1395 1450 1659 1495 mutandum.

266 1508 317 1553 B.
359 1507 530 1565 ‹vs-nep
559 1508 704 1563 βέλη]
738 1507 814 1548 Sic
838 1507 960 1550 Bodl.
985 1507 1082 1549 Vat.
1093 1505 1147 1548 A.
1171 1507 1752 1561 Par.1›1<.vat.p.vind.7.
1786 1517 1830 1553 et

146 1578 280 1620 supra
318 1578 488 1608 versum
522 1566 671 1608 Ambr.
711 1566 825 1608 Vett.
870 1564 991 1608 editt.
1021 1563 1148 1617 βέλει.
1211 1564 1415 1606 Correxit
1441 1565 1651 1609 Abresch.
1683 1568 1823 1610 Lectt.

147 1624 359 1666 Aristaen.
390 1637 432 1677 p.
457 1621 557 1667 207

261 1679 438 1733 τούτῳ
467 1682 673 1730 εἰπεῖν]
706 1682 840 1719 τοῦτο
876 1678 1005 1721 Bodl.
1037 1678 1133 1720 Vat.
1156 1675 1206 1719 A.
1241 1678 1353 1730 Ang.
1375 1692 1425 1719 w.
1460 1677 1578 1735 αὐτῷ
1612 1682 1764 1724 Ambr.

261 1737 322 1781 τὸ
358 1739 607 1792 ἐμαυτοῦ
638 1735 864 1789 τοῦτον]
897 1737 1018 1778 Unus
1047 1734 1206 1789 Steph.
1233 1739 1385 1787 τοῦτο,
1416 1735 1550 1789 quod
1565 1737 1722 1781 frustra
1752 1738 1830 1781 fuit

147 1796 219 1849 qui
250 1800 461 1839 tueretur.
517 1794 727 1837 Nimirum
768 1795 920 1835 statuit
957 1793 1231 1838 Hom'melius
1271 1793 1539 1836 Alcibiadem
1581 1795 1691 1837 haec
1730 1809 1830 1838 nar·

149 1858 315 1898 tantem
348 1854 580 1895 etiamtunc
611 1852 764 1893 eodem
795 1852 922 1904 pallio
949 1864 1075 1892 usum
1108 1862 1220 1893 esse.

263 1910 466 1951 κατακλ
482 1909 615 1957 ινεὶς
652 1907 709 1949 τὸ
725 1924 748 1947 ν
787 1908 1049 1962 τουτουῒ]
1090 1904 1254 1949 τούτου
1287 1906 1414 1949 Bodl.
1448 1906 1544 1948 vat.
1565 1905 1618 1950 A.
1656 1909 1762 1952 Ven.
1782 1911 1828 1956 Ξ.

149 1966 568 2011 Vind.2.-Par.DK.
589 1968 699 2021 Aug.
716 1979 765 2009 w.
793 1965 942 2022 Vat.p.
974 1967 1021 2010 In
1053 1965 1172 2008 Flor.
1194 1977 1236 2005 n.
1266 1965 1429 2019 legitur
1457 1967 1642 2007 τουτονί.

146 2107 214 2150 do
229 2121 253 2150 c
266 2107 291 2149 11
323 2106 478 2151 80118111
499 2107 632 2150 modo
651 2109 840 2150 solemus
859 2105 948 2147 uti·

150 2179 211 2209 es
249 2165 407 2218 fiingt
440 2165 495 2218 ja
535 2166 628 2207 das
669 2170 815 2218 Auge
851 2163 948 2207 des

150 2222 382 2264 Geistes
420 2227 533 2263 erst
571 2235 630 2264 an
663 2221 857 2263 scliarf
881 2233 947 2261 zu
978 2227 981 2230 ⁴

151 2279 344 2331 seben,
392 2293 544 2320 wann
586 2280 672 2321 die
716 2277 948 2320 Schiirfe

1030 2106 1185 2159 parari.
1236 2105 1318 2147 vid.
1360 2105 1450 2161 Wy
1459 2106 1743 2150 ttenbach.
1776 2108 1831 2150 ad

1032 2162 1250 2205 Plutarch.
1284 2163 1340 2205 de
1369 2164 1466 2206 Ser.
1494 2164 1619 2208 Num.
1642 2164 1810 2220 Vind.p

1032 2218 1087 2263 56
1110 2234 1172 2273 sq.
1199 2227 1243 2262 et
1261 2235 1355 2262 mea
1376 2221 1428 2262 ad
1449 2221 1611 2263 Phileb.
1636 2236 1672 2276 p
1693 2222 1748 2266 56
1760 2236 1823 2277 sq.

1032 2277 1241 2320 Similiter
1280 2279 1317 2320 L
1322 2279 1422 2319 atini
1469 2278 1612 2320 dicunt
1659 2281 1828 2322 verba

151 2338 247 2379 der
269 2341 454 2390 Augen
484 2336 831 2378 aufzuh6ren
862 2336 948 2377 be-

149 2395 323 2462 ginnt,
342 2393 562 2436 Pindar.
585 2395 749 2450 Olymp.
773 2393 846 2435 IV.
866 2391 946 2435 29:

150 2451 200 2492 ου
236 2449 390 2504 ψεύὸεῖ
415 2451 544 2504 τέγξω
570 2451 714 2505 λόγον.
744 2447 945 2504 διέπειρα

148 2524 218 2550 τοι
237 2512 406 2565 βροτῶν
429 2512 612 2562 ἔλεγχος.
644 2509 827 2562 Eurip.
850 2508 940 2560 He-

151 2566 247 2610 cub.
280 2579 323 2609 v.
352 2565 460 2611 232·
493 2564 632 2620 σοφόν
661 2582 733 2607 τοι
761 2582 810 2605 κα
797 2565 838 2604 ἰν
868 2581 944 2604 κα-

147 2626 240 2670 κοῖς
277 2620 306 2665 ἃ
340 2623 406 2664 δεῖ
434 2629 618 2677 φρονεῖν.
659 2622 876 2666 Heraclid.
905 2635 945 2666 v.

150 2681 259 2727 589.
300 2682 520 2736 μέμνησθε
550 2680 629 2733 τὴν
659 2680 863 2736 σώτειραν
891 2677 947 2725 ὥς

148 2737 305 2794 θάψαι
342 2737 490 2792 χρεών.
535 2736 738 2780 κάλλιστά
778 2753 852 2779 τοι
882 2737 948 2778 δί-

147 2811 285 2837 καιον.
316 2796 504 2849 Iphigen.
539 2797 633 2838 Aul.
655 2809 691 2837 v⁴
716 2794 814 2839 312.
853 2794 944 2836 Sed

148 2853 262 2907 apud
302 2858 453 2906 poetas
491 2855 679 2908 tragicos
720 2853 815 2894 1111111
864 2851 946 2894 1108

151 2922 233 2951 usu
272 2908 548 2960 frequentius.
604 2909 800 2952 Eundem
840 2922 944 2951 vero

153 2967 280 3008 etiam
321 2967 489 3007 solutae
520 2967 726 3008 orationis
761 2966 945 3020 scripto-

153 3024 270 3065 ribus
310 3021 622 3076 frequentatum
664 3037 759 3064 esse
803 3023 946 3064 disces

153 3080 360 3133 exemplis
408 3080 461 3120 ab
509 3079 844 3122 Heindorfio
891 3079 945 3122 ad

159 3138 383 3190 Protagor.
416 3151 452 3190 p
475 3134 575 3180 346.
610 3137 659 3180 C
693 3142 738 3179 et
766 3150 791 3177 a
822 3137 947 3178 nobis

153 3195 207 3237 ad
240 3195 392 3248 Re.mp
426 3194 480 3236 X.
514 3207 558 3248 p.
585 3193 683 3238 595.
715 3194 765 3234 C.
795 3195 948 3236 allatis.

215 3252 248 3294 B
298 3251 383 3291 καὶ
412 3249 570 3302 ἀφεὶς
598 3249 763 3306 ω’ςπερ
792 3250 944 3305 βέλη]

155 3307 429 3354 1111811.τοὺς
458 3307 627 3362 λόγους.
663 3309 815 3351 Solent
833 3308 946 3350 enim

149 3380 259 3420 quae
288 3367 354 3407 vel
385 3373 511 3408 acute
538 3367 605 3409 vel
624 3366 779 3407 acerbe
807 3366 848 3407 in
869 3366 947 3407 ali-

149 3436 275 3478 quem
309 3424 527 3475 dicuntur,
568 3436 663 3466 cum
697 3423 794 3467 telis
825 3435 946 3466 com-

1031 2335 1295 2387 iaculari,
1330 2337 1575 2388 vibrare,
1609 2341 1826 2391 torque-

1030 2405 1115 2444 re,
1147 2395 1214 2436 al.
1249 2392 1303 2434 de
1333 2394 1485 2446 quibus
1514 2393 1705 2437 formulis
1738 2397 1827 2437 ele-

1027 2454 1181 2503 gauter
1221 2448 1414 2503 disputat
1464 2452 1653 2496 Muret.
1703 2452 1827 2494 Varr.

1029 2506 1413 2553 Lectt.v111.21
1474 2509 1676 2551 Ceterum
1706 2509 1826 2563 quod

1030 2563 1371 2617 metaphoricum
1416 2566 1582 2608 dicendi
1619 2579 1754 2620 genus
1781 2569 1826 2609 111

1029 2634 1158 2663 unum
1190 2624 1419 2665 conflatum
1460 2630 1527 2666 est
1555 2637 1651 2667 cum
1683 2625 1826 2668 verbis

1029 2679 1235 2733 propriis,
1279 2679 1376 2722 1111111
1418 2681 1494 2723 hac
1532 2681 1697 2723 ratione
1736 2682 1823 2724 fre-

1029 2737 1242 2789 quentius.
1302 2737 1488 2780 Prorsus
1530 2743 1578 2780 ut
1617 2739 1824 2782 hocloco

1029 2793 1196 2835 Phileb.
1219 2808 1260 2848 p
1285 2794 1414 2838 23.B
1429 2798 1574 2851 εβέλη
1603 2799 1710 2847 ἔχειν
1738 2795 1827 2838 ἕτε-

1029 2866 1110 2923 qa
1115 2856 1197 2892 τῶν
1224 2828 1472 2908 ἔμπροσθὲν
1506 2852 1651 2908 λόγων.

1029 2913 1574 3022 n.“z‘.⁹.⁹135⁶;:.5..25...
1607 2911 1823 3009 25:535]

1030 3024 1071 3076 pl
1075 3022 1128 3064 ici
1189 3027 1433 3068 accusativo
1487 3030 1732 3067 constructo
1782 3038 1819 3065 v.

1032 3079 1309 3125 Matthiae
1343 3084 1383 3134 §.
1416 3082 1514 3127 418.
1544 3097 1584 3135 g.
1614 3105 1669 3112 -
1714 3080 1818 3122 ὑπὸ

1029 3152 1069 3179 τ.
1116 3139 1379 3193 τρίβωνα,
1428 3140 1462 3180 11.
1509 3153 1547 3180 8.
1597 3139 1820 3191 pallium

1030 3195 1203 3250 longo
1233 3210 1329 3239 usu
1360 3197 1636 3246 detritum,
1666 3198 1822 3248 quale

1030 3254 1287 3296 solebant
1325 3259 1551 3305 gestare
1582 3252 1820 3306 philoso-

1029 3307 1133 3363 phi.
1164 3326 1204 3352 v.
1237 3308 1606 3364 Wyttenbach.
1637 3310 1690 3351 ad
1719 3311 1822 3352 Plu-

1029 3366 1162 3410 tarch.
1191 3370 1257 3412 De
1274 3368 1467 3410 Discrim.
1492 3369 1584 3409 Am.
1618 3372 1662 3410 et
1694 3367 1819 3411 Adul.

1028 3437 1070 3479 p.
1093 3425 1159 3470 52.
1183 3426 1232 3468 C.
1251 3425 1350 3471 440.
1372 3424 1438 3468 ed.
1462 3424 1546 3467 Ox.
