2158 3718
757 195 837 232 AD
878 195 1239 234 SYMPOSIUM.
1637 198 1849 238 LXXVII

222 321 418 392 Itaque
454 322 537 375 his
573 320 750 375 missis
787 321 894 373 iam
929 323 1029 376 hoc
1064 340 1229 376 unum
1266 321 1595 387 adiiciamus,
1641 336 1851 395 praeter

154 391 569 464 Xenophontem
623 401 785 460 atque
830 392 1111 446 Platonem
1167 392 1361 445 multos
1417 392 1550 445 alios
1607 396 1851 451 extitisse

152 462 482 532 antiquitatis
525 461 896 533 philosophos,
941 463 1036 531 qui
1081 460 1370 532 Symposia
1416 462 1731 530 scriberent,
1791 477 1852 520 ut

152 534 239 586 vel
277 550 402 586 suas
419 532 504 584 'de
524 549 720 585 'amore
756 533 1031 603 opiniones
1067 533 1154 586 vel
1189 532 1293 585 alia
1329 532 1488 585 etiam
1523 535 1720 604 placita
1756 556 1852 590 sua

151 602 494 666 illustrarent,
568 621 758 655 uorum
783 603 1038 655 memoria
1061 621 1227 671 quum
1250 602 1317 656 ab
1343 602 1479 666 aliis,
1505 612 1618 657 tum
1643 624 1676 658 a
1698 605 1849 660 Plu-

154 671 379 725 tarcho
423 672 481 724 in
529 620 881 738 Quaestionn.
935 671 1317 726 Convivalibus
1367 681 1574 727 servata
1619 684 1717 728 est.
1785 677 1852 730 In

151 760 379 811 quorum
410 760 636 796 numero
673 743 908 807 fuerunt,
945 751 1004 796 ut
1036 742 1168 796 alios
1193 751 1413 807 taceam,
1453 744 1613 797 etiam
1636 747 1851 800 Aristo-

153 813 287 866 teles
323 821 378 866 et
415 810 775 884 Speusippus,
813 813 1055 867 Platonis
1091 832 1159 866 ex
1198 832 1376 867 sorore
1411 833 1600 884 nePOS,
1639 816 1705 868 de
1732 818 1851 886 qui-

152 882 255 936 bus
299 883 425 936 vide
469 883 708 936 Athen.
742 882 875 936 XV.
915 884 997 935 16.
1047 883 1337 937 Macrob.
1385 882 1602 938 Saturn.
1640 885 1766 940 VH.
1802 888 1852 940 3.

153 951 489 1006 Plutarch.
531 951 756 1019 Quaest.
795 951 1092 1006 Convivall.
1133 953 1207 1006 in.
1281 952 1354 1005 Et
1399 953 1589 1007 horum
1634 957 1853 1024 quidem

155 1022 357 1094 scripta
392 1040 456 1076 eo
491 1025 666 1094 magis
705 1023 994 1075 dolendum
1030 1031 1112 1076 est
1149 1023 1293 1090 quod
1339 1042 1446 1076 non
1493 1026 1727 1079 tulerunt
1753 1033 1853 1080 'ae-

154 1100 336 1156 tatem,
376 1093 502 1161 quia
537 1094 651 1145 sine
689 1092 852 1146 dubio
887 1092 1011 1144 inde
1037 1093 1108 1144 ad
1141 1091 1405 1145 Platonici
1443 1095 1621 1163 operis
1656 1096 1854 1150 intelli-

152 1162 390 1233 gentiam
425 1180 534 1215 non
569 1181 762 1232 parum
796 1162 1041 1214 utilitatis
1077 1163 1387 1232 percepturi
1425 1181 1680 1218 essemus.
1741 1166 1854 1220 Ve-

151 1251 272 1284 rum
318 1231 568 1301 quoniam
614 1250 751 1301 quae
792 1233 955 1285 semel
989 1232 1202 1303 perdita
1249 1240 1397 1297 sunt,
1457 1251 1520 1285 ea
1563 1253 1855 1306 numquam

152 1307 380 1373 possunt
412 1302 652 1366 restitui,
691 1311 991 1373 temporum
1026 1302 1276 1355 iniuriam
1300 1303 1636 1356 consolemur
1661 1305 1755 1371 sic,
1794 1318 1855 1360 ut

154 1389 292 1441 quae
335 1372 478 1426 bona
507 1372 676 1441 vnobis
712 1372 888 1426 adhuc
934 1381 1244 1443 supersunt,
1299 1372 1366 1424 iis
1414 1374 1683 1443 sapienter
1728 1395 1854 1446 per-

155 1443 398 1495 fruamur
443 1450 498 1495 et
542 1443 612 1494 ad
661 1461 907 1496 caussam
941 1442 1284 1497 humanitatis
1320 1443 1607 1497 iuvandam
1644 1455 1853 1500 susten-

154 1512 476 1582 tandamque
509 1521 740 1567 utamur.

753 1734 1250 1803 CODICES.

224 1869 605 1918 Bodleianus
649 1885 689 1916 s.
723 1867 1126 1916 Clarkianus.
1183 1867 1440 1918 Coislin.
1479 1865 1600 1937 (Γ),
1639 1871 1772 1921 Vat.
1813 1870 1852 1920 Δ

159 1936 354 2006 (225),
381 1956 526 2002 quem
551 1939 755 1987 contulit
775 1938 1055 1996 Bekkerus3
1090 1939 1237 1986 aliam
1262 1939 1570 1988 collationem
1595 1944 1800 1990 subinde
1826 1960 1856 1991 a

155 2011 365 2058 Bekkeri
398 2010 586 2058 indiciis
622 2010 995 2073 discrepantem,
1032 2025 1182 2071 quam
1212 2009 1393 2057 fecerat
1427 2010 1640 2071 Bastius,
1676 2013 1855 2074 insigni

158 2080 449 2129 humanitati
491 2078 610 2127 Chr.
653 2080 760 2127 Fel.
804 2079 997 2127 Baehrii
1011 2115 1024 2139 ‚
1082 2079 1171 2127 viri
1213 2079 1553 2139 eruditissimi,
1602 2083 1852 2130 debemus.

155 2151 304 2198 Ven.
331 2145 387 2198 Ξ.
425 2150 594 2197 Vind.
620 2144 664 2195 Υ
685 2150 826 2197 nobis
859 2150 977 2197 olim
1009 2165 1145 2196 num.
1166 2146 1216 2196 2.
1237 2151 1474 2210 signatus.
1512 2150 1783 2201 Vindob.
1807 2150 1854 2201 1.

156 2228 207 2268 et
240 2219 289 2267 7.
331 2236 362 2267 a
393 2219 564 2267 Bastio
606 2220 658 2266 in
692 2220 957 2282 scriptione
986 2220 1064 2266 De
1101 2218 1358 2282 Symposio
1372 2219 1587 2268 Platon.
1629 2223 1854 2279 adhibiti;

156 2290 298 2338 Pari
310 2290 433 2337 sini
448 2285 664 2336 DEFK
683 2284 816 2354 (cod.
828 2289 880 2336 K
896 2289 1039 2337 etiam
1051 2289 1296 2350 Bipontini
1313 2290 1391 2336 usi
1409 2285 1566 2354 sunt).
1586 2289 1694 2338 Am
1707 2294 1738 2339 b
1750 2309 1792 2339 r.
1813 2309 1853 2339 r.

158 2359 251 2407 An
260 2360 370 2422 gel.
389 2375 517 2407 u.w.
540 2358 683 2405 Vati
694 2374 734 2406 c.
748 2365 859 2421 n‘.p.
872 2375 913 2406 r.
927 2373 965 2405 s.
991 2357 1133 2405 Ven.
1150 2365 1184 2405 t.
1197 2354 1500 2422 (postremus
1513 2360 1854 2422 liberpriorem

158 2435 349 2477 tantum
375 2427 621 2491 Symposii
652 2436 841 2490 partem
865 2424 1122 2493 eontinet).
1159 2426 1508 2475 Florentini
1531 2445 1576 2476 a.
1602 2430 1651 2476 b.
1677 2445 1720 2478 c.
1743 2431 1778 2478 i.
1803 2446 1853 2478 n.

157 2498 436 2548 Palatini
459 2498 708 2561 Excerpta
731 2514 763 2545 a
787 2497 1029 2552 Creuzero
1054 2497 1236 2560 publici
1266 2498 1385 2544 iuris
1408 2497 1552 2546 facta.
1591 2499 1857 2548 Praeterea

158 2568 439 2618 Rfickertus
481 2568 704 2616 adhibuit
742 2567 1145 2616 Raudnitiensem
1185 2567 1365 2615 librum
1407 2575 1457 2615 et·
1485 2562 1854 2629 Zittaviensem,

159 2639 245 2701 qui
277 2639 506 2700 quoniam
541 2637 892 2686 admirabiliter
925 2653 1036 2685 cum
1058 2638 1341 2685 Vindobon.
1367 2632 1410 2684 Υ
1434 2643 1483 2685 et
1505 2638 1634 2690 Ven.
1661 2652 1701 2686 ε.
1736 2655 1855 2689 con-

160 2710 392 2769 sentiunt,
416 2726 447 2758 a
469 2709 609 2757 nobis
631 2718 746 2757 raro
770 2715 885 2757 sunt
908 2707 1286 2756 commemorati.

302 2864 412 2904 inter
439 2863 596 2915 pocula
625 2865 677 2903 de
707 2875 848 2904 amore
879 2863 1149 2903 disserentem
1179 2862 1338 2914 fingere
1367 2862 1585 2903 voluisset.
1616 2861 1765 2915 Neque
1793 2868 1854 2904 ta-

303 2931 403 2960 men
431 2919 513 2959 hac
543 2919 787 2960 defensione
815 2919 1026 2970 acquievit
1053 2918 1165 2958 Hen
1174 2918 1287 2958 rich
1298 2932 1317 2958 s
1326 2931 1413 2969 en.,
1443 2920 1516 2970 qui
1536 2920 1581 2959 in
1609 2921 1646 2960 E
1655 2921 1733 2970 pis
1742 2925 1759 2958 t
1769 2920 1854 2959 ola

307 2974 498 3014 critica
527 2977 589 3015 ad
620 2974 730 3015 Car.
760 2975 900 3015 Frid.
929 2973 1278 3015 Hermanuum
1313 2976 1372 3015 de
1403 2975 1629 3016 consilio
1661 2975 1695 3015 C
1708 2976 1855 3014 onvi-

306 3029 378 3067 vii
405 3029 628 3081 Xenoph
638 3042 663 3069 o
673 3030 780 3069 ntei
790 3060 802 3080 ,
832 3030 1018 3071 Sleswici
1037 3043 1074 3070 a.
1100 3034 1220 3070 1844.
1242 3031 1365 3079 edita,
1395 3031 1572 3082 singulis
1602 3031 1854 3082 quibusdam

305 3085 505 3136 pristinae
534 3086 763 3125 sententiae
791 3086 977 3137 partibus
1007 3085 1179 3126 mutatis
1197 3087 1404 3126 rationem
1424 3099 1543 3127 suam
1571 3086 1742 3126 omnino
1764 3085 1852 3135 qui-

308 3142 404 3180 dem
433 3140 645 3180 vindicare
674 3141 846 3181 studuit.
877 3141 963 3182 Sed
990 3153 1077 3181 non
1106 3142 1314 3182 concessit
1341 3142 1407 3182 illi
1436 3148 1584 3194 postea
1612 3141 1797 3181 Herma
1807 3152 1852 3178 n-

308 3209 372 3235 nu
382 3209 402 3236 s
412 3226 422 3245 ‚
453 3196 514 3235 uti
543 3196 632 3247 ipse
662 3195 872 3248 professus
902 3202 965 3237 est
993 3197 1037 3236 in
1068 3198 1350 3249 disputatione
1377 3198 1419 3238 D
1430 3210 1453 3237 e
1484 3197 1519 3237 C
1532 3209 1593 3236 on
1603 3196 1731 3235 vivii
1760 3195 1802 3235 X
1814 3207 1853 3234 e-

307 3252 599 3304 nophontei
630 3253 957 3304 temporibus
985 3253 1034 3293 P.
1055 3252 1090 3293 1.
1120 3265 1162 3306 p.
1183 3258 1222 3293 4.
1254 3253 1370 3296 Gott.
1393 3255 1455 3294 ed.
1480 3256 1599 3292 1844.
