2158 3718
365 0 1163 51 wrvfflfflfflmw
1234 0 1316 26 ι
1345 0 1375 6 “
1441 0 1444 3 ’
1474 0 1479 5 ·’
1520 0 1522 5 ’
1564 0 1566 4 ’

153 291 202 325 n.
227 273 344 326 189.
370 275 658 338 inscriptum
679 279 1037 338 putaveramus,
1065 273 1141 324 vel
1167 289 1227 324 ex
1251 273 1309 323 iis
1336 272 1551 338 intellegi
1576 274 1773 339 poterit,
1802 288 1928 339 quae

154 346 216 396 ad
240 345 526 411 Apologiam
554 351 602 393 et
628 344 876 394 Critonem
905 345 1017 394 inde
1044 345 1358 394 (mutavimus,

293 415 484 472 Restat,
544 420 599 464 ut
655 414 957 464 narrandum
1017 417 1080 465 sit
1138 415 1385 466 Christo
1402 414 1658 478 phorum
1707 414 1932 464 Eberh.

153 485 513 536 Finckhium
541 500 700 550 nuper
725 499 849 534 novo
877 485 970 534 sibi
996 500 1199 535 munere
1226 484 1450 535 homines
1474 484 1750 535 litterarum
1777 485 1931 535 Grae·

152 572 324 606 carum
361 556 604 606 studiosos
640 555 939 613 devinxisse,
982 557 1162 621 quippe
1189 557 1272 621 qui
1298 555 1493 604 tandem
1523 571 1582 605 ex
1609 555 1931 605 bibliotheca-

153 642 265 676 rum
314 626 517 676 latebris
567 628 618 674 in
667 625 914 690 publicam
977 626 1135 677 lucem
1195 628 1436 691 protraxit
1494 625 1931 691 Olympiodori

96 734 97 738 ,
158 695 405 746 'Scholia
442 698 502 746 in
539 696 862 746 Platonem
911 703 1055 762 atque
1091 698 1245 747 doctis
1281 698 1644 746 commentariis
1689 697 1932 746 instructa

157 767 303 816 edidit
349 766 490 817 Heil
507 766 788 817 bronnae
847 767 1089 817 sumtibus
1139 768 1180 817 J.
1227 766 1329 818 Ulr.
1378 766 1629 817 Sandherr
1677 765 1828 817 1847.
1879 765 1929 817 8.

160 834 310 893 Quem
345 838 541 901 quidem
578 837 759 887 librum
795 838 1069 887 Phaedonis
1102 837 1370 888 lectoribus
1407 840 1564 895 omni,
1605 852 1698 901 qua
1725 852 1814 902 par
1840 844 1930 894 est,

157 905 402 971 diligentia
429 907 692 973 legendum
720 908 1135 958 commendamus.

532 1020 578 1085 h)
623 1020 700 1069 De
740 1019 1127 1069 editionibus
1165 1019 1533 1069 Phaedonis.

295 1117 365 1167 De
403 1118 697 1179 editionibus
722 1118 998 1168 Phaedonis
1024 1133 1118 1167 una
1155 1134 1266 1168 cum
1294 1117 1497 1183 reliquis
1523 1117 1739 1168 Platonis
1766 1119 1931 1181 operi-

159 1187 252 1237 bus
285 1187 421 1238 factis
459 1188 640 1238 dictum
678 1195 752 1239 est
785 1191 833 1238 in
870 1190 1000 1238 exitu
1036 1189 1351 1252 praefationis
1389 1188 1448 1237 ad
1475 1188 1730 1237 Platonem
1756 1188 1860 1238 Vol.
1892 1189 1930 1238 Ι.

158 1257 210 1307 S.
237 1257 271 1306 Ι.
302 1272 345 1322 p.
370 1259 539 1309 LXVII
564 1274 637 1322 sq.
668 1267 716 1310 et
741 1275 787 1324 p.
815 1257 884 1309 46
912 1275 983 1323 sq.
1020 1260 1188 1324 Itaque
1214 1265 1454 1323 superest,
1483 1266 1537 1308 ut
1561 1259 1656 1308 hoc
1681 1259 1790 1308 loco
1817 1258 1932 1309 libri

159 1327 394 1380 editiones
428 1332 691 1394 separatim
729 1332 878 1380 factas
924 1346 1102 1395 easque
1137 1330 1211 1379 his
1244 1329 1550 1394 temporibus
1586 1330 1757 1394 dignas
1791 1344 1929 1378 men-

157 1398 290 1448 tione
316 1414 672 1450 recenseamus,
702 1401 808 1460 Quo
835 1402 1034 1450 nomine
1059 1401 1300 1465 imprimis
1321 1400 1640 1450 memoranda
1666 1407 1780 1450 sunt
1805 1400 1931 1450 haec

156 1484 325 1533 opera.
572 1479 576 1484 '

300 1539 577 1591 Platonis
613 1541 842 1605 dialogi
883 1543 1181 1607 quinque,
1217 1542 1493 1598 Erastae,
1535 1541 1927 1606 Euthyphro,

157 1609 477 1675 Apologia,
533 1613 725 1670 Crito,
775 1613 1032 1662 Phaedo,
1104 1614 1291 1663 Graece
1343 1618 1390 1662 et
1427 1613 1597 1661 Latine
1642 1627 1752 1661 cum
1802 1612 1931 1660 notis

159 1681 418 1731 Nathan.
443 1683 740 1732 Forsteri.
778 1682 952 1731 Oxonii
981 1680 1133 1733 1745.
1162 1681 1212 1732 8.
1265 1683 1450 1732 Iterum
1476 1682 1657 1732 ibidem
1690 1679 1839 1732 1752.
1878 1679 1928 1731 8.

158 1751 329 1802 Refert
361 1757 540 1801 textum
588 1753 823 1817 Stephani
865 1768 976 1802 cum
1024 1753 1257 1803 brevibus
1303 1754 1668 1803 commentariis
1703 1767 1792 1817 pro
1836 1751 1930 1802 illis

157 1821 463 1885 temporibus
487 1824 750 1873 admodum
778 1824 933 1874 doctis
962 1829 1009 1873 et
1035 1823 1358 1886 elegantibus.

299 1892 576 1944 Platonis
625 1894 993 1960 Euthyphro
1052 1894 1355 1958 Apologia
1419 1894 1697 1944 Socratis
1757 1894 1929 1943 Crito

157 1963 413 2012 Phaedo
451 1964 684 2014 Graece
718 1965 777 2014 ad
815 1965 960 2014 fidem
998 1965 1138 2014 codd.
1182 1980 1293 2014 mss
1333 1964 1541 2028 Tubing.
1579 1967 1780 2027 August.
1809 1963 1928 2013 alio-

158 2049 369 2098 rumque
408 2041 455 2083 et
491 2033 727 2084 librorum
756 2036 999 2084 editorum
1024 2042 1242 2085 veterum
1270 2036 1519 2085 recensuit
1545 2035 1820 2084 emendavit
1847 2050 1932 2084 ex-

157 2103 354 2166 plicavit
388 2104 508 2153 loh.
551 2105 786 2154 Frider.
826 2105 1160 2155 Fischerus
1209 2106 1402 2169 Lipsiae
1451 2103 1602 2155 1783.
1651 2105 1726 2154 ed.
1768 2106 1928 2154 tertia.

158 2173 387 2223 Continet
411 2184 606 2238 praeter
634 2176 915 2239 diligentem
951 2175 1214 2225 lectionum
1243 2182 1334 2225 vet.
1365 2175 1438 2225 ed.
1470 2183 1518 2224 et
1543 2175 1685 2224 codd.
1715 2174 1930 2238 Tubing.

160 2250 209 2294 et
232 2245 432 2308 August.
461 2261 720 2295 recensum
758 2247 1211 2309 interpretationem
1248 2245 1552 2309 singulorum
1581 2244 1845 2295 verborum
1883 2252 1931 2294 et

160 2316 526 2364 enuntiatorum
555 2318 919 2378 grammaticam
947 2332 1153 2380 eamque
1179 2318 1294 2365 satis
1320 2321 1613 2365 accuratam.

300 2384 575 2435 Platonis
611 2386 856 2451 Dialogi
892 2397 1046 2443 treS,
1084 2386 1359 2443 Phaedo,
1399 2387 1751 2449 SophisteS,
1781 2387 1930 2435 Pro-

157 2463 215 2505 ta
232 2470 424 2519 goras,
500 2456 787 2506 Emendavit
836 2464 883 2507 et
932 2459 1246 2506 annotatione
1298 2458 1530 2507 instruxit
1580 2456 1720 2506 Lud.
1766 2456 1926 2505 Frid.

157 2525 586 2577 Heindorfius.
630 2527 843 2577 Berolini
880 2525 1029 2577 1810.
1067 2525 1097 2577 8
1125 2527 1235 2576 mai.
1313 2527 1540 2576 Continet
1572 2527 1836 2577 verborum
1883 2534 1932 2576 et

159 2597 508 2646 sententiarum
551 2599 1007 2662 interpretationem
1049 2598 1439 2654 subtilissimam,
1482 2600 1547 2647 ita
1592 2605 1645 2646 ut
1687 2598 1929 2662 imprimis

155 2667 383 2716 dictionis
416 2668 694 2718 Platonicae
730 2670 852 2718 ratio
888 2669 1117 2726 ducatur,
1154 2684 1321 2719 rerum
1349 2674 1510 2718 autem
1537 2671 1755 2732 ipsarum
1782 2674 1929 2733 atque

162 2739 439 2800 argumenti
466 2740 678 2787 universi
705 2741 866 2803 operis
893 2755 1011 2788 cura
1037 2739 1141 2789 fere
1167 2738 1390 2803 neglecta
1417 2740 1493 2789 sit.

174 2807 178 2809 ’
299 2807 572 2857 Platonis
607 2810 909 2859 Phaedon.
961 2809 1259 2874 Explanatus
1294 2815 1342 2859 et
1377 2810 1663 2859 emendatus
1697 2808 1928 2873 prolego-

160 2880 315 2928 menis
342 2884 389 2926 et
415 2881 726 2929 annotatione
752 2879 1026 2929 Danielis
1055 2879 1529 2946 Wyttenbachii.
1567 2880 1794 2942 Lugduni
1818 2880 1928 2929 Bat.

160 2946 310 2998 1810.
352 2945 399 2997 8.
451 2950 632 2998 Textus
668 2959 742 2999 est
777 2951 1135 3014 Stephanianus
1168 2952 1218 2999 in
1254 2952 1616 3000 commentariis
1641 2951 1721 2999 hic
1758 2956 1806 3000 et
1830 2949 1929 2999 illic

159 3018 469 3074 emendatus;
500 3022 836 3069 commentarii
862 3027 1117 3070 versantur
1143 3027 1246 3070 tum
1274 3023 1325 3070 in
1351 3021 1618 3070 verborum
1644 3026 1747 3070 tum
1773 3022 1824 3068 in
1850 3035 1928 3069 re-

156 3104 267 3138 rum
320 3088 639 3151 explicatione
689 3091 915 3139 adhibitis
964 3093 1205 3153 imprimis
1249 3094 1524 3141 recentium
1562 3090 1928 3141 Platonicorum

157 3158 358 3223 opibus;
398 3158 744 3222 prolegomena
771 3168 932 3210 autem
960 3161 1317 3223 elegantissime
1344 3164 1525 3225 scripta
1552 3160 1795 3210 illustrant
1819 3160 1927 3211 Pla-

161 3231 287 3278 tonis
311 3229 544 3294 placitum
572 3231 631 3279 de
658 3231 1021 3281 immortalitate
1061 3239 1205 3296 atque
1239 3231 1402 3281 locum
1439 3231 1803 3296 philosophiae,
1844 3232 1927 3295 qui
2018 3288 2021 3290 ,

159 3305 233 3348 est
259 3300 318 3348 de
345 3300 493 3348 animi
519 3300 727 3363 simplici
763 3308 931 3350 natura
969 3308 1016 3351 et
1040 3301 1416 3352 immortalitate.
1470 3303 1690 3366 Repetita
1718 3309 1790 3351 est
1814 3301 1927 3348 libri

159 3369 305 3418 editio
333 3369 502 3434 Lysiae
530 3386 572 3420 a.
603 3368 778 3425 1825„
819 3379 958 3420 aucta
995 3371 1345 3435 supplementis
1378 3373 1704 3421 annotationis
1732 3371 1790 3420 ab
1819 3372 1925 3433 ipso

161 3437 530 3504 Wyttenbachio
553 3443 598 3490 in
612 3440 930 3491 Miscellaneis
945 3442 1202 3491 Doctrinae
1223 3444 1321 3491 sive
1336 3442 1685 3491 Philomathiae
1698 3441 1828 3489 Libr.
1845 3440 1927 3488 111.
