2222 3762
1658 166 1809 220 XXI

114 309 384 374 fendenda
421 321 714 380 sumserat,
756 311 920 382 idque
960 311 1074 379 sic,
1114 320 1175 363 ut
1211 326 1311 380 pro
1351 328 1498 362 more
1534 308 1803 379 posterio-

112 405 231 438 rum
276 383 646 437 Eleatic-orum
711 391 826 436 arte
881 382 1167 436 dialectica
1215 380 1511 434 studiosius
1559 387 1804 432 uteretur

111 455 181 508 ad
219 474 284 508 ea
322 454 701 522 dilucidanda,
755 454 839 507 vel
887 454 1069 525 potius
1119 454 1436 506 abuteretur
1472 451 1541 520 *).
1620 448 1804 517 Quare
1861 450 1863 452 ’

110 526 268 580 facile
316 534 402 579 est
451 525 524 578 adv
566 525 1008 597 intelligendum,
1063 524 1156 594 qui
1195 525 1396 576 factum
1432 522 1531 590 sit,
1582 529 1644 574 ut
1680 522 1802 574 Me-

109 597 280 668 garici
314 597 699 668 impugnarent
735 597 983 651 Platonis
1023 595 1352 665 doctrinam,
1391 601 1453 646 ut
1490 612 1629 663 quae
1666 591 1802 644 Par-

107 667 335 722 menidis
373 668 696 721 sententiam
743 668 810 721 de
851 669 1043 737 οὐσίᾳ,
1097 667 1343 738 quamvis
1389 684 1642 736 magnam
1681 669 1802 716 'cum

108 740 202 792 illa
237 739 464 792 haberet
500 738 907 792 similitudinem
945 747 1000 792 et
1027 738 1423 810 cognationem,
1462 743 1643 789 tamen
1678 754 1801 806 per-

108 818 318 864 vertere
365 809 609 880 adeoque
657 812 854 864 erroris
905 829 1202 882 coarguere
1241 809 1530 862 videretur.
1605 807 1801 876 Itaque

107 902 219 939 non
268 889 468 934 temere
506 882 798 953 suspiceris
836 881 1082 935 ardorem
1125 879 1475 951 disputandi,
1532 897 1639 947 quo
1677 879 1801 931 Me-

107 953 279 1025 garici
313 953 368 1006 in
405 952 556 1006 ideas
579 953 827 1013 Platonis
864 953 1067 1006 invecti
1102 953 1229 1020 sint,
1261 971 1480 1005 causam
1505 949 1799 1017 exstitisse,

107 1044 204 1078 cur
242 1024 330 1077 hic
366 1043 476 1076 non
514 1023 651 1080 adeo
707 1023 800 1076 diu
840 1023 987 1093 apud
1027 1042 1121 1076 eos
1161 1031 1522 1075 commoratus
1561 1021 1649 1072 sit.
1725 1020 1798 1072 Il-

105 1095 203 1148 lud
239 1102 446 1156 certum
483 1094 807 1163 iudicamuS,
847 1113 1125 1148 sermones
1160 1093 1315 1161 illos‘,
1352 1092 1446 1162 qui
1483 1090 1799 1162 Sophistae,

105 1165 326 1221 Politici
373 1173 427 1218 et
463 1165 807 1220 Parmenidis
843 1165 1060 1219 nomine
1096 1164 1349 1236 inscripti
1386 1170 1545 1229 sunt,
1603 1182 1634 1214 a
1673 1161 1799 1215 Pla-

105 1245 232 1295 tone
270 1255 380 1290 non
417 1244 541 1289 ante
577 1237 680 1290 hoc
719 1247 934 1309 tempus
972 1256 1090 1291 esse
1128 1237 1487 1306 conscriptOS,
1529 1245 1637 1303 quo
1675 1234 1799 1286 Me-

104 1309 411 1380 garicorum
451 1307 795 1379 disciplinam
844 1309 1150 1362 accuratius
1189 1306 1538 1378 cognovisset
1573 1312 1628 1357 et
1666 1305 1799 1375 quid

103 1380 182 1432 illi
230 1379 511 1434 doctrinae
561 1399 691 1434 suae
738 1388 1104 1452 opponerent,
1165 1379 1283 1451 ipse
1348 1377 1650 1430 audivisset
1696 1377 1794 1446 ⁸⁸³⁸).

105 1450 433 1520 Quanquam
483 1470 592 1504 non
643 1451 898 1524 exiguum
959 1471 1224 1504 annorum
1282 1449 1518 1520 spatium
1578 1446 1797 1501 videtur

104 1522 394 1576 effluxisse⁴
431 1542 604 1592 usque
647 1522 717 1575 ad
753 1522 888 1576 illud
924 1530 1174 1593 tempus,
1229 1541 1337 1591 quo
1386 1527 1679 1590 reponeret
1728 1519 1794 1572 iis

104 1592 351 1663 quae,ad
388 1593 779 1647 defendendam
816 1594 1079 1647 rationem
1126 1613 1278 1647 suam
1315 1593 1575 1646 valerent.
1648 1591 1796 1643 Nam

104 1674 160 1719 et
191 1666 379 1718 insunt
422 1665 480 1718 in
517 1665 623 1723 illis
671 1665 823 1720 libris
865 1685 1005 1736 quae
1045 1665 1433 1718 accuratiorem
1470 1663 1794 1733 pleniorem-

104 1756 210 1807 que
267 1735 670 1808 Pythagoricae
731 1737 1033 1807 sapientiae
1099 1736 1469 1808 cognitionem
1536 1731 1791 1804 prodant,

103 1827 266 1878 quam
304 1808 408 1861 sibi
443 1816 557 1860 tum
596 1828 908 1880 comparare
945 1809 1189 1880 potuisse
1211 1806 1480 1874 videatur,
1522 1813 1577 1858 et
1615 1824 1791 1873 omne,

103 1878 251 1949 quod
289 1879 531 1951 proxime
568 1881 926 1949 sequebatur,
966 1889 1182 1949 tempus
1221 1878 1504 1931 itineribus
1543 1895 1793 1930 consum-

103 1952 193 2020 sit,
233 1970 371 2020 quae
409 1951 667 2004 librorum
703 1951 1040 2005 edendorum
1079 1951 1306 2004 consilia
1342 1948 1693 2002 retardarent.

242 2022 462 2077 Etenim
497 2022 814 2077 incredibile
853 2022 986 2076 illud
1024 2023 1324 2094 sapientiae
1363 2020 1630 2088 studium,
1682 2039 1790 2088 quo

101 2093 394 2165 flagrabat,
459 2092 665 2162 effecit,
736 2101 798 2147 ut
846 2095 903 2146 in
949 2094 1192 2163 Italiam,
1244 2095 1592 2165 Aegyptum,
1655 2090 1789 2143 alias

100 2172 304 2232 terras,
343 2165 615 2235 proficisci
654 2166 1007 2218 constitueret
1042 2166 1168 2234 ***).
1242 2164 1426 2232 Quum
1474 2164 1642 2235 igitur
1678 2182 1789 2214 ma-

167 2419 216 2473 *J
245 2419 314 2459 De
354 2417 672 2469 Megaricorum
712 2418 928 2470 dogmatis
969 2424 1012 2458 et
1051 2418 1286 2470 disciplina
1324 2430 1465 2470 pauca
1495 2423 1595 2458 sunt
1624 2418 1681 2457 ad
1709 2431 1787 2470 po-

243 2477 451 2518 steritatis
482 2476 735 2522 memoriam
762 2477 948 2526 tradita,
981 2489 1092 2528 quae
1123 2477 1356 2528 diligenter
1387 2477 1565 2527 collegit
1605 2482 1648 2515 et
1687 2478 1786 2517 illu-

242 2535 400 2575 stravit
435 2533 590 2574 Ferd.
635 2533 844 2585 Deyks:
891 2534 958 2574 De
996 2534 1321 2586 Megaricorum
1367 2534 1582 2575 doctrina.
1643 2536 1786 2578 Bonn.

243 2592 368 2636 1827.
408 2591 448 2636 8.
517 2590 635 2631 Usos
682 2591 783 2631 illos
829 2604 924 2632 esse
965 2592 1242 2638 Parmenidis
1299 2591 1484 2632 decretis
1533 2599 1647 2635 recte
1697 2596 1785 2636 iam

244 2649 554 2691 Bruckerns
595 2650 708 2690 vidit
739 2649 853 2691 Hist.
894 2650 985 2702 phil
1034 2649 1087 2690 T.
1123 2649 1159 2688 I.
1191 2663 1234 2702 p.
1266 2649 1365 2692 612.
1400 2664 1439 2690 V.
1471 2651 1601 2691 etiam
1633 2652 1784 2706 Spal-

242 2709 388 2761 ding.
419 2707 594 2748 vindic.
622 2707 988 2759 philosophorum
1017 2707 1342 2759 Megaricorum
1371 2721 1412 2760 p.
1444 2707 1484 2750 3.

153 2765 220 2819 Μ)
251 2766 431 2818 Respici
461 2766 579 2805 enim
608 2765 654 2804 in
686 2763 897 2817 Sophista
936 2771 979 2806 et
1007 2765 1268 2806 Parmenide
1297 2767 1569 2817 potissimum
1600 2769 1657 2807 ad
1688 2769 1782 2810 Me-

128 2879 219 2937 ...)
242 2823 767 2930 2352‘032-3325‘1‘233255?
771 2824 1784 2937 3:3555223ss‘'gsszessgffssff‘izvzff'tag..

242 2945 309 2980 est
351 2944 544 2980 veterum
583 2938 845 2994 scriptorum
884 2939 1115 2979 dissensio.
1156 2953 1198 2984 v,
1239 2940 1435 2980 Astius
1476 2940 1514 2980 I.
1556 2953 1592 2981 c.
1633 2954 1674 2993 p.
1720 2943 1775 2986 22

243 3010 362 3050 sqq.,
405 2998 479 3048 qui
524 2995 781 3038 Ciceronem
822 2996 876 3036 de
904 2996 1003 3038 Fin.
1040 2996 1095 3036 V.
1127 2997 1196 3040 29.
1228 2997 1405 3038 Tuscul.
1436 2999 1465 3039 l.
1495 2998 1563 3043 17.
1605 2999 1658 3038 de
1689 3000 1772 3041 Re-

240 3052 359 3108 publ.
387 3054 422 3094 1.
454 3053 521 3096 10.
559 3059 733 3094 secutus
773 3059 921 3094 censet
958 3055 1268 3108 philosophum
1305 3056 1445 3107 primo
1485 3057 1530 3095 in
1572 3057 1777 3111 Africam,

247 3113 405 3165 deinde
434 3112 481 3152 in
509 3111 680 3151 Italiam
712 3124 808 3152 esse
838 3112 1096 3164 profectum.
1137 3113 1191 3153 cf.
1233 3112 1456 3154 Corsini
1501 3115 1561 3154 de
1600 3119 1774 3157 natali

243 3171 332 3210 die
377 3168 660 3216 Platonis,
701 3170 821 3210 eius
871 3175 1053 3210 aetate
1092 3175 1145 3210 et
1182 3172 1239 3211 in
1279 3173 1504 3212 Italiam
1554 3173 1772 3214 itineri-

242 3229 363 3278 bus,
393 3228 446 3267 in
478 3225 639 3266 Gorii
670 3225 948 3279 Symbolis
978 3228 1239 3269 Litterar.
1271 3230 1373 3270 Vol.
1410 3229 1483 3269 VI.
1514 3243 1558 3282 p.
1578 3229 1662 3272 100
1681 3245 1775 3284 sqq.

241 3285 460 3338 Equidem
497 3288 668 3324 secutus
706 3297 801 3324 sum
842 3286 1124 3338 Apuleium
1163 3292 1385 3328 auctorem
1422 3286 1474 3327 T.
1516 3287 1576 3328 ΙΙ.
1614 3301 1654 3340 p.
1694 3288 1775 3333 186

242 3344 310 3384 ed.
344 3341 649 3394 Oudendorp„
682 3355 809 3394 quem
838 3349 954 3384 recte
982 3344 1194 3385 iudicavit
1223 3345 1514 3399 Menagius
1544 3346 1601 3386 ad
1629 3346 1775 3388 Laert.

242 3401 539 3453 discrepantes
577 3399 763 3440 aliorum
802 3402 1078 3443 narrationes
1114 3403 1158 3444 in
1200 3404 1398 3444 ordinem
1435 3404 1650 3455 redigere.
1708 3406 1776 3444 Ac
