2158 3718
340 182 447 232 2⁰2
532 254 536 257 .

1450 120 1482 148 ἡ

978 183 1396 238 PLATole

340 324 660 397 κεισόμευον
688 324 860 427 παρὰ
907 330 981 397 τῷ
1011 327 1308 398 Σωκράτει
1330 328 1712 386 &Wotaofiw
1757 330 2018 408 ἐξαίφνης

345 413 401 465 δὲ
442 407 738 482 κωμαστὰς
779 409 929 478 ἣκειν
972 411 1336 482 παμπόλλους
1377 417 1463 470 ἐπὶ
1507 411 1614 480 τὰς
1655 412 1872 489 θύρας,
1927 418 2022 471 καὶ

344 493 700 566 ἐπιτυχόντας
738 493 1122 566 ἀνεῳγμέναις,
1164 495 1404 563 ἐξιόντος
1444 496 1596 564 τινὸς
1640 505 1715 564 εὶς
1757 495 1822 555 τὸ
1865 494 2022 555 ἄντι-

344 600 502 650 κρυς,
545 577 890 651 πορεύεσθαι
932 579 1085 652 παρὰ
1129 584 1277 657 σφᾶς
1319 585 1412 638 καὶ
1437 587 1888 650 κατακλίνεσθαι,
1932 586 2024 639 καὶ

345 661 610 736 θορύβου
653 659 825 735 μεστὰ
870 661 1056 719 πάντα
1084 662 1239 732 εἶναι,
1280 669 1373 721 καὶ
1407 664 1587 722 οὐκέτι
1629 672 1688 723 ἐν
1714 665 1901 738 κόσμῳ
1931 665 2025 724 οὐ-

344 750 457 803 δενὶ
497 744 923 814 ἀναγκάζεσθαι
985 753 1161 804 πίνειν
1199 751 1501 822 πάμπολυν
1557 750 1730 807 οἶνον.
1782 749 1884 807 τὸν
1924 755 2026 823 μὲν

346 823 449 888 οὖν
485 828 844 903 Ἐρυξίμαχον
886 835 980 888 καὶ
1037 830 1135 889 τὸν
1182 837 1435 906 Φαῖδρον
1479 837 1575 891 καὶ
1625 830 1829 901 ἄλλους
1870 834 2027 901 τινας

344 921 449 992 ἔφη
495 913 525 971 ὁ
566 912 967 988 Ἀριστόδημος
1013 917 1273 989 οἴχεσθαι
1328 917 1633 984 ἀπιόντας,
1690 922 1714 973 ἓ
1757 922 1814 975 δὲ
1847 916 2028 976 ὕπνον

253 1017 294 1067 c
345 1003 537 1073 λαβεῖν
579 1002 672 1055 καὶ
718 1004 1107 1074 καταδαρθεῖν
1149 999 1299 1058 πάνυ
1333 1000 1491 1070 πολύ,
1535 999 1636 1058 ἅτε
1663 1005 1892 1075 μακρῶν
1919 1006 2030 1058 τῶν

345 1087 561 1141 νυκτῶν
603 1083 814 1149 ουσῶν,
858 1085 1179 1157 ἐξεγρέσθαι
1220 1089 1278 1144 δὲ
1321 1084 1464 1160 πρὸς
1503 1085 1715 1159 ἡμέραν
1757 1082 1863 1156 ἤδη
1905 1086 2030 1142 ἀλε-

261 1235 275 1251 ,
345 1167 630 1241 κτρυόνων
671 1167 939 1241 ἀδόντων,
979 1169 1327 1244 ἐξεγρόμενος
1372 1176 1428 1228 δὲ
1468 1175 1603 1228 ἰδεῖν
1632 1168 1763 1236 τοὺς
1788 1175 1890 1243 μὲν
1918 1168 2030 1226 άλ-

345 1258 478 1320 λους
517 1253 912 1319 καθεύδοντας
953 1258 1046 1312 καὶ
1077 1261 1422 1328 οἰχομένους,
1474 1253 1784 1327 Ἀγάθωνα
1833 1259 1890 1310 δὲ
1936 1258 2030 1311 καὶ

463 1416 514 1458 Β.
575 1415 598 1458 ἓ
624 1415 679 1457 δὲ
719 1433 895 1460 υπνον
931 1418 1144 1474 λαβεῖν]
1177 1419 1252 1461 Sic
1281 1418 1410 1461 Bodl.
1443 1418 1572 1461 vind.
1590 1417 1632 1462 2.
1667 1417 1769 1459 Par
1792 1417 1846 1459 D.
1882 1417 2031 1462 Ambr.

347 1474 443 1516 Vat.
467 1488 509 1528 p.
528 1486 562 1515 r.
594 1473 718 1518 Vind.
747 1477 783 1518 1.
805 1476 844 1520 2·
869 1475 910 1519 7.
973 1479 1109 1530 Vulgo
1140 1482 1252 1519 erat:
1284 1474 1500 1521 ἀπιόντας
1529 1474 1729 1516 oz'nadev‘
1719 1474 1848 1515 ἶπνον
1877 1475 2034 1529 stapel-1.

346 1532 438 1574 Pro
468 1532 553 1573 isto
586 1531 651 1571 οῑκ
654 1532 728 1574 αδε
759 1533 858 1576 Par
870 1531 923 1574 K.
953 1532 1025 1588 ἐμὲ
1053 1511 1119 1586 δὲ,
1153 1533 1255 1575 Par.
1273 1533 1321 1574 F.
1350 1533 1445 1577 Vat.
1460 1545 1500 1574 n.
1529 1535 1578 1574 ἔα
1607 1533 1674 1584 δὲ,
1709 1532 1841 1574 Coisl.
1869 1532 1965 1574 Par.
1980 1531 2031 1573 Ε.

349 1591 459 1642 Ang.
483 1602 533 1630 w
571 1589 668 1630 Vat.
690 1604 726 1633 s.
742 1595 774 1632 t.
809 1596 854 1632 et
883 1604 947 1644 pr
983 1594 1093 1642 Αιισ
1118 1604 1161 1633 u.
1206 1590 1316 1632 ἕαδε.
1355 1590 1474 1634 Flor.
1492 1604 1530 1634 a.
1553 1605 1589 1633 c.
1609 1591 1638 1631 i.
1667 1588 1716 1631 ἕα
1745 1590 1805 1631 δέ.
1857 1589 2022 1634 Ven.'‘
1985 1603 2032 1631 c..

347 1651 395 1690 m
425 1646 472 1688 δὲ
501 1645 681 1701 liabent,
722 1649 876 1702 quibus
909 1624 1128 1691 erroribus
1167 1648 1290 1691 vides
1321 1655 1541 1704 receptam
1573 1648 1828 1702 scripturam
1861 1647 2035 1704 egregie

350 1703 603 1782 confirmari.

465 1762 515 1806 C.
573 1766 783 1816 μακρῶν
831 1766 929 1804 τῶν
973 1765 1206 1815 νυκτῶν]
1249 1767 1411 1818 μικρῶν
1448 1763 1550 1806 Par.
1570 1750 1674 1804 DK.
1708 1755 1803 1802 Vat

1824 1773 1867 1815 p.
1926 1760 2035 1802 Dein

348 1819 644 1876 ἐξεγείρεσθαι
674 1821 777 1863 Par.
791 1819 887 1862 EF.
911 1821 1007 1865 Vat.
1020 1834 1060 1862 ιι.
1077 1834 1111 1862 s.
1135 1820 1292 1863 Flor.i.
1325 1834 1422 1864 cum
1454 1817 1555 1862 Bas.
1591 1821 1626 1865 1.
1695 1818 1832 1872 Vulgo
1873 1817 2036 1872 ἐξέγρε-

349 1879 476 1919 σθαι.
509 1879 746 1920 Accentum
778 1879 968 1920 correxit
999 1877 1146 1921 Astius
1176 1879 1218 1920 in
1247 1878 1358 1920 Lex.
1392 1893 1428 1922 s.
1460 1891 1498 1926 ν.
1533 1900 1587 1906 -
1624 1874 1900 1932 ἐξεγρόμενον
1929 1875 2033 1917 Par.

350 1934 456 1976 DK.
490 1934 584 1992 vat,
603 1948 644 1988 p.

459 1969 816 2048 Ἀριστοφάνη
847 2009 932 2032 και
962 1990 1246 2047 Σωκράτη]
1283 1993 1335 2036 V.
1358 1989 1686 2050 Ἀριστοφάνην,
1717 1988 2035 2044 praeterfidem

350 2008 548 2092 codicum
582 2050 710 2092 Bodl.
735 2050 829 2091 Vat.
845 2050 897 2091 A.
920 2050 1052 2093 Coisl.
1075 2051 1173 2092 Par.
1187 2050 1335 2094 DFK.
1361 2055 1468 2105 Ang.
1482 2064 1532 2095 w.
1559 2050 1655 2092 vat.
1668 2054 1700 2093 t.
1723 2048 1839 2089 Flor.
1862 2060 1902 2088 ιι.

462 2107 513 2148 Ι).
574 2108 1004 2162 τραγῳδοποιόν
1039 2107 1174 2151 ὅντα
1204 2086 1641 2164 κωμῳδουποιόν]
1675 2102 2038 2162 τραγῳδιοποιόν

406 2220 460 2263 Β.
521 2221 597 2268 εἰς
636 2220 694 2263 τὸ
738 2221 1036 2292 ἄντικρυς]
1075 2237 1153 2266 co-

349 2277 499 2321 haeret
529 2293 625 2321 cum
659 2281 717 2326 ἑΞι
705 2278 849 2326 ιόντος
880 2297 945 2321 τιν
950 2279 1011 2329 ός.

408 2352 425 2376 ε
458 2337 510 2378 δὲ
540 2336 709 2378 ὕπνον
740 2339 803 2378 λα
777 2338 953 2394 αβεῖν]
987 2351 1046 2380 se
1076 2339 1153 2393 ip-

352 2407 469 2436 sum
528 2399 711 2438 autem
761 2395 1152 2450 (Aristodemum)

352 2465 538 2494 somno
571 2458 794 2507 captum
826 2466 967 2495 esse.
1009 2453 1154 2495 Phae-

353 2510 457 2551 drus
501 2515 544 2551 et
587 2509 896 2566 Eryximachus
942 2523 1019 2552 eur
1068 2512 1153 2552 iam

353 2568 653 2621 discesserint,
706 2568 818 2609 ratio
880 2569 922 2609 in
982 2576 1155 2622 promtu

354 2630 437 2667 est.
500 2624 610 2667 Nam
656 2625 965 2678 Eryximaclius
1015 2627 1155 2668 medi-

354 2695 434 2723 cus
453 2683 812 2735 intemperantiae
848 2694 931 2724 non
962 2682 1154 2724 favebat.

353 2738 582 2780 Phaedrus
621 2745 764 2780 autem
807 2739 929 2780 huius
972 2740 1152 2780 consilio

355 2795 525 2837 solebat
573 2796 886 2848 obtemperare.
943 2807 983 2835 v.
1024 2806 1152 2848 supra

354 2867 397 2908 p.
421 2852 514 2895 176.
548 2853 599 2893 D.
630 2851 817 2894 Pliaedr.
851 2865 892 2905 p.
916 2851 1012 2896 227.
1048 2856 1097 2892 Α.

413 2937 464 2979 C.
522 2934 613 2978 ἅτε
652 2940 874 2990 μακρῶν
923 2941 1023 2977 τῶν
1061 2953 1151 2978 νυν

357 3000 463 3037 κτῶ
478 2999 529 3046 ν]
579 2994 689 3037 Nam
733 2993 966 3048 Agatlionis
1013 2993 1155 3036 sabula

358 3058 455 3095 acta
495 3057 562 3095 est
593 3053 801 3104 Lenaeis,
843 3051 879 3092 Ιι.
916 3065 954 3093 e.
990 3051 1156 3094 Game-

361 3112 474 3153 lione
521 3123 691 3162 mense3
745 3123 784 3151 v.
823 3109 1057 3163 Kriiger.
1101 3109 1155 3152 ad

361 3169 543 3210 Clinton.
575 3167 697 3210 Fast.
726 3167 896 3210 Hellen.
927 3181 966 3221 p.
999 3166 1100 3211 345.

418 3254 601 3307 ἐξεγρ
625 3251 867 3306 άμενος
904 3253 956 3294 δὲ
984 3252 1154 3307 ἰδεῖν]

360 3312 664 3365 Exspectabas
703 3309 996 3367 ἐξεγρόμενον.
1035 3324 1158 3366 prae·

363 3368 479 3411 cedit
510 3370 621 3411 enim
642 3385 658 3408 ε
684 3370 728 3410 δὲ
747 3369 1026 3412 accusativus.
1068 3368 1157 3411 Sed

364 3426 463 3470 vide
495 3431 639 3470 annot.
668 3426 738 3472 ad.
769 3441 810 3482 p.
841 3426 938 3473 220.
974 3426 1020 3468 Ε.

1288 2221 1476 2279 Ἀγάθ.
1522 2222 1577 2264 δὲ
1630 2219 1719 2262 καὶ
1762 2217 2037 2274 Ἀριστοφ.

1235 2298 1273 2324 κ.
1302 2298 1342 2325 τ.
1377 2283 1414 2321 λ.
1429 2284 1446 2330 1
1488 2278 1679 2334 Egregie
1709 2277 1813 2320 haec
1845 2277 2039 2319 Socratis

1237 2338 1591 2393 temperantiam,
1623 2335 1963 2378 moderationem
1997 2340 2042 2376 et

1238 2396 1522 2439 constantiam
1544 2390 1782 2444 declarant,
1807 2392 1880 2445 qui
1908 2404 2037 2445 quum

1238 2467 1316 2508 per
1346 2458 1483 2495 totam
1524 2456 1698 2493 noctem
1731 2463 1825 2492 cum
1859 2449 2040 2490 homini-

1238 2513 1318 2553 bus
1358 2512 1578 2565 epularum
1629 2507 1928 2550 amantissimis
1975 2506 2042 2547 bi-

1239 2570 1402 2619 bisset,
1435 2573 1577 2609 tamen
1608 2566 1777 2607 sobrius
1809 2577 1947 2617 neque
1978 2563 2041 2604 vi-

1238 2639 1295 2668 no
1341 2625 1582 2678 vigiliisque
1625 2622 1848 2664 confectus
1879 2635 1901 2661 a
1935 2633 2040 2660 con—

1237 2683 1352 2724 vivio
1385 2682 1595 2723 discessit.
1631 2679 1745 2720 conf.
1776 2691 1816 2731 p.
1850 2675 1944 2720 176.
1977 2675 2039 2717 C.

1235 2737 1446 2792 Σωκράτη
1487 2735 1531 2776 δ’
1575 2736 1727 2789 ἐξαιρῶ
1767 2732 1912 2788 λόγου.
1974 2732 2041 2775 Ne

1235 2796 1337 2836 talia
1367 2793 1538 2847 quidem
1563 2790 1817 2845 negligenda
1840 2796 1938 2832 sunt
1969 2792 2037 2842 iis,

1236 2853 1307 2905 qui
1339 2851 1393 2893 de
1422 2851 1694 2902 dialogorum
1717 2849 2036 2890 Platonicorum

1236 2913 1492 2962 argumento
1529 2913 1573 2948 et
1602 2906 1782 2949 consilio
1806 2905 2040 2960 prudenter

1238 2967 1431 3009 iudicare
1461 2966 1624 3008 volunt

1295 3023 1426 3064 ουτε
1479 3020 1580 3077 γὰρ
1639 3020 1692 3066 ἐξ
1751 3018 1925 3073 ἀρχῆς
1983 3041 2041 3049 —--

1238 3078 1649 3129 υπονυστάζειν
1717 3077 1798 3131 τε]
1879 3076 1944 3118 De
1995 3091 2040 3116 τε

1240 3145 1342 3194 post
1372 3137 1472 3180 οὔτε
1505 3138 1622 3179 illato
1644 3136 1833 3177 diximus
1863 3133 1916 3175 ad
1938 3132 2040 3175 Phi-

1243 3198 1325 3239 leb
1359 3196 1492 3250 p.50.
1520 3198 1564 3237 et
1580 3193 1635 3235 ad
1661 3194 1844 3246 Apolog
1868 3192 2039 3233 Socrat.

1240 3269 1376 3354 p..·D
1407 3308 1468 3352 τὸ
1498 3310 1697 3363 μέντοι
1734 3302 2042 3361 κεφάλαιον

1240 3370 1365 3424 ἔφη,
1406 3367 1581 3422 πρ.]ιι
1594 3364 1701 3406 uod
1746 3368 1926 3405 autem
1959 3374 2040 3403 ca-

1246 3431 1334 3481 put
1364 3424 1444 3469 rei
1475 3423 1767 3467 attineret.
1801 3418 1966 3462 Pliileb.
1996 3433 2038 3472 p
