2158 3718
775 158 1037 203 PHAEDo
1068 174 1116 216 p.
1148 163 1218 203 69.

1791 162 1889 217 131

110 302 276 367 σθαι,
316 296 432 366 ὅτι,
473 296 535 360 ὃς
571 296 644 350 ἂν
681 295 926 367 ἀμύητος
963 296 1056 351 καὶ
1095 295 1385 360 ἀτέλεστος
1423 298 1501 360 εἰς
1523 296 1720 352 Ἅιδου
1756 297 1890 369 ἀφί-

109 400 298 451 κηται,
349 381 414 435 ἐν
458 381 719 451 βορβόρῳ
765 383 1036 450 κείσεται,
1076 380 1105 435 ὁ
1144 381 1206 435 δὲ
1243 381 1664 451 κεκαθαρμένος
1700 402 1760 436 τε
1797 385 1891 437 καὶ

107 465 494 535 τετελεσμένος
533 465 714 518 ἐκεῖσε
751 463 1093 534 ἀφικόμενος
1129 462 1267 535 μετὰ
1301 468 1458 518 θεῶν
1495 465 1725 534 οἰκήσει.
1781 465 1891 520 εἰσὶ

59 586 62 588 -
105 546 214 617 γὰρ
252 548 350 618 δή,
400 548 577 617 φασὶν
621 548 680 601 οἱ
721 549 851 617 περὶ
896 547 993 611 τάς
1028 546 1278 617 τελετάς,
1317 549 1747 621 ναρθηκοφόροι
1783 550 1888 619 μὲν

104 633 335 699 πολλοί,
381 631 580 699 βάκχοι
629 631 696 684 δέ
736 650 796 685 τε
842 634 1076 701 παῦροι·
1144 624 1303 686 οὗτοι
1349 630 1402 684 δ’
1453 632 1561 685 εἰσὶ
1608 631 1749 685 κατὰ
1783 631 1941 703 τὴνΙ)

105 713 245 784 ἐμὴν
283 713 455 778 δόξαν
492 714 597 768 οὐκ
636 712 797 768 ἄλλοι
834 714 870 786 ἢ
906 716 966 769 οἱ
997 715 1518 785 πεφιλοσοφηκότες
1555 715 1760 785 ὀρθῶς.
1803 709 1886 770 οἷν

33 822 36 825 ’
102 796 171 867 δὴ
218 800 313 852 καὶ
359 797 468 867 ἐγώ
507 799 648 853 κατά
692 819 757 867 γε
793 798 854 852 τὸ
895 798 1143 854 δυνατὸν
1179 796 1351 854 οὐδὲν
1396 797 1669 854 ἀπέλιπον
1708 801 1772 856 ἐν
1809 805 1885 872 τῷ

100 883 205 952 βίῳ
250 879 393 937 ἀλλά
439 885 607 937 παντὶ
651 883 841 954 τρόπῳ
896 882 1319 953 προύθυμήθην
1361 884 1647 951 γενέσθαι.
1726 885 1777 938 εἰ
1821 885 1884 940 δὲ

101 964 290 1036 ὀρθῶς
334 965 756 1037 προύθυμήθην
804 968 903 1020 καί
942 987 994 1020 τι
1029 965 1355 1036 ἠνυσάμην,
1397 968 1578 1020 ἐκεῖσε
1617 968 1884 1032 ἐλθόντες

212 1117 419 1178 βάκχοι
441 1121 503 1164 δέ
525 1135 582 1165 τε
602 1121 853 1178 παῦροι]
864 1123 981 1165 Unus
1002 1123 1151 1164 Ambr.
1175 1121 1355 1175 παῦροι
1377 1120 1433 1164 δέ
1455 1135 1505 1164 τε
1526 1116 1714 1177 βάκχοι.
1737 1124 1877 1178 Vulgo

100 1176 154 1221 δέ
175 1192 229 1234 γε
247 1186 416 1234 praeter
434 1180 562 1220 librol
568 1193 636 1220 um
657 1180 798 1223 fidem.

209 1249 260 1291 D.
299 1247 399 1291 καὶ
422 1242 540 1304 ἐγώ]
564 1242 656 1304 ἐγώ
673 1262 748 1303 pro
771 1249 887 1303 vulg.
911 1244 1057 1304 ἔγωγε
1078 1248 1198 1289 Bodl.
1221 1249 1331 1292 Ven.
1354 1248 1405 1290 H
1421 1248 1533 1289 F101.
1548 1250 1591 1312 d,
1616 1250 1730 1299 quod
1752 1250 1879 1290 etiam

95 1306 276 1351 Bekker
307 1306 477 1347 Turicc.
508 1316 548 1346 et
574 1307 716 1349 Herm.
744 1306 967 1349 dederunt.
1008 1305 1216 1346 Voculam
1245 1317 1298 1358 γε
1327 1312 1425 1357 post
1445 1297 1570 1346 κατά
1592 1318 1613 1345 e
1635 1305 1755 1346 Bodl.
1781 1306 1877 1348 Vat.

97 1361 1444 1405 Tub.Ven.11Vind.d5Pa1.GAmb1.F10r.dinse1uimus.

209 1412 667 1483 προυθυμήθην]
695 1419 751 1459 V.
773 1410 1160 1472 προῦθυμούμην
1190 1422 1359 1470 praeter
1385 1416 1511 1456 fidem
1534 1416 1744 1460 codicum.

208 1467 531 1528 ἦνυσάμην]
577 1474 647 1515 Sic
676 1486 786 1515 unus
813 1476 994 1527 August.
1017 1474 1130 1513 vett.
1164 1473 1280 1518 editt.
1305 1478 1345 1513 et
1371 1472 1524 1524 reliqui
1554 1473 1676 1514 codd.
1697 1466 1875 1525 ἠνύσα-

92 1614 173 1656 hoc
208 1615 302 1656 loco
337 1614 622 1655 conferantur.
670 1614 824 1656 Plotin.
855 1615 937 1654 En-

93 1672 218 1715 nead.
255 1673 286 1712 Ι.
327 1671 367 1711 6.
408 1684 452 1724 p.
481 1671 534 1711 55
565 1671 602 1709 A
650 1664 706 1710 αι
750 1668 939 1712 τελεταὶ

91 1720 251 1794 ὀρθῶς
281 1722 577 1768 αἰνίττονται
606 1718 692 1767 τὸν
710 1718 775 1779 μὴ
797 1738 942 1768 κεκα-

90 1779 339 1838 θαρμένον
362 1779 429 1831 εἰς
450 1781 555 1846 (leg.
576 1775 647 1832 ἐν)
658 1773 827 1846 ’ᾌιδου
841 1782 938 1824 κεί-

92 1841 268 1882 σεσθαι
308 1831 359 1882 ἐν
400 1831 626 1904 βορβόρῳ,
667 1829 740 1879 ὅτι
781 1831 833 1878 τὸ
870 1832 936 1891 μὴ

91 1888 318 1953 καθαρὸν
366 1889 575 1949 βορβόρῳ
626 1887 709 1936 διὰ
758 1894 938 1937 κακίαν

92 1953 250 2018 φίλον.
306 1951 434 1992 Plura
468 1952 630 1992 dabunt
670 1950 935 1992 Memsius

89 2010 216 2050 Eleus
219 2010 275 2051 in.
290 2021 338 2051 ο.
362 2007 518 2050 XVIII.
552 2009 614 2050 Is.
641 2006 934 2053 casaubon.

88 2063 287 2108 Exercitt.
318 2063 471 2107 Baron.
504 2077 546 2117 p.
569 2065 652 2105 390
674 2075 768 2115 sqq.
808 2064 933 2104 Val-

21 2112 25 2115 Δ
89 2123 236 2164 cken.
259 2121 314 2162 ad
334 2120 433 2164 Eur.
453 2120 669 2173 Hippolyt.
693 2121 762 2162 25.
786 2119 933 2172 Wyt-

87 2176 335 2220 tenbaoh.
364 2177 420 2217 ad
448 2176 559 2219 Plut.
592 2175 739 2216 Moral.
762 2175 809 2219 Τ
835 2177 867 2217 Ι.
891 2188 933 2229 p.

89 2236 171 2276 222
191 2245 311 2286 ==p.
335 2233 414 2274 161
446 2232 511 2275 ed.
539 2232 655 2283 Lips.
681 2239 721 2271 et
752 2231 794 2271 in
818 2243 935 2272 com-

88 2299 266 2334 mentar.
298 2290 355 2331 ad
372 2288 426 2333 -.h
456 2289 483 2328 1.
521 2288 743 2350 Lobeck
777 2287 937 2340 Aglao-

87 2347 227 2401 pham.
251 2360 294 2400 p.
317 2346 400 2387 806
422 2358 514 2396 sqq.

145 2399 261 2445 εἰσὶ
302 2394 407 2456 γὰρ
449 2394 544 2455 δή,
587 2413 642 2452 φ.
665 2393 788 2442 οιπ.
810 2413 848 2440 τ.
873 2398 933 2453 τ.]

81 2458 527 2526 olympiodorus:
568 2454 791 2521 παρῳδεῖ
823 2451 935 2503 ἔπος

81 2509 313 2583 Ὀρφικὸν
340 2507 393 2555 τὸ
424 2510 602 2577 λέγον,ν
621 2504 694 2554 ότι
726 2504 852 2560 όςτις
884 2505 933 2552 δ’

85 2567 221 2637 ἡμῶν
251 2564 497 2618 ἀτέλεστος
565 2559 716 2633 ω’ςπερ
748 2561 798 2609 έν
829 2566 934 2632 βορ-

87 2622 210 2693 βόρῳ
250 2625 461 2668 κείσεται
502 2601 553 2666 ἐν
575 2617 723 2688 ᾇδου·
767 2617 930 2677 τελετὴ

86 2677 176 2738 γάρ
198 2676 369 2725 ἐστιν
343 2697 372 2755 η
397 2681 489 2724 τῶν
507 2667 688 2748 ἀρετῶν
705 2678 930 2734 βακχειῃα

87 2740 176 2782 καί
193 2746 366 2802 φησιν·
392 2735 559 2780 πολλοὶ
579 2732 668 2801 μὲν
690 2736 933 2790 ναρθηκο-

88 2790 245 2850 φόροι,
268 2793 445 2862 παῦροι
462 2790 518 2834 δέ
535 2806 585 2834 τε
602 2786 794 2858 βάκχοι·
820 2806 933 2845 ναρ-

87 2847 417 2915 θηκοφόρους,
468 2842 528 2891 οὗ
577 2842 674 2903 μὴν
725 2842 932 2903 βάκχους

88 2900 198 2955 τοὺς
227 2900 500 2954 πολιτικούς
530 2904 713 2957 καλῶν,
745 2905 931 2970 ναρθη-

87 2956 433 3084 3203220235035
461 2935 931 3070 Ἕξιὲἶέἔὲυέάῖἇῗῗ

87 3076 294 3117 nominati
315 3081 415 3115 sunt
435 3073 745 3114 sacerdotes
769 3080 816 3112 et
836 3074 933 3112 mi-

87 3132 251 3173 nistri
301 3131 594 3193 orgiorum.
665 3124 836 3168 Schol.
878 3130 933 3169 ad

87 3190 159 3231 Ar
203 3187 343 3239 Equit.
391 3186 475 3227 406
525 3177 704 3249 βάκχον
750 3197 807 3225 ου
847 3178 932 3226 τὸν

2 3244 7 3250 '
89 3237 327 3286 Διόνυσον
367 3235 570 3284 ἐκάλουν
609 3233 771 3304 μόνον,
809 3231 930 3282 ἀλλὰ

87 3298 170 3341 καὶ
210 3294 394 3347 πάντας
435 3292 546 3346 τοὺς
587 3294 841 3344 τελοῦντας
871 3289 929 3338 τὰ

88 3348 228 3410 ὄργια
279 3350 485 3410 βάκχους
537 3347 761 3406 ἐκάλουν,
806 3364 929 3404 quem

86 3412 228 3453 locum
268 3412 458 3453 laudavit
498 3412 727 3451 Forster.
761 3407 846 3450 Cic.
868 3409 929 3448 De

1 3499 3 3502 .
88 3468 198 3521 legg.
224 3469 275 3510 Il.
303 3470 355 3509 14
385 3469 486 3521 quid
506 3480 606 3520 erqo
628 3470 725 3519 aget
746 3465 928 3506 Iacchus

1026 1612 1388 1665 Eumolpidaeque
1404 1614 1537 1652 vestri
1550 1618 1592 1652 et
1607 1617 1787 1665 augusta
1801 1613 1875 1653 illa

1025 1670 1254 1721 mysteria,
1289 1671 1328 1709 si
1357 1669 1520 1721 quidem
1548 1680 1677 1708 sacra
1704 1674 1874 1710 noctur-

1026 1738 1082 1765 na
1110 1726 1318 1766 tollimus?
1358 1725 1429 1765 ubi
1466 1725 1741 1765 Turnebus
1779 1727 1874 1765 Iac-

1025 1781 1152 1820 chum
1167 1780 1357 1833 intellegi
1374 1787 1522 1820 censet
1539 1785 1769 1820 extremam
1791 1781 1872 1820 ini-

1024 1837 1212 1877 tiationis
1241 1843 1417 1890 partem
1461 1837 1684 1876 Praeterea
1713 1849 1874 1876 consu-

1023 1894 1173 1934 lendus
1205 1891 1672 1955 Lobeck.Aglaopl1
1715 1904 1757 1943 p.
1789 1893 1872 1933 806

1025 1962 1117 2001 sqq.
1142 1954 1245 2002 etp.
1269 1949 1367 1990 813.
1397 1970 1453 1975 —
1491 1940 1682 2001 νάρθηξ
1713 1956 1776 1987 est
1797 1946 1871 1987 fe-

1022 2006 1138 2046 rula
1165 2006 1216 2044 In
1249 2004 1419 2056 orgiis
1448 2004 1657 2056 gestari
1692 2003 1870 2043 solita

1024 2062 1107 2104 vid.
1133 2060 1364 2103 Fischer
1389 2060 1523 2100 Indic.
1547 2059 1601 2100 ad
1621 2059 1866 2112 Palaephat.

1025 2131 1058 2158 s
1077 2131 1119 2161 v.
1144 2125 1186 2157 et
1206 2117 1340 2157 Barn
1355 2128 1407 2157 es
1429 2116 1483 2156 ad
1504 2116 1603 2157 Eur.
1624 2114 1777 2157 Bacch.
1789 2115 1870 2157 145

1023 2186 1132 2225 sqq„
1164 2185 1247 2224 quo
1278 2173 1370 2213 loco
1400 2178 1536 2237 poeta
1556 2166 1870 2236 ναρθηκοφό-

1023 2242 1134 2297 ρους
1164 2230 1189 2268 i¹
1183 2240 1221 2269 a
1250 2228 1472 2268 describit:
1515 2220 1539 2269 ὃ
1569 2221 1785 2292 Βακχευς
1816 2219 1867 2268 δ’

1025 2281 1145 2350 ἔχων
1172 2277 1397 2350 πυρσώδη
1428 2276 1592 2347 φλόγα
1614 2276 1795 2330 πεύκας
1818 2275 1884 2323 ἔκ

957 2360 962 2361 ’
1024 2334 1271 2409 νάρθηκος
1301 2333 1472 2391 άΐσσει,
1506 2332 1665 2405 δρόμῳ
1687 2336 1770 2379 καὶ
1790 2350 1869 2392 χο-

1023 2400 1123 2463 ροῖς
1146 2390 1373 2462 ἐρεθίζων
1393 2397 1654 2443 πλανάτας,
1675 2391 1867 2462 ἰακχαῖς

1022 2446 1067 2494 τ’
1090 2446 1393 2500 ἀναπάλλων,
1428 2444 1670 2522 τρυφερὸν
1689 2451 1868 2491 πλοκα-

1022 2522 1113 2563 μον
1157 2505 1222 2557 εἰς
1264 2504 1443 2561 αἰθέρα
1485 2501 1664 2571 ρίπτων
1694 2520 1731 2550 κ.
1762 2520 1800 2547 τ.
1825 2506 1865 2547 λ.

1023 2566 1216 2607 Ceterum
1255 2565 1337 2605 loci
1378 2561 1632 2604 senteutiam
1661 2569 1774 2602 reete
1808 2562 1868 2601 ita

1022 2622 1251 2662 declaravit
1307 2619 1636 2661 Fischerus:
1714 2617 1867 2658 multi

1020 2690 1146 2732 prae
1168 2690 1222 2718 se
1243 2676 1424 2717 ferunt
1444 2686 1669 2716 amorem
1692 2682 1741 2714 et
1762 2681 1867 2714 stu-

1021 2735 1159 2775 dium
1176 2731 1582 2787 philosophiae
1602 2731 1694 2772 sed
1710 2742 1866 2783 pauci

1022 2799 1145 2832 sunt
1167 2803 1289 2830 vere
1311 2788 1645 2841 philosophi.

1074 2875 1125 2918 D.
1160 2887 1234 2915 ων
1258 2869 1326 2927 δη
1349 2864 1669 2926 wodemo—J
1693 2870 1860 2912 Geneti-

1018 2944 1097 2971 vus
1121 2930 1319 2971 cohaeret
1348 2941 1443 2969 cum
1473 2929 1602 2968 verbo
1634 2921 1866 2991 γενέσθαι

1018 2986 1098 3027 Ιιοο
1119 2999 1274 3028 sensu:
1301 2985 1351 3025 in
1378 2996 1596 3035 quorum
1625 2983 1862 3024 societa—

1019 3052 1120 3083 tem
1149 3051 1203 3083 ut
1232 3042 1587 3095 pervenirem,
1618 3038 1752 3078 nihil
1783 3038 1863 3075 in-

1019 3105 1278 3139 tentatum
1324 3096 1542 3148 reliqui,
1597 3095 1689 3134 sed
1732 3093 1867 3133 omni

1020 3155 1197 3196 studio
1239 3153 1527 3195 elaboravi.
1568 3163 1608 3192 v.
1642 3148 1865 3191 Lobeck.

1020 3212 1074 3252 ad
1095 3212 1213 3253 Aiac.
1238 3225 1281 3265 p.
1305 3211 1402 3251 295.

1073 3293 1174 3337 καί
1200 3307 1253 3336 τι
1284 3285 1611 3347 ἠνυσάμην]
1658 3287 1864 3338 aliquid

1017 3351 1148 3392 mihi
1176 3349 1495 3404 profecerim
1546 3356 1592 3386 et
1627 3346 1676 3385 in
1706 3354 1863 3383 meam

1016 3407 1307 3448 utilitatem
1344 3397 1865 3456 comparave1im.1d

1018 3464 1129 3504 enim
1145 3464 1275 3506 verbo
1292 3462 1431 3503 medio
1451 3458 1726 3512 significatur,
1751 3451 1864 3505 quod

1451 3527 1525 3578 9*
