2158 3718
1811 19 1866 37 η’,
1896 22 1906 28 ,
1967 25 1970 33 .
2020 18 2036 35 A.
2077 17 2086 37 ἱ
2131 17 2138 23 .

2072 0 2158 63 ’i

1882 79 1893 86 Ι
1940 70 1941 73 ,
1962 58 1969 64 ⁶
1983 66 2016 74 a«
2085 63 2106 74 ι’
2122 68 2137 86 i«-

231 186 240 192 ,
288 134 397 189 254
1024 139 1346 184 PLA'role

288 278 404 329 τῶν
443 277 691 346 ἐχόντων
744 276 811 331 τά
852 281 1083 332 ἐναντία
1122 279 1416 350 ἐλέγομεν,
1457 280 1893 350 ἐπονομάζοντες
1928 280 2075 337 αὐτοὶ

210 401 226 416 .
286 363 356 430 τῇ
396 361 632 416 ἐκείνων
673 362 993 433 ἐπωνυμίᾳ,
1042 366 1155 415 νῦν
1192 363 1255 418 δὲ
1291 364 1420 430 περὶ
1460 364 1696 419 ἐκείνων
1732 362 1949 435 αὐτῶν,
1989 358 2078 420 οἷν

289 443 540 500 ἐνόντων
586 449 699 515 ἔχει
741 443 846 516 τὴν
894 446 1223 516 ἐπωνυμίαν
1259 446 1328 502 τὰ
1364 446 1768 519 ὀνομαζόμενα·
1835 447 1978 504 αὐτὰ
2015 450 2076 504 δ”

225 538 255 581 C
288 529 478 584 ἐκεῖνα
496 573 507 580 ,.
526 529 632 584 οὐκ
679 529 752 584 ἄν
799 531 938 584 ποτέ
980 550 1166 601 φαμεν
1217 533 1486 604 ἐθελῆσαι
1528 534 1754 602 γένεσιν
1809 530 2077 604 ἀλλήλων

286 614 575 679 δέξασθαι.
649 616 767 668 Καὶ
808 613 920 684 ἅμα
957 616 1169 685 βλέψας
1207 617 1286 680 εἰς
1321 615 1421 671 τόν
1457 618 1681 688 Κέβητα
1720 614 1904 688 εἶπεν,
1934 605 2075 686 Ἄρα

204 730 207 733 -
283 698 361 767 μή
396 717 511 753 που
523 740 540 768 ,
580 701 717 769 ἔφη,
756 692 801 753 03
843 700 1055 770 Κέβης,
1105 701 1200 754 καὶ
1237 701 1304 764 σέ
1335 720 1391 755 τι
1424 702 1644 756 τούτων
1683 703 1951 774 ἐτάραξεν
1987 695 2075 756 οἷν

284 782 381 836 ὅδε
419 780 605 849 εἷπεν;
673 780 818 838 Οὐδ’
857 777 960 853 αὖ,
1010 789 1118 855 ἔφη
1156 784 1185 839 ὁ
1223 785 1436 855 Κέβης,
1475 785 1654 850 οὕτως
1689 790 1822 857 ἔχω·
1890 791 2075 842 καίτοι

284 865 409 920 οὔτι
447 869 621 938 λέγω,
670 867 745 932 ὣς
794 867 864 923 οὐ
911 871 1093 924 πολλά
1130 890 1198 941 με
1233 871 1509 940 ταράττει.
1584 872 2071 944 Ξυνωμολογήκα-

283 971 388 1021 μεν
425 951 554 1024 ἄρα,
593 947 628 1024 ἧ
668 952 723 1007 δ’
763 952 844 1024 ὅς,
883 950 1075 1019 ἁπλῶς
1109 958 1298 1025 τοῦτο,
1336 956 1612 1026 μηδέποτε
1640 956 1901 1010 ἐναντίον
1937 956 2075 1011 ἐαυ-

233 1108 236 1119 ¹
281 1041 359 1108 τῷ
396 1036 459 1092 τό
500 1038 764 1093 ἐναντίον
802 1041 1051 1094 ἔσεσθαι.
1129 1041 1524 1111 Παντάπασιν,
1565 1042 1691 1110 ἔφη.

425 1127 540 1192 Cap.
580 1127 679 1178 LII.
739 1123 859 1179 ’Έτι
897 1125 966 1195 δή
1004 1145 1099 1194 μοι
1135 1126 1230 1178 καὶ
1266 1122 1396 1179 τόδε
1433 1126 1664 1194 σκέψαι,
1703 1127 1831 1195 ἔφη,
1873 1127 1925 1179 εἰ
1959 1125 2072 1197 ἄρα

282 1207 769 1278 ξυνομολογήσεις.
845 1209 1063 1280 θερμόν
1099 1230 1153 1262 τι
1190 1213 1379 1272 καλεῖς
1415 1210 1510 1263 καὶ
1547 1210 1795 1280 ψυχρόν;
1828 1208 2069 1279 ’'Eymys.

394 1367 443 1409 B.
474 1364 612 1409 ποτέ
655 1366 864 1422 φαμεν]
906 1369 961 1408 V.
984 1371 1181 1422 φαῖμεν,
1211 1370 1325 1420 quod
1356 1382 1378 1409 e
1406 1368 1528 1408 Bodl.
1552 1367 1681 1412 Coisl.
1703 1369 1802 1410 Vat.
1825 1368 1933 1411 Tub.
1955 1370 2068 1413 Ven

281 1423 381 1465 ΛΠ
401 1425 530 1465 vind.
554 1425 594 1465 Φ
615 1425 708 1467 Par.
733 1423 968 1465 CEGHIL
988 1427 1136 1468 Ambr.
1159 1427 1271 1478 Aug.
1293 1427 1405 1466 Flor.
1428 1427 1454 1466 b
1475 1439 1497 1464 c
1518 1426 1575 1465 d
1566 1438 1579 1464 1
1600 1438 1643 1464 m
1664 1432 1887 1465 mutatum.

395 1479 440 1522 G.
475 1476 608 1534 ἔφη,
645 1495 681 1522 ω
715 1479 792 1534 Κ.]
835 1477 930 1536 ἔφη
968 1495 1021 1522 ex
1057 1483 1226 1534 optimis
1255 1495 1303 1522 ac
1333 1482 1528 1546 plurimis
1555 1482 1680 1525 codd.
1708 1482 1951 1523 restitutum
1986 1490 2067 1525 est.

278 1537 429 1578 Paullo
450 1546 548 1578 ante
564 1538 685 1579 Bodl.
702 1539 812 1581 Ven.
830 1539 938 1580 Tub.
961 1551 1039 1592 pro
1064 1534 1132 1587 εἰς
1153 1538 1310 1579 habent
1330 1531 1461 1591 πρός,
1486 1539 1601 1590 quod
1622 1538 1781 1592 placuit
1807 1538 2070 1581 Hermanno

281 1594 337 1635 cf.
360 1607 404 1648 p.
426 1595 479 1635 60
502 1595 538 1633 Α
562 1601 602 1634 et
621 1607 723 1635 mox
745 1601 848 1635 sect.
874 1593 918 1636 C.
2093 1611 2095 1616 ·

393 1642 532 1692 Ονδ’
574 1639 666 1704 αὖ]
711 1638 789 1698 αὖ,
828 1652 942 1703 quod
972 1652 1071 1692 olim
1101 1652 1265 1702 deerat,
1296 1652 1420 1692 codd.
1447 1651 1538 1691 fere
1566 1650 1753 1691 unanimi
1781 1652 2070 1693 consensione

279 1714 470 1748 tuentur.
509 1707 591 1748 Pro
615 1700 1006 1750 Ovd'Bod1.Vat.
1032 1706 1294 1751 Coisl.Ven.
1320 1708 1425 1749 ΛΠ
1448 1708 1542 1748 Par.
1566 1706 1719 1748 EGHI
1746 1707 1859 1750 Flor.
1881 1709 1943 1749 di
1965 1702 1990 1750 ὃ
2013 1700 2069 1750 δ’

277 1764 347 1804 vel
370 1757 487 1812 ὃδέ,
516 1765 630 1804 unde
650 1765 792 1805 Herm
823 1765 1006 1806 extudit:
1036 1759 1061 1806 ὃ
1086 1758 1136 1805 δ’
1158 1756 1260 1806 οὗκ
1283 1753 1361 1808 αὖ.
1383 1778 1425 1804 ν.
1449 1765 1562 1818 expl.
1592 1765 1698 1806 Dein
1719 1770 1822 1805 vett.
1848 1764 1964 1806 editt.
1986 1777 2070 1819 pio

276 1820 439 1862 καίτοι
460 1833 518 1862 ου
539 1834 600 1873 τι,
637 1821 750 1873 quod
780 1820 906 1862 Coisl.
928 1821 1022 1862 Par.
1047 1821 1082 1863 G
1110 1829 1149 1862 et
1177 1834 1312 1875 marg.
1335 1821 1456 1863 Bodl.
1479 1821 1829 1875 suppeditarunt,
1857 1818 1940 1863 nal.
1970 1835 2066 1863 τοι-

277 1872 397 1918 οῦτό
414 1891 460 1918 τι
482 1876 653 1919 habent.

393 1927 670 1978 ἐναντίον
693 1929 955 1988 ἔσεσθαι]
983 1934 1130 1975 Invitis
1151 1935 1276 1975 codd.
1296 1930 1495 1975 ἔσεσθαι
1517 1934 1647 1986 vulgo
1668 1941 1768 1987 post
1787 1934 1907 1987 prius
1929 1927 2067 1976 ἐναν-

275 1988 382 2033 τίον
400 1991 589 2043 positum
610 1998 687 2033 est.

393 2046 496 2101 Cap.
520 2046 609 2091 LII.
644 2041 1161 2102 ξυνομολογήσεις.
1201 2040 1425 2101 θερμόν
1453 2060 1506 2088 τι
1534 2044 1598 2098 κ.]
1630 2045 1776 2100 Steph.
1809 2044 2067 2111 ξυνομολο-

277 2099 441 2158 γήσεις
468 2097 654 2159 θερμόν
691 2118 736 2145 τι
774 2104 943 2145 καλεῖν
970 2105 1111 2145 invitis
1142 2104 1262 2144 libris
1294 2105 1507 2144 omnibus.
1550 2103 1676 2156 Gorg.
1697 2116 1739 2156 p.
1760 2104 1847 2146 463
1867 2103 1902 2143 E
1930 2097 2067 2156 σῶμοὶ

276 2173 372 2202 που
389 2161 556 2226 καλεῖς
577 2173 646 2208 τι;
677 2161 783 2201 Ibid.
805 2174 847 2214 p.
867 2161 953 2202 495
975 2159 1006 2201 C
1034 2154 1301 2228 ἐπιστήμην
1319 2173 1415 2201 που
1436 2161 1599 2207 καλεῖς
1621 2173 1694 2212 τι;
1721 2160 1834 2200 Pr.ot
1856 2172 1899 2213 p
1923 2161 2007 2202 358
2027 2159 2063 2199 D

276 2216 328 2258 τί
351 2205 463 2270 οῧνς
494 2212 622 2271 ἔφην
649 2210 753 2271 ἐγώ,
783 2214 974 2259 καλεῖτέ
1004 2231 1050 2259 τι
1080 2214 1188 2266 δέος
1208 2214 1293 2295 καὶ
1316 2210 1494 2270 φόβον,
1527 2217 1598 2257 ubi
1619 2216 1744 2270 plura
1764 2216 1808 2257 id
1828 2229 1966 2270 genus
1979 2214 2064 2257 ad-

276 2274 443 2328 scripsi.

1215 2403 1353 2442 bium
1403 2408 1454 2440 et
1503 2401 1764 2441 incertum
1812 2399 2065 2451 reddere,

275 2415 358 2443 ναι
381 2393 432 2443 ἐν
455 2399 510 2456 τῇ
534 2380 695 2455 φύσει,
719 2394 778 2442 τά
802 2396 855 2443 ὃε
873 2394 996 2443 αλλα
1018 2396 1125 2442 τού-

1215 2457 1473 2522 scrupulo
1496 2457 1695 2497 iniecto
1718 2457 2065 2509 conturbare,

274 2470 375 2507 τοις
396 2445 622 2500 ἐοικέναι.

331 2523 435 2571 οὐκ
465 2542 535 2570 αν
564 2525 725 2583 ποτε]
753 2528 1041 2569 Referendum
1064 2536 1128 2569 est

275 2579 341 2628 άν
360 2586 415 2626 ad
435 2585 694 2627 infinitivum
717 2578 965 2643 ἐθελῆσαι.

278 2708 281 2709 .
333 2670 379 2711 G.
411 2666 645 2724 ’γένεσιν
666 2662 929 2723 άλλήλων
954 2665 1127 2721 δέξα-

274 2725 437 2777 σθαι]
469 2735 701 2766 mutuam
734 2727 1021 2778 originem,
1052 2726 1126 2765 ita

276 2790 328 2822 ut
367 2783 591 2823 alterum
630 2795 691 2822 ex
726 2783 897 2822 altero
934 2794 1124 2822 nasca-

273 2845 371 2878 tur.

331 2900 475 2950 Οὐδ’
518 2896 589 2949 αὖ
629 2919 705 2937 -·
746 2907 943 2949 καίτοι
996 2899 1125 2949 οὔτι

275 2960 420 3020 λέγω
441 2963 516 3019 -]
551 2965 792 3019 Respicitur
820 2966 875 3006 ad
904 2965 1020 3006 locos
1051 2979 1126 3006 su·

271 3022 477 3076 perimes,
510 3021 663 3072 quibus
687 3021 821 3062 Cebes
854 3022 907 3062 de
938 3021 1126 3062 Socratis

271 3079 507 3120 rationibus
532 3079 817 3126 dubitaverat,
851 3078 982 3117 veluti
1005 3090 1045 3130 p.
1069 3080 1123 3119 77

271 3137 424 3200 Asqq.
543 3137 671 3186 63A,
694 3136 764 3175 ubi
805 3135 1021 3175 dicebatm
1062 3129 1127 3189 οὗι

269 3185 403 3256 πάνυ
398 3187 614 3256 ευθέως
635 3166 829 3233 ἐθέλειν
849 3191 1122 3232 πείθεσθαι

271 3239 300 3289 o'
322 3262 365 3288 τι
388 3239 451 3290 ἅν
471 3262 544 3315 τις
567 3247 697 3315 εἴπῃ
704 3257 744 3287 et
773 3249 982 3300 imprimis
1007 3261 1045 3301 p.
1067 3249 1122 3289 86

270 3306 305 3346 E
333 3297 443 3346 ἄλλ’
467 3318 581 3374 αγε
583 3327 637 3334 -
659 3319 696 3346 ω
702 3301 926 3370 Κέβης,
937 3301 1041 3358 λέγε
1077 3303 1128 3345 τί

271 3349 335 3414 ἦν
372 3351 399 3402 ὃ
437 3356 486 3403 σε
516 3349 581 3403 αὖ
609 3359 867 3426 θρᾶττον
897 3353 1122 3402 ἀπιστίαν

270 3414 485 3472 παρέχει.
532 3419 636 3459 Nam
676 3411 928 3484 ταράττειν
971 3426 1034 3458 est
1073 3420 1124 3457 in

273 3474 676 3516 dubitationem
705 3476 997 3526 conficere,
1029 3475 1124 3515 du-

1214 2522 1260 2554 ut
1280 2507 1558 2568 θράττεινΙ.
1580 2526 1618 2555 ο.
1660 2513 1831 2554 Τὴεαει.
1854 2526 1899 2566 p.
1923 2512 2062 2556 1870

1213 2570 1395 2611 Phaedr.
1420 2583 1461 2623 p.
1485 2572 1568 2611 242
1591 2570 1636 2613 C.
1679 2570 1818 2612 Parm.
1842 2581 1885 2622 p.
1911 2569 2063 2611 1301).

1213 2627 1373 2667 Phaed.
1413 2640 1455 2679 p.
1499 2629 1551 2667 79
1576 2626 1605 2666 C
1645 2627 1696 2669 al.
1740 2627 1886 2676 Itaque
1928 2623 2066 2666 Cebes

1215 2695 1330 2722 nunc
1348 2683 1582 2735 respondet
1602 2681 1702 2722 hoc:
1735 2681 1848 2721 Non
1875 2693 2066 2722 rursus

1211 2739 1287 2779 ita
1326 2751 1401 2778 me
1436 2738 1625 2785 habeo,
1662 2743 1717 2777 ut
1753 2738 2063 2791 scrupulum

1213 2795 1384 2835 animo
1406 2807 1517 2835 meo
1539 2794 1790 2834 iniectum
1810 2807 1929 2834 esse
1949 2807 2061 2835 sen-

1211 2853 1354 2895 tiam.
1403 2852 1668 2901 Quamquam
1707 2862 1783 2904 pro
1813 2842 1942 2893 Ονδ’
1964 2863 2063 2891 cum

1212 2907 1522 2948 Heindorfio
1546 2906 1841 2960 retingendum
1872 2914 1935 2948 est
1957 2902 2061 2958 οὐκ,

1212 2965 1298 3005 nisi
1318 2964 1458 3005 forte
1448 2977 1491 3004 m
1515 2936 1711 3005 codieuom
1732 2963 1940 3018 scriptula
1961 2964 2062 3004 latet

1211 3022 1356 3075 potius
1398 3013 1588 3063 Οὐδὲν
1636 3009 1723 3063 αὖ.
1783 3020 1887 3060 Nam
1949 3021 2062 3086 quod

1210 3078 1539 3118 Hermannus
1569 3077 1758 3131 scripsit:
1792 3071 1847 3119 Ο
1874 3069 1925 3118 δ’
1956 3070 2060 3118 οὐκ

1210 3130 1295 3181 αὐ,
1341 3136 1384 3175 id
1420 3141 1594 3188 propter
1630 3135 1860 3185 insequens
1902 3128 1995 3187 ἔφη
2031 3126 2057 3173 ὃ

1208 3187 1365 3245 Κέβης
1413 3191 1677 3231 intolerabile
1733 3190 1917 3230 videtur.
1983 3190 2059 3230 His

1208 3261 1307 3288 vero
1333 3246 1467 3289 Cebes
1490 3248 1687 3287 universe
1709 3246 1928 3299 subiungit
1948 3245 2055 3286 ista:

1211 3317 1525 3356 quamquam
1552 3303 1953 3354 haudquaquam
1977 3302 2057 3342 di-

1211 3374 1264 3402 co
1301 3374 1378 3400 me
1408 3373 1508 3401 non
1540 3372 1701 3411 saepe
1732 3371 1848 3399 esse
1876 3359 2055 3398 incre—

1212 3418 1409 3465 dulum;
1439 3429 1533 3457 sum
1557 3417 1666 3456 enim
1689 3416 1743 3456 ad
1773 3415 2061 3456 dubitationes

1212 3475 1358 3525 utique
1380 3474 1619 3526 proclivior,
1643 3473 1695 3513 de
1717 3485 1798 3524 quo
1822 3485 1861 3513 v.
1883 3474 1993 3525 p.63
2004 3472 2060 3514 A.
