2158 3718
830 122 1090 166 PHAEDo
1122 106 1273 181 pj92.
1833 121 1935 175 217

149 265 448 335 μαθήσεως
485 263 650 331 λόγος
683 260 765 316 δι’
806 259 1133 325 ὑποθέσεως
1166 260 1322 324 ἀξίας
1359 258 1744 331 ἀποδέξασθαι
1783 265 1938 331 εἴρη-

148 369 256 403 ται.
335 347 551 418 ε’ῤῥήθη
597 346 707 416 γάρ
757 364 870 400 που
917 344 1098 409 οὕτως
1151 343 1314 416 ἡμῶν
1360 341 1510 398 εἶναι
1553 343 1588 414 ἡ
1635 343 1786 414 ψυχὴ
1843 347 1938 398 καὶ

147 434 286 504 πρὶν
332 433 412 496 εἰς
457 434 618 501 σῶμα
664 429 1000 500 ἀφικέσθαι,
1050 429 1232 500 ὥςπερ
1282 426 1456 498 αὐτῆς
1506 430 1660 483 ἔστιν
1697 427 1732 500 ἡ
1771 426 1938 483 οὐσία

149 519 356 586 ἔχουσα
402 513 508 586 τὴν
554 517 884 585 ἐπωνυμίαν
929 513 1034 585 τὴν
1083 518 1186 568 τοῦ
1225 512 1258 567 ὃ
1295 516 1466 568 ἔστιν.
1547 511 1657 581 ἐγω
1697 514 1759 568 δὲ
1795 514 1935 568 ταύ-
1959 526 1993 566 Ε

146 620 279 670 την,
327 620 404 663 ως
451 597 698 669 ἐμαυτὸν
747 604 961 669 πείθω,
1010 601 1218 662 ἱκανῶς
1263 618 1323 653 τε
1371 598 1465 651 καὶ
1503 595 1694 668 ὀρθῶς
1731 596 1937 652 ἀποδέ-

90 685 95 688 ’
148 680 366 760 ἂεγμοιι.
443 680 659 754 ἀνάγκη
715 677 824 737 οὖν
876 704 998 754 μοι,
1054 682 1130 747 (ὃς
1182 686 1359 752 ἔοικε,
1416 681 1511 736 διὰ
1566 685 1744 735 ταῦτα
1800 683 1938 752 μήτε

149 768 398 838 ἐμαυτου
444 769 582 838 μήτε
636 767 816 821 ἄλλου
874 766 1250 838 ἀποδέχεσθαι
1305 767 1597 837 λέγοντος,
1655 765 1731 830 ὥς
1784 767 1938 836 ψυχή

148 846 304 907 ἐστιν
341 851 600 923 ἁρμονία.
1163 900 1167 902 ,

266 939 406 1006 Cap.
446 940 590 991 XLII.
673 939 743 990 Τί
777 938 866 1006 δέ,
916 931 954 1006 ἦ
991 934 1046 989 δ’
1086 936 1175 1006 ὅς,
1215 929 1262 989 ai
1299 938 1544 1006 Σιμμία,
1582 937 1743 1006 τῇδε;
1784 936 1946 989 δοκεῖ

259 1094 311 1135 D.
343 1087 569 1148 ἔρᾇθη
599 1086 703 1148 γάρ
732 1091 863 1148 που]
889 1094 1063 1145 Aliquot
1082 1093 1178 1134 libri
1200 1106 1295 1134 cum
1316 1086 1794 1147 Βο111.0011.ἔρρέθη.
1836 1093 1940 1132 Per-

146 1156 275 1206 petua
297 1159 362 1191 est
379 1150 530 1191 harum
554 1151 788 1190 formarum
810 1152 1083 1204 permutatio.
1105 1163 1145 1193 v.
1166 1151 1351 1191 Lobeek.
1375 1151 1429 1190 ad
1450 1149 1606 1203 Phiyn.
1629 1162 1678 1203 p.
1697 1151 1795 1190 447.
1836 1149 1933 1188 Pla-

146 1207 238 1248 toni
265 1207 421 1259 ubique
450 1199 639 1261 ἐρᾇθη
669 1207 942 1248 tribuendum
972 1219 1067 1247 esse
1074 1206 1372 1275 probabiliter
1401 1206 1592 1272 disputat
1614 1205 1862 1246 Schneider.
1885 1206 1941 1246 ad

146 1264 298 1318 Remp.
319 1263 375 1304 V.
396 1276 441 1317 p.
463 1264 548 1305 450
568 1265 619 1307 A.
660 1262 760 1304 Mox
780 1276 857 1316 pro
880 1256 1033 1317 αὐτῆς
1056 1258 1184 1305 ἔστιν
1204 1262 1406 1316 Mudgius
1429 1263 1538 1303 coni.
1563 1254 1687 1316 αὐτὴ
1713 1257 1858 1304 ἕ.στιν

196 1346 207 1354 “
262 1333 363 1387 Cap.
386 1333 518 1374 XLII.
540 1335 588 1375 E.
626 1333 703 1376 Τί
742 1330 827 1382 δέ,
872 1321 986 1388 ἦ’ὃ
1017 1325 1372 1388 ός,-τῇδε;
1402 1331 1570 1375 δοκεῖ
1596 1329 1708 1387 σοι]
1742 1333 1806 1372 115
1832 1332 1939 1372 haec

148 1390 342 1431 distinxit
362 1389 597 1434 Bekkerus.
647 1390 789 1444 Vulgo
825 1398 924 1444 post
958 1404 1013 1444 τῃ
994 1389 1075 1432 δε
1111 1391 1255 1431 deerat
1290 1390 1592 1443 interpunctio,
1621 1390 1736 1429 unde
1763 1388 1937 1440 factum,

146 1454 195 1487 ut
214 1445 568 1499 wyttenbachius
597 1461 653 1502 τῃ
632 1445 714 1488 δε
742 1446 973 1488 delendum
986 1405 1548 1487 η0005110111.Ηο111110111115
1586 1438 1699 1487 τόδε
1739 1445 1941 1511 111511ξο1>51

146 1503 532 1544 Winckelmannus
555 1504 610 1544 ad
630 1503 815 1569 Euthyd.
838 1516 882 1556 p.
901 1505 955 1544 41
979 1503 1253 1545 scribendum
1275 1510 1441 1544 censet:
1484 1501 1536 1544 τί
1564 1498 1636 1556 δέ,
1667 1491 1699 1555 ἦ
1728 1494 1779 1543 δ’
1802 1492 1940 1555 σ’ς,ω

147 1559 223 1613 Σ,
245 1557 363 1614 τῇδε
384 1557 527 1601 δοκεῖ
542 1571 640 1613 σοις
663 1553 939 1614 ἁρμονίακ.
962 1573 1002 1604 τ.
1028 1561 1068 1601 λ.

1086 1713 1141 1740 ex
1161 1700 1315 1752 quibus
1336 1701 1392 1740 sit
1416 1699 1668 1753 composita,
1691 1699 1768 1740 sed
1787 1699 1840 1740 iis
1861 1711 1940 1753 po-

1083 1757 1169 1798 tius
1201 1759 1462 1810 obtemperet
1489 1757 1628 1808 sitque
1667 1768 1837 1809 semper
1872 1768 1941 1796 se-

204 1713 388 1755 ωςπερ
429 1692 606 1754 αὐτῆς
648 1694 805 1742 ἔστιν
838 1693 870 1754 ἡ
902 1692 998 1741 οὖ·

146 1755 333 1809 σία-]
363 1757 407 1801 11.
429 1770 465 1798 e.
497 1765 550 1797 ut
578 1757 631 1797 in
660 1768 772 1796 eam
800 1769 998 1798 conve-

146 1814 262 1854 niat
283 1826 319 1855 5.
327 1814 434 1868 ipsi
453 1813 707 1877 propria
698 1813 767 1853 sit
787 1806 817 1866 ἡ
841 1806 998 1879 οὐσία,

147 1882 275 1922 quam
294 1871 551 1935 cognomine
582 1867 668 1911 τοῦ
690 1860 838 1918 ὅντως
860 1861 997 1918 ὄντος

145 1927 424 1980 insignimus.
443 1926 612 1967 Etenim
633 1927 903 1980 repetebatur
924 1939 999 1967 su·

145 1995 223 2037 pra
242 1993 286 2035 p.
310 1984 364 2024 76
385 1982 416 2023 C
437 1995 532 2035 sqq.
554 1984 792 2023 animorum
814 1982 996 2022 aeterni·

143 2047 212 2079 tas
250 2039 303 2079 ab
351 2039 544 2080 idearum
592 2039 886 2079 recordatione
934 2038 1001 2078 vel

146 2096 410 2148 cognitione,
451 2103 498 2136 ut
527 2095 656 2136 simul
682 2096 875 2149 ipsorum
904 2107 1001 2134 cum

147 2163 213 2203 eo,
243 2153 360 2204 quod
385 2164 461 2205 per
491 2164 539 2192 se
569 2159 634 2192 est
654 2164 703 2190 ac
726 2152 768 2191 vi
789 2160 830 2191 et
850 2157 1003 2191 natura

147 2219 227 2248 sua
247 2215 435 2258 constat,
456 2207 501 2252 h
523 2220 560 2246 e.
584 2219 680 2247 cum
701 2208 833 2259 ideis,
857 2219 1003 2247 neces-

147 2264 286 2305 situdo
338 2270 379 2304 et
428 2264 622 2316 cognatio
670 2263 1000 2316 intellegeretui.

146 2320 254 2360 Male
302 2321 438 2387 igitur
480 2321 726 2389 Mudgius
773 2319 1002 2387 legendum

147 2377 351 2418 coniecit·
375 2369 506 2430 αὐτὴ
531 2371 660 2418 ἔστιν
680 2370 710 2430 ἡ
734 2370 936 2418 offulam.
956 2390 997 2419 τ.

148 2432 185 2475 7..
247 2429 406 2487 [Quam
465 2433 751 2473 coniecturam
810 2432 1002 2473 defendit

147 2489 454 2551 Ueberweg‚
487 2489 640 2531 Philol.
670 2489 771 2532 XX.
791 2500 835 2542 p.
860 2489 1000 2530 512-

204 2542 307 2655 gap.
339 2602 471 2646 XLII.
525 2601 600 2644 Τί
638 2598 726 2654 δέ,
762 2590 795 2655 ἦ
831 2594 879 2642 δ’
916 2592 999 2653 ὅς,

146 2678 202 2686 -
223 2656 412 2714 τῇὸες]
437 2658 655 2700 Sententia
683 2658 815 2699 totius
845 2658 927 2698 loci
947 2670 1001 2698 ne

148 2726 286 2768 nuper
314 2716 487 2767 quidem
519 2716 621 2756 satis
654 2714 861 2755 intellecti
897 2714 1002 2754 haec

149 2778 228 2813 est.
266 2771 498 2822 Postquam
530 2784 553 2811 e
581 2771 801 2825 superiore
840 2771 1003 2811 animo-

147 2839 242 2866 rum
283 2828 370 2868 vita
409 2828 746 2869 demonstratum
796 2834 861 2868 est
910 2828 998 2867 ani-

147 2894 266 2921 mum
306 2895 391 2923 non
432 2896 530 2924 esse
563 2884 827 2924 harmoniam
855 2897 878 2923 e
907 2896 1001 2924 cor-

148 2950 254 2991 pore
283 2939 521 2992 oriundam,
548 2940 631 2980 hoc
659 2941 750 2981 loco
780 2940 895 2981 idem
925 2941 1005 2981 do-

152 3001 269 3034 cetur
310 2995 434 3034 etiam
474 3008 530 3035 ex
568 3004 718 3036 natura
757 2995 1004 3037 harmoniae

151 3062 247 3089 cum
268 3051 399 3091 animi
419 3058 571 3091 natura
591 3059 877 3105 comparatae.
917 3054 1004 3093 Ita-

153 3119 235 3157 que
262 3107 449 3160 primum
481 3107 653 3157 quidem
679 3108 831 3161 paucis
859 3115 1002 3149 osten-

152 3163 265 3203 ditur
300 3163 546 3203 harmoniae
577 3172 771 3204 naturam
809 3164 866 3204 ita
906 3177 1003 3205 esse

150 3227 459 3273 comparatam,
499 3227 543 3259 ut
573 3232 670 3260 sese
698 3220 844 3260 eodem
873 3221 1002 3262 modo

150 3275 322 3328 habeat,
355 3287 437 3328 quo
459 3276 544 3326 1115,
573 3276 687 3316 unde
707 3276 804 3330 ipsa
824 3277 1003 3317 conflata

152 3331 207 3372 sit
232 3332 417 3384 ideoque
447 3345 523 3372 nec
543 3334 728 3386 patiatur
749 3344 826 3372 nec
848 3333 1003 3373 efficiat

154 3387 269 3428 aliud
290 3390 407 3442 quid,
429 3401 556 3441 quam
587 3389 702 3439 quod
730 3388 815 3429 illis
844 3401 1000 3430 conve-

155 3444 253 3493 niat,
286 3458 424 3497 neque
456 3458 504 3485 ea
531 3455 649 3499 regat
677 3458 724 3485 ac
746 3445 1000 3497 moderetur,

1085 1826 1183 1853 cum
1211 1823 1251 1854 et
1280 1826 1376 1854 cum
1403 1813 1599 1867 partibus
1628 1813 1719 1853 suis
1761 1824 1942 1853 consen-

1082 1870 1208 1910 tiens.
1249 1870 1465 1910 Pertinent
1487 1870 1617 1922 igitur
1654 1868 1761 1908 haec
1800 1869 1942 1909 omnia

1087 1939 1151 1978 eo,
1185 1933 1230 1966 ut
1260 1926 1527 1966 harmoniam
1556 1926 1761 1966 doceatur
1791 1931 1941 1965 natura

1085 1995 1164 2023 sua
1206 1995 1260 2022 ex
1299 1983 1375 2030 iis,
1423 1982 1539 2022 unde
1588 1982 1683 2036 ipsa
1722 1980 1939 2034 prodierit,

1088 2045 1231 2092 aptam
1263 2045 1303 2078 et
1343 2049 1598 2092 suspensam
1627 2049 1736 2080 esse.
1779 2036 1942 2077 Deinde

1087 2108 1190 2135 vero
1230 2096 1275 2135 in
1313 2095 1563 2135 universum
1603 2095 1730 2134 etiam
1757 2092 1840 2133 hoc
1868 2094 1943 2134 de-

1088 2157 1349 2192 monstratur
1388 2151 1540 2191 cadere
1579 2151 1623 2190 in
1662 2149 1942 2201 harmoniam,

1090 2216 1137 2248 ut
1158 2208 1299 2248 varios
1327 2219 1377 2247 ac
1403 2206 1664 2259 multiplices
1686 2206 1847 2259 gradus
1867 2206 1941 2246 ha-

1088 2266 1200 2313 beat,
1222 2264 1366 2318 prouti
1386 2262 1532 2304 fidium
1554 2275 1603 2303 ac
1625 2274 1855 2302 nervorum
1875 2263 1942 2302 in-

1087 2322 1220 2361 tentio
1250 2332 1299 2360 ac
1327 2320 1574 2373 temperatio
1604 2320 1742 2360 maior
1769 2326 1844 2358 aut
1861 2319 1944 2358 mi-

1086 2389 1164 2417 nor
1186 2377 1240 2417 sit
1269 2376 1334 2430 (p.
1359 2378 1414 2418 93
1435 2378 1473 2416 A
1495 2398 1547 2405 —
1568 2376 1601 2416 B
1621 2373 1723 2427 in.).
1765 2375 1839 2415 His
1861 2386 1941 2414 au-

1085 2440 1171 2473 tem
1193 2435 1252 2473 ita
1271 2433 1425 2487 positis
1447 2432 1583 2473 acutis
1612 2431 1942 2472 conclusiuncu-

1085 2490 1138 2530 lis
1167 2496 1264 2543 apte
1290 2489 1399 2529 inter
1427 2501 1474 2530 se
1490 2489 1627 2529 -nexis
1660 2496 1700 2529 et
1729 2488 1941 2542 copulatis

1088 2546 1292 2600 deinceps
1323 2546 1543 2594 evincitur,
1573 2551 1732 2597 quanta
1760 2546 1816 2585 sit
1843 2544 1942 2585 har-

1087 2602 1254 2642 moniae
1276 2610 1318 2642 et
1338 2602 1469 2642 animi
1490 2601 1791 2655 discrepantia.
1819 2600 1943 2650 Quod

1089 2665 1136 2699 111
1157 2658 1380 2710 efficiatur,
1395 2657 1593 2699 Socrates
1616 2658 1778 2698 orditur
1799 2658 1851 2698 ab
1873 2669 1937 2708 eo,

1086 2715 1204 2767 quod
1222 2722 1439 2769 postremo
1460 2720 1679 2767 posuerat,
1695 2713 1942 2754 harmoniae

1088 2772 1314 2826 proprium
1343 2784 1456 2823 esse,
1486 2778 1532 2810 ut
1559 2771 1701 2811 varios
1722 2777 1942 2822 tamquam

1088 2828 1247 2882 gradus
1286 2828 1630 2880 multiplicesque
1669 2827 1942 2880 temperatio-

1089 2897 1166 2925 nes
1207 2884 1375 2927 habeat.
1455 2883 1650 2925 Ostendit
1690 2884 1803 2923 enim
1843 2891 1942 2923 ante

1090 2941 1234 2982 omnia
1283 2940 1494 2981 eiusmodi
1533 2948 1707 2980 naturae
1744 2939 1942 2980 variatio-

1090 3009 1188 3037 nem
1236 3009 1286 3037 ac
1335 2997 1611 3037 mutationem
1659 2996 1703 3034 in
1753 2995 1941 3034 animum

1091 3053 1206 3094 nullo
1236 3061 1361 3107 pacto
1390 3053 1637 3100 convenire,
1679 3051 1838 3104 quippe
1870 3050 1942 3102 qui

1090 3110 1146 3150 sit
1165 3111 1209 3150 vi
1239 3122 1319 3150 sua
1344 3121 1514 3163 semper
1542 3109 1622 3149 sibi
1642 3114 1843 3147 constans
1866 3118 1942 3147 ne-

1090 3178 1171 3216 que
1201 3165 1309 3207 ferat
1338 3166 1466 3207 ullam
1494 3165 1704 3218 graduum
1725 3163 1942 3203 vicissitu-

1088 3223 1253 3287 dinem,
1312 3224 1371 3262 ita
1420 3229 1467 3261 ut
1515 3232 1685 3273 semper
1733 3220 1788 3260 sit
1835 3219 1941 3259 illud

1086 3278 1242 3332 ipsum,
1285 3279 1431 3344 quodq
1439 3278 1506 3324 sit,
1546 3276 1626 3316 hoc
1668 3284 1733 3316 est
1769 3276 1940 3315 animus

1088 3335 1151 3388 (p.
1174 3337 1229 3377 93
1250 3335 1282 3375 Β
1312 3324 1343 3387 ἦ
1374 3322 1462 3375 οὖν
1483 3355 1539 3361 -
1562 3326 1705 3384 εἶναι,
1735 3324 1940 3384 ψυχήν).

1088 3391 1164 3431 His
1205 3403 1305 3431 vero
1346 3389 1551 3444 expositis
1582 3400 1707 3442 porro
1749 3386 1941 3426 animad-

1091 3448 1214 3487 vertit
1248 3448 1379 3487 animi
1410 3446 1548 3487 varias
1580 3457 1674 3485 esse
1693 3445 1870 3484 virtutes
1892 3454 1942 3482 ac
