2158 3718
804 130 1064 173 PHAnDo
1096 145 1142 188 p.
1158 101 1160 105 ’
1178 134 1274 174 109.
1811 134 1918 188 275

138 272 398 341 Σιμμίας.
454 268 578 325 ”Eu
613 271 834 338 τοίνυν,
873 271 1008 338 ἔφη,
1048 269 1307 339 πάμμεγα
1343 291 1395 323 τι
1435 267 1580 324 εἶναι
1618 270 1785 340 αὐτό,
1825 276 1918 326 καὶ

136 354 280 425 ἡμᾶς
316 355 521 422 οἰκεῖν,
570 351 702 416 τοῦς
745 354 905 423 μέχρι
942 352 1290 424 εΗρακλείων
1328 358 1551 424 στηλῶν
1588 353 1696 409 ἀπὸ
1739 356 1916 410 Φάσι-
1946 362 1981 402 Β

138 440 254 509 δος,
295 441 359 494 ἐν
397 440 612 508 σμικρῷ
648 456 761 491 τινι
797 440 993 508 μορίῳ,
1033 436 1214 509 ω’ςπερ
1252 439 1382 509 περὶ
1417 438 1589 509 τέλμα
1625 440 1919 510 μύρμηκας

135 522 172 593 ἢ
207 523 523 594 βατράχους
497 562 550 591 ς,
590 523 718 626 περὶ
754 520 857 592 τὴν
894 522 1184 576 θάλατταν
1216 523 1539 592 οἰκοῦντας,
1579 525 1673 576 καὶ
1710 522 1920 589 ἄλλους

136 605 341 661 ἄλλοθι
378 604 624 670 πολλοῦς
663 607 726 661 ἐν
765 610 995 670 πολλοῖς
1018 607 1294 671 τοιούτοις
1319 607 1509 670 τόποις
1535 608 1729 661 οἰκειν.
1775 605 1919 663 εἶναι

133 693 244 762 γὰρ
281 694 535 762 πανταχῇ
572 693 700 762 περὶ
736 690 839 762 τὴν
876 696 984 761 γῆν
1021 689 1202 746 πολλοὶ
1249 695 1410 746 κοῖλα
1457 691 1551 745 καὶ
1588 692 1920 747 παντοδαποὶ

134 777 230 829 καὶ
266 773 364 839 τὰς
402 776 551 840 ἰδέας
589 777 681 829 και
718 796 784 830 τα
822 777 1052 847 μεγέθη,
1094 779 1171 841 εἰς
1209 775 1244 829 ὁὶ
1282 777 1724 848 ξυνεῤῥυηκέναι
1761 778 1824 831 τό
1861 798 1921 831 τε

135 857 294 929 ὕδωρ
331 861 426 914 καὶ
462 858 566 930 τὴν
604 859 839 931 ὁμίχλην
877 862 967 916 καὶ
1008 859 1107 915 τὸν
1145 859 1309 932 ἀέρα
1355 859 1534 931 αὐτὴν
1573 862 1634 915 δὲ
1671 860 1775 946 την
1810 866 1920 932 γῆν

136 943 399 1014 καθαραν
447 946 511 999 ἐν
566 949 801 1016 καθαρῷ
840 952 1063 1000 κεῖσθαι
1102 950 1178 1016 τῷ
1217 942 1465 1016 οὐρανῷ,
1506 946 1570 999 ἐν
1609 947 1759 1017 ᾧπερ
1801 946 1920 999 ἐστι

247 1114 410 1171 μέχρι
433 1111 804 1171 Ηρακλείων]
839 1119 891 1158 V.
915 1115 1091 1171 μέχρις.
1135 1118 1246 1158 Illud
1266 1124 1489 1170 praestant
1508 1116 1628 1157 Bodl.
1653 1117 1761 1157 Tub.
1785 1117 1914 1161 Coisl.

133 1174 230 1216 Vat.
263 1174 370 1214 Ven.
402 1173 505 1215 ΛΠ
529 1174 658 1214 Vind.
683 1174 721 1215 Φ
759 1174 854 1214 Par.
877 1173 1023 1216 CGHI
1060 1175 1208 1217 Ambr.
1241 1176 1355 1226 Aug.

133 1236 233 1270 vett.
268 1230 532 1283 grammatici
566 1231 833 1283 praecipiunt
866 1227 1001 1285 μέχρι
1040 1242 1080 1271 et
1114 1222 1223 1285 α”χρι
1261 1231 1386 1270 etiam
1422 1237 1520 1269 ante
1552 1230 1719 1270 vocales
1756 1230 1915 1270 litteras

131 1287 363 1327 tenendum
394 1299 501 1327 esse.
534 1299 570 1326 v.
601 1286 826 1354 Phrynich.
860 1301 903 1340 p.
929 1290 981 1327 14
1016 1288 1160 1338 ibique
1196 1287 1380 1327 Lobeck.
1422 1286 1552 1339 Apud
1578 1285 1797 1325 Platonem
1833 1288 1917 1326 rari

133 1348 234 1383 sunt
262 1343 357 1394 loci,
386 1343 427 1382 in
462 1343 616 1407 quibus
644 1355 821 1410 μέχρις
838 1344 1026 1384 codicum
1057 1344 1305 1384 auctoritate
1327 1343 1394 1382 vel
1418 1343 1683 1382 mediocriter
1709 1342 1914 1387 firmetur,

131 1400 280 1451 Itaque
300 1399 370 1439 ille
390 1399 548 1449 ubique
569 1412 681 1453 αχρι
703 1407 744 1440 et
764 1396 901 1466 μέχρι
921 1401 1146 1454 scripsisse
1166 1401 1350 1440 videtur.

244 1455 293 1498 B.
343 1449 403 1497 ἒν
441 1455 679 1504 πολλοις
719 1451 1030 1521 τοιούτοις]
1073 1457 1289 1499 πολλοῖσι
1311 1457 1420 1495 Ven.
1443 1456 1484 1496 Λ
1511 1454 1913 1497 Pa1.EH1LF10r.

132 1513 158 1552 b
180 1524 202 1551 c
223 1512 261 1563 i,
300 1512 414 1564 quod
450 1512 566 1552 dedit
592 1512 825 1556 Bekkerus.
871 1514 957 1554 Nos
994 1514 1036 1552 in
1072 1513 1138 1554 his
1166 1513 1398 1553 formarum
1433 1511 1711 1551 varietatibus
1748 1523 1916 1564 semper

131 1568 352 1609 meliorum
373 1568 576 1608 librorum
597 1569 837 1610 auctoritati
867 1571 1243 1623 obtemperandum
1265 1569 1509 1611 statuimus.
1554 1568 1750 1609 Cet-erum
1771 1567 1915 1608 Plato-

133 1637 228 1664 nem
250 1625 320 1666 illa
343 1625 478 1666 dativi
498 1625 795 1666 terminatione
815 1638 899 1666 uon
921 1638 1017 1666 raro
1039 1639 1163 1666 usum
1189 1638 1285 1666 esse
1306 1626 1409 1666 satis
1431 1630 1609 1665 constat.

1067 1769 1162 1809 185.
1194 1766 1429 1819 Aptissime
1459 1778 1559 1806 vero
1589 1765 1642 1804 ad
1671 1764 1799 1804 totius
1830 1773 1915 1805 ter-

1062 1836 1150 1876 rae,
1175 1835 1300 1874 quam
1322 1822 1457 1875 fingit,
1479 1821 1815 1874 magnitudinem
1836 1821 1912 1861 ho-

1065 1881 1200 1920 mines
1219 1885 1450 1944 ’comparat
1479 1890 1574 1917 cum
1604 1877 1793 1917 bestiolis
1815 1889 1914 1931 par-

1064 1936 1253 1975 vissimis
1291 1944 1418 1986 atque
1454 1945 1569 1973 mare
1598 1933 1783 1973 medium
1816 1946 1911 1973 cum

1063 1992 1232 2056 palude.
1271 1991 1374 2030 Nam
1399 1987 1549 2043 τέλμα
1572 1996 1636 2029 est
1657 1982 1800 2037 τόπος
1821 2003 1913 2043 πη-

129 1758 461 1863 att-²3⁹5&
486 1760 792 1866 aE‘ssff'm‘Z
815 1758 978 1864 αεῖτῗὲ.

128 1891 174 1933 p.
196 1878 323 1930 88A‚
347 1879 469 1920 ubiv
473 1837 650 1921 ,annoyn
687 1837 746 1877 νη
900 1834 927 1876 p

185 1935 234 1978 B.
282 1929 416 1984 τούς
454 1931 622 1989 μέχρι
656 1929 880 1989 Ηρακλ.
925 1958 977 1965 —-

128 1985 438 2060 θαλατταν
478 1988 812 2056 οἰκοῦντας]
864 1988 977 2040 τοῦς

1392 1173 1621 1213 Florentini
1649 1173 1744 1212 Zitt.
1786 1174 1916 1214 Recte
1989 1225 1995 1228 ἢ

127 2043 265 2102 μέχρι
277 2041 382 2102 Ηρ.
406 2041 502 2089 απὸ
526 2041 748 2096 Φάσιδος,
776 2062 796 2088 n
813 2060 867 2089 os
891 2051 978 2100 qui

128 2110 320 2145 terram
342 2104 674 2145 habitemus
665 2105 787 2144 inde
810 2117 834 2143 a
854 2104 978 2144 Pha-

130 2160 248 2202 side
275 2172 443 2210 usque
471 2161 534 2200 ad
556 2161 829 2200 columnas
851 2161 978 2200 Her-

131 2215 288 2267 culis,
312 2216 352 2257 h.
378 2229 414 2256 e.
440 2217 527 2267 qui
546 2217 802 2269 Europam
826 2216 977 2257 inco-

132 2273 316 2314 lamus.
359 2272 466 2312 Nam
494 2273 663 2326 Europa
685 2274 737 2313 ab
760 2273 978 2313 occidente

130 2329 340 2370 columnis
361 2328 550 2369 Herculis
573 2328 890 2378 terminabatur,
924 2331 977 2370 de

130 2386 284 2438 quibus
323 2386 421 2426 vide
469 2385 707 2426 Fischeri
747 2386 879 2428 Indic
923 2387 978 2426 ad

127 2440 375 2505 Palaephat
407 2455 447 2484 v.
470 2435 743 2495 Ηρακλείοι
778 2440 973 2496 στήλαις

129 2498 180 2538 ab
203 2499 366 2539 oriente
385 2506 526 2538 autem
553 2511 578 2538 a
606 2499 750 2537 multis
773 2500 976 2538 eredeba-

127 2564 195 2595 tur
228 2554 445 2595 terminari
477 2555 677 2605 Phaside,
714 2554 842 2594 fluvio
879 2553 969 2596 Col-

129 2610 290 2654 chidos.
322 2624 366 2652 v.
397 2611 492 2652 Her.
524 2613 594 2652 lV.
626 2611 695 2653 45.
738 2613 886 2662 Itaque
923 2612 973 2651 ab

128 2667 315 2708 Aristide
357 2668 404 2710 Τ
445 2669 496 2708 lI.
534 2681 578 2721 p.
615 2669 697 2708 307
743 2668 807 2707 ed.
857 2667 974 2709 Cant.

127 2723 338 2777 Europaei
387 2723 584 2764 dicuntur
631 2715 735 2765 ὅσοι
790 2722 974 2778 στηλῶν

121 2773 410 2846 Ἡρακλέους
451 2773 584 2828 ἐντὸς
625 2777 707 2820 καὶ
756 2779 975 2845 ποταμοῦ

130 2834 352 2884 Φασιὸος.
387 2837 529 2876 Verba
550 2833 659 2901 περὶ
680 2829 770 2890 τὴν
790 2830 973 2878 θαλατ-

129 2904 220 2932 ταν
240 2887 493 2940 οἰκοῦντας
524 2893 733 2946 pertinent
755 2893 809 2932 ad
829 2886 972 2960 ἡμᾶςἔ

130 2959 212 2987 non
226 2947 278 2987 ad
292 2942 574 3002 βατραχους.
589 2950 775 2989 Vocatur
785 2958 924 2989 autem
943 2964 972 3002 η

130 2996 353 3044 θάλαττα
378 3004 626 3057 simpliciter
641 3017 716 3043 ma
729 3018 781 3044 re
803 3006 816 3044 i
830 3018 851 3044 n
868 3013 972 3044 ter—

131 3072 267 3108 num,
301 3060 413 3111 quod
442 3059 524 3101 hoc
551 3061 642 3100 loco
673 3061 770 3100 inde
794 3073 818 3099 a
840 3062 972 3101 Ponto

129 3128 265 3167 usque
293 3116 349 3156 ad
378 3116 595 3156 columnas
623 3117 818 3156 Herculis
849 3118 977 3169 perti-

131 3184 232 3212 nere
253 3172 477 3217 iudicatur.
522 3172 659 3213 Usum·
680 3172 878 3223 loquendi
900 3173 975 3212 ha—

131 3229 204 3269 bes
229 3229 350 3268 etiam
375 3229 541 3273 Menex,
567 3243 608 3282 p.
630 3230 712 3269 239
734 3228 780 3274 Ε,
803 3229 974 3269 aliunde

132 3285 311 3324 eundem
334 3285 597 3325 illustrarunt
614 3285 896 3325 Markland.
921 3287 975 3326 ad

128 3339 242 3381 Max.
265 3341 362 3394 Tyr.
386 3354 428 3395 p.
453 3341 547 3382 709.
572 3340 971 3394 Schweighaeu—

132 3408 231 3438 ser.
263 3397 318 3437 ad
339 3398 522 3452 Appian.
554 3399 743 3438 Prooem.
768 3410 802 3436 c.
828 3398 853 3439 1.
876 3398 971 3437 Vol.

131 3453 203 3492 ΙΙΙ.
247 3466 287 3505 p.
322 3454 415 3495 110.
449 3454 684 3496 Larcher.
727 3454 780 3496 ad
810 3454 904 3496 Her.
938 3455 969 3494 I.

1065 2041 1220 2102 λώδης
1249 2038 1376 2099 ὕδωρ
1409 2042 1527 2100 ἔχων
1557 2047 1782 2099 interprete
1811 2047 1912 2099 Ety-

1064 2105 1220 2157 molog.
1243 2104 1299 2147 Μ.
1331 2111 1371 2143 et
1391 2103 1475 2142 Hes
1509 2102 1619 2145 chio.

1123 2136 1204 2208 εἰς
1246 2150 1276 2200 οὶ
1307 2153 1807 2224 ξυνερρυηκέναι]
1851 2158 1911 2198 De

1063 2216 1271 2257 infinitivo
1306 2217 1349 2255 in
1388 2217 1579 2255 oratione
1608 2214 1779 2265 obliqua
1812 2221 1911 2267 post

1063 2274 1240 2313 relativa
1277 2273 1435 2343 posito
1461 2285 1499 2311 v.
1542 2272 1594 2312 ad
1621 2283 1675 2336 p.
1699 2270 1826 2311 72A.
1855 2293 1910 2299 --

1062 2323 1235 2385 ὁμίχλη
1266 2343 1306 2395 η
1348 2322 1542 2393 ὀμίχλα·
1606 2319 1699 2393 αὴρ
1739 2319 1915 2380 παχύς,

1062 2379 1319 2439 σκοτεινάς,
1342 2378 1504 2439 αχλύς,
1528 2377 1782 2436 ῦὸατωὸης
1804 2394 1911 2424 σκο-

1061 2442 1156 2484 τι’.α
1206 2443 1518 2494 Hesychius
1567 2439 1729 2480 Placuit
1768 2448 1909 2479 autem

1062 2499 1274 2538 veteribus
1296 2498 1449 2538 Atticis
1478 2498 1518 2536 in
1553 2496 1807 2547 quibusdam
1831 2508 1904 2536 no-

1061 2556 1244 2595 minibus
1266 2555 1402 2594 littera
1420 2556 1450 2606 ῆ
1472 2565 1547 2607 pro
1571 2556 1616 2594 οἳ.
1640 2552 1834 2594 Eustath.
1854 2553 1910 2592 ad

1062 2611 1137 2652 Od.
1161 2611 1214 2650 X.
1239 2624 1279 2663 p.
1306 2611 1386 2651 795
1414 2609 1653 2660 κανονίζει
1685 2603 1738 2650 δε
1767 2602 1791 2648 ὀ
1823 2601 1910 2649 αύ-

1061 2662 1144 2765 {gg
1166 2659 1689 2790 gqvwrtoo‘c'lssgilifflzliavevliffulillb
1693 2678 1730 2762 1κ
1732 2665 1829 2787 ιζῗλ
1834 2678 1908 2774 ηΡν

1062 2774 1144 2820 ὃια
1168 2778 1252 2821 τοῦ
1283 2794 1312 2833 η
1343 2776 1575 2843 λέγουσιν.
1617 2775 1700 2819 καὶ
1723 2770 1747 2818 ὃ
1771 2771 1908 2841 λόγος

1061 2850 1209 2883 ουτως
1233 2832 1346 2901 ἔχει,
1371 2830 1429 2876 τὰ
1446 2829 1547 2901 γὰρ
1572 2831 1638 2882 εἰς
1662 2835 1719 2875 λα
1741 2827 1910 2887 λήγον-

1061 2906 1119 2933 τα
1142 2887 1337 2956 θηλυκα
1373 2888 1462 2945 πρὸ
1501 2891 1584 2932 τοῦ
1623 2892 1647 2931 λ
1684 2886 1876 2955 s'tspov‚
1885 2891 1909 2930 λ

1062 2944 1174 3002 ἔχει,
1208 2942 1401 3015 σκύλλα,
1432 2941 1602 2997 κόλλα,
1618 2938 1824 3013 ἅμιλλα,
1854 2938 1910 2985 ἄ-

1060 3006 1237 3072 μαλλα,
1271 3002 1538 3046 τελέσιλλα·
1578 3017 1635 3045 τα
1669 2998 1721 3043 δὲ
1753 2997 1820 3048 εἰς
1851 3003 1908 3054 λη

1061 3054 1238 3124 οὐκέτι,
1261 3055 1449 3115 ὁμίχλη,
1481 3055 1654 3125 φύτλη,
1682 3053 1908 3122 γενέθλη.

1063 3107 1185 3158 οὕτω
1212 3115 1298 3183 noll3
1325 3117 1464 3185 κίχλη
1494 3131 1522 3170 η
1556 3129 1604 3157 τε
1628 3127 1757 3166 ορνις
1777 3110 1859 3153 καὶ
1882 3106 1907 3153 ὁ

1063 3167 1224 3237 ἰχθύς.
1269 3166 1529 3239 αρέσκεται
1546 3167 1599 3212 δὲ
1621 3167 1704 3211 καὶ
1727 3167 1789 3225 τῷ
1811 3181 1907 3210 τοι-

1062 3223 1184 3284 ούτῳ
1214 3224 1382 3295 κανόνι
1413 3226 1494 3270 καὶ
1506 3212 1825 3292 Ηρωὸιανός.
1850 3247 1905 3252 ——

1059 3286 1201 3326 Verba
1223 3279 1377 3339 αὐτὴν
1394 3281 1446 3326 δὲ
1465 3277 1552 3348 τῂν
1570 3282 1661 3336 γῆν
1682 3293 1903 3335 opponun—

1060 3350 1126 3381 tui
1130 3345 1248 3407 τοις
1268 3342 1462 3393 κοίλοις,
1496 3342 1552 3378 ita
1574 3348 1618 3379 ut
1639 3339 1906 3389 intellegatur

1059 3391 1087 3451 ἡ
1112 3390 1173 3446 ὡς
1202 3391 1397 3451 αληθῶς
1429 3395 1503 3450 γῆ,
1539 3403 1581 3435 ιιι
1602 3402 1775 3436 vocatur
1796 3393 1904 3433 inf1a

1058 3467 1099 3507 p
1129 3456 1279 3496 110A.

1458 3519 1565 3571 18*
