2158 3718
353 342 450 397 καὶ
490 337 618 396 οὐδὲ
661 340 844 393 ταῦτα
889 325 995 399 αὖ,
1044 325 1085 388 ὦ
1130 330 1463 407 Σώκρατες,
1520 342 1659 408 ἐρεῖς
1703 335 1793 394 ὅτι
1837 338 2049 415 ψεύδο-

352 446 472 496 μαι.
508 419 850 490 ποιήσαντος
894 421 950 473 δὲ
995 414 1063 484 δὴ
1109 420 1289 473 ταῦτα
1334 422 1497 490 ἐμοῦ,
1556 413 1725 487 οὗτος
1768 426 2045 480 τοσοῦτον

353 505 690 580 περιεγένετό
756 526 815 559 τε
870 504 963 557 καὶ
1021 502 1403 578 κατεφρόνησε
1444 505 1537 559 καὶ
1577 510 1902 575 κατεγέλασε
1945 510 2046 575 τῆς

353 595 486 664 ἐμῆς
529 588 678 664 ὥρας
719 593 814 645 καὶ
855 583 1076 658 ὕβρισε·
1122 590 1316 659 καίπερ
1360 586 1528 643 ἐκεῖνό
1573 611 1631 660 γε
1675 589 1832 662 ᾤμην
1873 613 1928 646 τι
1973 592 2045 669 εἷς

353 698 465 742 ναι,
503 667 543 730 ὦ
588 670 786 746 ἄνδρες
831 673 1115 734 δικασταί·
1163 673 1418 725 δικασταὶ
1459 669 1567 744 γάρ
1609 679 1727 731 ἐστε
1771 678 1872 744 τῆς
1913 677 2044 730 Σω-

353 757 595 832 κράτους
648 755 1052 832 ὑπερηῳανιάς.
1106 745 1164 810 εὗ
1222 751 1330 827 γὰρ
1390 753 1532 822 ἰ’στε,
1589 754 1669 828 μὰ
1713 758 1920 826 θεούς,
1962 757 2040 831 μὰ

353 839 531 909 θεάς,
590 841 753 898 οὐδὲν
803 835 1198 914 περιττότερον
1253 839 1764 912 καταδεδαρθηκώς
1803 842 2044 912 ἀνέστην

351 926 490 1001 μετὰ
535 925 886 996 Σωκράτους
925 921 958 993 ἢ
1004 930 1050 979 εὶ
1089 919 1227 995 μετὰ
1259 921 1475 998 πατρὸς
1498 928 1798 993 καθηῦδον
1826 923 1861 996 ἢ
1886 926 2045 984 ἀδελ-

352 1014 467 1089 φοῦ
510 1013 899 1085 πρεσβυτέρου.
1771 1037 1774 1043 ·

481 1093 623 1172 Cap.
669 1091 933 1151 XXXV.
1030 1089 1114 1148 Τὸ
1173 1088 1240 1160 δὴ
1285 1088 1422 1164 μετὰ
1468 1095 1640 1149 τοῦτο
1688 1099 1810 1150 τίνα
1854 1094 2045 1150 οἴεσθέ

354 1202 420 1254 με
465 1179 723 1236 διάνοιαν
766 1182 924 1250 ἔχειν,
965 1174 1277 1250 ἡγούμενον
1317 1179 1419 1247 μὲν
1459 1175 1793 1249 ἠτιμάσθω,
1835 1178 2045 1251 ἀγάμε-

356 1284 458 1322 νον
501 1267 559 1320 δὲ
590 1254 713 1332 ’τὴν
751 1262 955 1320 τούτου
1003 1260 1171 1341 φύσιν
1213 1282 1270 1317 τε
1303 1264 1395 1317 καὶ
1420 1262 1789 1339 σωφροσύνην
1820 1266 1914 1319 καὶ
1942 1262 2046 1319 άν-

983 191 1407 242 PLATOMS

474 1513 527 1556 C.
590 1510 713 1555 οὐδὲ
750 1516 933 1572 ”censitum
964 1508 1060 1567 αὖ]
1106 1505 1166 1552 αὖ
1197 1524 1286 1553 om·
1316 1509 1446 1553 Coisl.
1484 1510 1586 1552 Par.
1621 1509 1720 1553 EF.
1753 1510 1900 1552 Ambr.
1935 1511 2043 1565 Aug.

358 1570 610 1615 vat.n.r.s.
669 1571 814 1613 Recte
845 1574 901 1611 αι]
936 1574 1148 1612 servatur.

472 1643 525 1684 D.
585 1641 611 1694 ἢ
653 1642 698 1683 εἰ
737 1638 874 1696 μετὰ
908 1637 1148 1695 πατρός]
1193 1639 1228 1680 εἰ
1257 1637 1392 1682 Coisl.
1417 1638 1521 1683 Par.
1556 1639 1659 1681 ΒΚ.
1694 1639 1840 1681 Ambr.
1875 1646 2040 1694 Aug.u.

357 1700 670 1753 Vat.d.n.p.r.
704 1704 748 1740 et
785 1712 809 1740 a
842 1710 904 1753 pr.
935 1711 990 1740 m.
1023 1698 1139 1739 Flor.
1165 1697 1204 1738 b.
1241 1697 1460 1738 omittunt.
1522 1697 1630 1738 Dein
1661 1697 1793 1741 Coisl.
1823 1709 1937 1740 corr.
1968 1713 2044 1738 κα-

357 1756 547 1798 θεύδων.
617 1756 822 1798 Ceterum
863 1756 934 1797 vix
975 1756 1192 1798 mentione
1238 1753 1440 1807 dignum,
1481 1754 1600 1808 quod
1632 1755 1900 1797 Hommelius
1942 1759 2045 1809 post

357 1813 484 1856 οὐδὲν
523 1812 835 1869 περιττότερον
873 1817 1091 1855 commate
1132 1811 1480 1864 distinguendum
1523 1813 1712 1865 censuit,
1751 1817 1799 1854 ut
1828 1811 1894 1854 hic
1924 1817 2044 1855 esset

355 1885 531 1914 sensus:
591 1872 824 1913 Scitote
868 1871 1007 1913 enim
1046 1869 1183 1912 nihil
1226 1874 1556 1925 praeterea,
1594 1874 1726 1923 atque
1763 1870 1926 1924 reliqua
1964 1882 2043 1925 per

355 1929 615 1985 epexegesin
646 1929 920 1972 adderentur.

469 2001 557 2042 καὶ
587 1999 612 2042 ἆ
626 1999 857 2056 νδρείαν]
891 2001 967 2042 Sic
988 1997 1117 2041 Bodl.
1138 2003 1252 2041 teste
1271 1996 1521 2050 Gaisfordo,
1541 1997 1639 2040 Vat.
1652 1992 1704 2039 A.
1736 2002 1850 2040 teste
1874 1997 2042 2052 Restio,

357 2064 402 2103 et
432 2058 550 2102 Flor.
574 2072 614 2104 n.
649 2072 728 2113 pro
760 2060 880 2113 vulg.
918 2057 1114 2112 ἀνδρίαν.
1148 2056 1375 2099 Bekkerns
1406 2069 1431 2097 e
1462 2056 1551 2097 suis
1582 2054 1680 2097 nihil
1710 2055 1945 2098 annotavit.

476 2130 610 2173 οὗθ’
646 2128 779 2188 ὅπῃ]
814 2127 920 2172 ὁήοι
951 2128 1264 2172 Flor.a.b.c.i.
1286 2127 1447 2181 Ang.u.
1470 2126 1617 2169 Vat.n.
1643 2126 1819 2171 vind-2.
1838 2127 1951 2171 vem
1963 2126 2011 2171 Ξ.

471 2203 526 2246 Ε.
582 2197 643 2244 εὖ
671 2201 773 2260 γὰρ
808 2201 935 2257 ᾔδη]
968 2201 1042 2243 Sic
1071 2199 1199 2245 Bodl.
1231 2199 1328 2242 Vat.
1348 2199 1404 2242 A.
1433 2203 1478 2241 et
1507 2212 1572 2254 pr.
1606 2198 1738 2242 Coisl.
1773 2198 1886 2242 vett.
1920 2198 2042 2242 editt.

738 2295 749 2320 i

414 2404 465 2445 C.
525 2406 806 2444 τοσοῦτον
852 2399 1158 2457 περιεγένε-
1242 2398 1361 2440 dum
1392 2395 1651 2451 quiddam
1682 2409 1821 2439 esse.

354 2461 443 2516 το]
482 2462 527 2504 In
559 2460 620 2502 his
651 2463 866 2500 τοσοῦτον
895 2458 1057 2500 dictum
1090 2461 1158 2499 est

352 2521 570 2564 δεικτικῶς
619 2523 664 2560 et
701 2530 777 2572 per
823 2516 1038 2570 quandam
1080 2528 1157 2556 ex-

356 2561 686 2628 clamationem,
723 2580 772 2616 ut
802 2574 1034 2628 significet:
1067 2572 1157 2613 mi·-

357 2648 467 2676 rum
527 2638 794 2686 quantum
865 2645 943 2673 me
1004 2630 1154 2671 vicit.

357 2691 488 2735 Quod
527 2691 662 2732 Hom
677 2690 837 2731 melio
875 2694 963 2729 tam
1004 2686 1153 2728 insoli-

356 2754 446 2790 tum
486 2748 642 2798 visum,
682 2752 730 2787 ut
771 2744 1037 2787 Alcibiadem
1081 2754 1155 2782 su-

356 2805 547 2859 spicatus
569 2806 624 2843 sit
642 2803 766 2844 aliam
789 2802 1014 2843 verborum
1036 2803 1153 2839 stru-

355 2868 518 2904 cturam
540 2862 579 2902 in
603 2864 750 2901 mente
771 2858 981 2900 habuisse.
1014 2854 1151 2899 Quasi

355 2932 459 2962 vero
482 2916 816 2960 demonstrativa
835 2920 921 2955 tam
940 2926 1036 2955 raro
1057 2925 1152 2953 cum

358 2976 666 3020 exclamatione
680 2978 907 3027 ponantur.
930 2971 1037 3012 Mox
1049 2971 1154 3009 ἐκεῖ·

358 3049 405 3074 νο
436 3034 623 3089 pertinet
641 3031 694 3074 nd
714 3035 791 3083 τῆς
814 3028 942 3084 ὥρας.
1000 3028 1155 3069 Solent

315 3128 319 3132 .
358 3093 469 3134 einim
502 3090 755 3146 pronomina
795 3087 985 3128 neutrius
1021 3098 1153 3137 gene-

356 3151 416 3191 ris
455 3147 669 3190 interdum
709 3145 906 3187 universe
947 3143 1060 3184 dicta
1091 3142 1154 3183 sic

357 3208 481 3261 poni,
524 3212 571 3247 ut
609 3202 832 3247 referenda
873 3202 954 3242 sint
985 3200 1039 3241 ad
1073 3212 1151 3240 no-

357 3265 470 3307 mina
502 3263 701 3305 feminina
721 3262 787 3302 vel
814 3259 1063 3307 masculina,
1097 3257 1152 3297 cf.

358 3321 627 3364 Matthiae
661 3320 692 3372 ᾖ.
726 3317 826 3363 439.
887 3317 1052 3357 Sensus
1090 3313 1154 3355 liic

358 3383 446 3422 este
493 3378 748 3433 putabam
797 3386 928 3417 vero
977 3385 1151 3413 meam

358 3435 793 3492 pulcritudinem
824 3446 849 3476 a
869 3430 895 3474 d
917 3430 987 3474 mi
1011 3441 1030 3472 r
1051 3442 1078 3471 a
1100 3442 1148 3471 u-

1300 2479 1357 2524 tv'
1386 2480 1487 2538 γὰρ
1526 2482 1666 2535 ἴστε,
1695 2506 1752 2514 --
1782 2479 2040 2538 ἀνέστην]

1239 2539 1481 2595 Xenoph.
1520 2540 1690 2582 Hellen.
1725 2540 1774 2582 V.
1807 2541 1845 2593 1,
1885 2540 1959 2585 14:
1991 2537 2045 2584 εὖ

1241 2601 1360 2651 ἴστε,
1402 2597 1510 2639 δ’ταν
1541 2596 1660 2652 ὑμῶν
1691 2595 1769 2652 ἐγὼ
1799 2598 1932 2651 ἄρχω,
1965 2599 2039 2640 εὕ-

1238 2672 1375 2710 χομαι
1404 2671 1440 2696 κ.
1473 2670 1512 2696 τ.
1542 2653 1581 2695 λ.
1613 2654 1716 2695 Crit.
1739 2654 1932 2697 c.XVll.
1971 2655 2037 2698 De

1239 2713 1396 2765 reipsa
1426 2724 1464 2754 v.
1498 2710 1655 2752 Corn.
1683 2710 1867 2765 Nepos
1898 2713 2035 2754 Alcib.

1238 2782 1274 2809 c.
1307 2769 1362 2810 ll.
1397 2767 1628 2812 Quintil.
1662 2767 1869 2811 Institutt.
1896 2770 2039 2813 Oratt.

1238 2825 1361 2877 vlit,
1393 2825 1432 2869 4.
1466 2824 1544 2869 23:
1587 2837 1685 2866 nec
1725 2825 1849 2867 milli
1890 2826 2038 2869 vide-

1236 2887 1324 2924 tur
1380 2882 1431 2924 in
1492 2882 1788 2939 Symposio
1846 2882 2034 2936 Plato,

1237 2953 1396 2994 quum
1460 2939 1797 2982 Alcibiadem
1867 2941 2038 2984 confi-

1238 3003 1445 3040 tentem
1487 2996 1551 3040 de
1584 3010 1675 3049 se,
1712 2996 1842 3051 quid
1882 3012 1908 3040 a
1940 2999 2035 3042 So-

1238 3060 1394 3098 crate
1441 3055 1554 3109 pati
1602 3054 1867 3107 voluerit,
1917 3069 2034 3098 nar-

1237 3118 1344 3163 rat,
1414 3118 1472 3154 ut
1540 3112 1693 3154 illum
1761 3114 2032 3167 culparet,

1237 3170 1368 3213 haec
1425 3170 1763 3222 tradidisse,
1810 3169 1918 3212 sed
1977 3177 2035 3212 ut

1238 3228 1498 3270 Socratis
1549 3227 1810 3269 invictam
1861 3229 2035 3269 conti-

1237 3286 1474 3328 nentiam
1508 3283 1863 3336 ostenderet,
1895 3298 2035 3338 quae

1239 3342 1516 3397 corrumpi
1549 3365 1599 3372 —
1633 3354 1734 3383 non
1765 3347 1974 3396 posset.

1295 3429 1347 3493 DX.
1425 3427 1521 3471 οὐκ
1576 3426 1635 3469 ἂν
1692 3425 1840 3482 ᾤμην
1900 3427 2031 3470 ποτὲ
