2158 3718
258 172 267 182 =
344 152 417 200 62
978 151 1395 204 PLATONIS

348 295 723 368 αἰσχρῶςμὲν
768 285 872 351 οὖν
912 300 1028 350 ἐστι
1073 299 1298 367 πονηρῷ
1342 319 1399 353 τε
1442 299 1533 354 καὶ
1574 301 1831 371 πονηρῶς
1867 305 2027 373 χαρί-

353 382 568 448 ζεσθαι,
615 381 794 443 καλῶς
841 382 896 434 δὲ
937 381 1156 450 χρηστῷ
1202 401 1255 435 τε
1308 384 1400 436 καὶ
1440 385 1633 446 καλῶς.
1679 381 1925 455 πονηρὸς
1966 382 2017 440 δ’

268 480 312 528 Ε
349 469 498 521 ἔστιν
541 471 748 527 ἐκεῖνος
791 460 820 518 ὁ
869 459 1100 532 ἐραστὴς
1142 462 1172 518 ὁ
1216 461 1515 535 πάνδημος,
1563 465 1592 523 ὁ
1639 471 1739 523 τοῦ
1774 466 2027 540 σώματος

345 552 558 620 μᾶλλον
601 545 636 615 ἢ
693 550 791 613 τῆς
839 550 1023 621 ψυχῆς
1077 551 1233 618 ἐρῶν.
1296 552 1388 604 καὶ
1433 548 1540 623 γὰρ
1602 550 1729 607 οὐδὲ
1787 552 2024 624 μόνιμός

344 642 521 698 ἐστιν,
575 630 674 705 ἅτε
718 629 843 685 οὐδὲ
885 635 1123 702 μονίμου
1166 634 1305 703 ἐρῶν
1349 631 1701 706 πράγματος·
1747 634 1869 708 ἅμα
1913 634 2020 711 γὰρ

342 721 420 788 τῷ
463 719 566 772 τοῦ
609 712 863 784 σώματος
899 713 1074 771 ἄνθει
1116 715 1364 785 λήγοντι,
1408 711 1577 791 οὗπερ
1623 716 1766 790 ἦρα,
1811 721 2021 793 οἴχεται

338 796 761 870 ἀποπτάμενος,
818 793 1303 869 πολλοὺςλόγους
1345 805 1437 857 καὶ
1479 800 1791 875 ὑποσχέσεις
1827 825 2022 861 καται-

337 883 557 957 σχύνας.
626 881 656 939 ὁ
705 885 761 938 δὲ
806 887 905 939 τοῦ
953 882 1140 950 ἤθους
1160 889 1404 958 χρηστοῦ
1449 882 1615 952 ὄντος
1647 886 1881 960 ἐραστὴς
1925 886 2015 945 διὰ

334 974 460 1042 βίον
503 974 680 1039 μένει,
730 965 828 1022 ἅτε
871 973 1086 1040 μονίμῳ
1131 976 1430 1035 συντακείς.
1496 970 1732 1037 τούτους
1776 970 1842 1040 δὴ
1885 970 2020 1044 βού-

195 1062 301 1113 184
335 1058 488 1110 λεται
528 1051 557 1109 ὁ
603 1050 874 1123 ἡμέτερος.
889 1051 1063 1124 νόμος
1104 1045 1163 1108 εὗ
1202 1057 1293 1109 καὶ
1337 1058 1517 1120 καλῶς
1551 1058 1883 1126 βασανίζειν,
1925 1060 2019 1113 καὶ

333 1138 450 1204 τοῖς
490 1140 591 1208 μὲν
629 1141 1006 1208 χαρίσασθαι,
1052 1134 1186 1203 τοὺς
1229 1142 1284 1194 δὲ
1330 1139 1666 1214 διαφεύγειν.
1711 1139 1802 1196 διὰ
1830 1144 2016 1197 ταῦτα

333 1215 435 1280 οὗν
480 1233 597 1286 τοῖς
637 1224 739 1293 μὲν
770 1220 981 1277 διώκειν
1009 1220 1467 1295 παρακελεύεται,
1513 1235 1630 1290 τοῖς
1674 1228 1730 1281 δε
1775 1223 2014 1300 φεύγειν,

332 1307 712 1378 ἀγωνοθετῶν
763 1308 856 1360 καὶ
913 1307 1282 1378 βασανίζων,
1315 1313 1562 1380 ποτέρων
1617 1313 1750 1365 ποτὲ
1793 1313 1941 1365 ἔστιν
1983 1308 2014 1366 ὁ

332 1396 470 1468 ἐρῶν
513 1393 607 1447 καὶ
663 1394 908 1464 ποτέρων
952 1388 981 1446 ὁ
1030 1388 1317 1463 ἐρώμενος.
1362 1388 1505 1448 οὕτω
1550 1390 1614 1460 δὴ
1652 1390 1763 1450 ὑπὸ
1807 1392 2015 1462 ταύτης

446 1572 469 1595 κ
493 1572 520 1595 α
540 1555 610 1595 λῶ
631 1571 650 1602 ς
680 1553 734 1594 δὲ
760 1555 1009 1610 χρηστῷ]
1044 1554 1161 1600 vett.
1193 1554 1314 1597 editt.
1348 1553 1507 1608 καλόν,
1537 1556 1653 1610 quod
1683 1564 1924 1602 correctum
1959 1573 2014 1603 ex

329 1616 432 1658 Par.
457 1614 561 1656 DK.
594 1613 689 1654 Vat.
707 1625 750 1665 p.

445 1673 497 1714 E.
560 1669 586 1722 ἢ
625 1674 718 1721 τῆς
751 1672 926 1720 ψυχῆς
957 1668 1112 1723 ἐρῶν]
1153 1669 1228 1710 Sic
1259 1669 1387 1712 Bodl.
1419 1670 1519 1712 Vat.
1542 1669 1596 1715 A.
1622 1672 1726 1718 Ven.
1749 1675 1794 1718 Ξ.
1815 1674 1941 1718 νῖηά.
1967 1675 2010 1720 2.

333 1732 435 1773 Par.
456 1727 673 1771 DK.Vat.
695 1740 739 1780 p.
760 1726 876 1767 Vett.
905 1725 1027 1767 editt.
1059 1728 1162 1781 ἐρῶν
1193 1725 1219 1778 ἢ
1249 1731 1326 1779 τῆς
1355 1733 1517 1781 ψυχῆς.

449 1785 538 1827 ὅτε
568 1783 689 1826 οὐδὲ
718 1784 980 1838 μονίμου]
1011 1782 1062 1824 ου’
1098 1798 1150 1826 ex
1183 1784 1306 1829 Bodl.
1334 1785 1470 1832 Coisl.
1502 1786 1624 1829 vind.
1647 1786 1689 1830 2.
1714 1786 1842 1829 Turr.
1887 1788 2010 1832 Idem

332 1846 460 1888 habet
491 1847 604 1885 teste
636 1841 786 1883 Bastio
823 1841 950 1882 etiam
983 1841 1078 1885 Vat.
1107 1842 1161 1883 A.
1194 1843 1396 1884 Praestat
1426 1849 1567 1885 tamen
1601 1846 1840 1898 vulgatum.
1896 1847 2009 1890 Dein

332 1901 628 1958 Sydenhamus
659 1901 767 1940 coni.
798 1896 890 1952 ἅμα
919 1897 1002 1954 γὰρ
1037 1922 1082 1927 -
1119 1898 1274 1952 ἄνθει,
1305 1898 1509 1954 λήγοντος
1537 1896 1674 1957 οὗπερ
1704 1902 1805 1957 ἤρα.

444 1960 496 2001 Ρ.
533 1957 628 2001 184.
687 1960 803 2004 τοῖς
840 1958 936 2010 μὲν
971 1957 1350 2012 χαρίσασθαι]
1387 1958 1652 2012 χαρίζεσθαι
1683 1959 1787 2002 Ven.
1813 1961 1858 2002 Ξ.
1882 1961 2007 2004 Vind-

329 2018 373 2062 2.
391 2018 496 2060 Par.
522 2016 623 2058 ΒΚ.
644 2014 747 2059 Vat.
765 2028 805 2068 p.
839 2013 928 2055 Sed
958 2015 1263 2068 praestabilior
1295 2025 1363 2058 est
1393 2017 1605 2070 aoristus,
1629 2017 1705 2090 βοὶ
1736 2018 1792 2059 ob
1823 2017 2005 2074 διαφεύ-

325 2091 418 2132 γειν
446 2076 696 2116 immutatus
726 2071 905 2140 videtur.

444 2132 532 2173 διὰ
566 2134 739 2172 ταῦτα
771 2143 868 2169 ουν
891 2152 945 2159 -
970 2126 994 2169 ὅ
1022 2125 1317 2185 ἐρώμενος]
1352 2128 1585 2172 Schiitzius
1615 2135 1750 2173 totam
1775 2130 1880 2174 hanc
1907 2146 2008 2175 sen-

327 2191 503 2235 tentiam
544 2187 724 2244 putabat
755 2187 808 2228 ab
839 2187 976 2229 aliena
1009 2199 1135 2228 manu
1165 2187 1461 2241 interpositam
1488 2201 1603 2233 esse.
1652 2189 1772 2231 ldem
1801 2191 2007 2233 censebat

1204 2306 1398 2355 negaret.
1417 2306 1509 2347 τοῖς
1525 2305 1618 2355 μέν,
1642 2316 1715 2345 am
1727 2318 1749 2346 a
1765 2309 1821 2347 to
1835 2306 1914 2347 rib
1926 2319 1951 2348 u
1966 2321 2001 2348 s.

1204 2364 1298 2407 τοῖς
1329 2361 1388 2412 δέ,
1419 2361 1663 2403 amasiis,

1262 2416 1322 2458 ἵν
1343 2433 1370 2456 α
1401 2434 1427 2468 χ
1453 2433 1476 2472 ρ
1505 2416 1563 2458 όν
1585 2434 1606 2456 ο
1632 2435 1651 2466 ς
1679 2419 2000 2476 ἐγγίνηται]

1206 2473 1430 2515 Phaedon.
1468 2489 1509 2528 p.
1537 2474 1610 2519 86.
1642 2475 1700 2516 E:
1740 2475 1807 2516 ἵνα
1836 2477 2002 2531 χρόνου

1205 2533 1476 2586 ἐγγενομένου
1535 2531 1872 2586 βουλευσώμεθα
1887 2566 1900 2586 ,
1957 2535 2005 2575 τί

1202 2591 1393 2657 &peanum
1426 2590 1656 2642 Protagor.
1672 2604 1711 2644 p.
1727 2590 1823 2634 339.
1844 2591 1904 2632 E:
1929 2591 1999 2632 ἵνα

327 2305 493 2356 οἴχεται
523 2298 830 2356 ἀποπτάμενος
859 2301 994 2356 petita
1021 2304 1121 2342 sunt

324 2375 378 2404 ex
409 2360 526 2405 Iliad.
556 2361 609 2406 11.
646 2359 717 2404 71.

380 2476 432 2519 P.
468 2464 561 2519 184.
607 2476 856 2529 ποτέρων
896 2475 1030 2514 ποτὲ
1071 2475 1121 2515 ἔ-

324 2531 462 2586 στιν]
499 2532 580 2574 h.e
629 2532 690 2573 ad
723 2538 902 2573 utrum
936 2545 1118 2585 genus

322 2590 604 2632 referendi
637 2590 1044 2631 sintamatores
1068 2594 1119 2630 et

323 2661 347 2687 a
372 2660 411 2688 m
436 2661 459 2687 a
478 2653 495 2688 t
517 2648 542 2687 i.
583 2647 811 2688 interiecta
839 2650 939 2686 sunt
969 2653 1115 2689 autem

325 2702 452 2744 haec:
503 2701 572 2743 διὰ
613 2707 758 2743 ταῦτα
797 2697 877 2741 οὖν
916 2706 1007 2748 τοῖς
1040 2706 1118 2754 μὲν

323 2759 486 2801 διώκειν
511 2781 565 2788 —
597 2763 785 2811 ποτέρων
823 2755 848 2798 o‘
888 2756 1114 2812 ἐρώμενος,

322 2817 440 2870 quasi
478 2829 554 2870 per
595 2815 865 2869 parenthesin
902 2815 1112 2866 quandam

323 2879 450 2927 atque
471 2874 701 2914 inserviunt
722 2872 862 2912 verbis
883 2872 1113 2924 postremis

323 2930 584 2973 iilustrandis
606 2934 696 2974 τοῖς
723 2932 795 2980 μὲν
820 2930 1111 2982 χαρίσασθαι,

322 2987 425 3036 τοὺς
458 2989 501 3028 δὲ
535 2984 793 3041 διαφεύγειν.
843 2986 967 3026 Solet
1001 2986 1111 3028 enim

320 3046 578 3097 Pausanias,
617 3049 664 3085 ut
693 3045 779 3085 iam
815 3042 1016 3092 vidimus,
1058 3044 1111 3084 ab

321 3103 529 3144 orationis
577 3106 727 3143 tenore
758 3101 913 3155 passim
947 3101 1111 3152 pannu-

319 3162 406 3202 lum
439 3161 668 3201 deflectere
705 3172 756 3200 ac
787 3157 986 3210 deinceps
1018 3160 1111 3210 plu-

320 3218 439 3259 ribus
479 3216 742 3270 interpositis
788 3214 841 3256 ad
889 3215 1109 3268 superiora

320 3275 490 3317 reverti.
556 3273 652 3316 Non
695 3276 787 3315 erat
824 3272 949 3326 igitur
988 3273 1107 3324 quod

319 3331 657 3373 Schuetzius
694 3334 830 3372 totam
874 3329 978 3370 hanc
1009 3342 1108 3370 sen-

318 3389 494 3432 tentiam
508 3402 536 3431 a
555 3389 738 3433 Platone
749 3385 990 3445 profectam
1009 3399 1106 3430 esse

1200 2661 1280 2697 μοι
1305 2661 1468 2698 χρονος
1508 2649 1730 2700 ἐγγένηται
1759 2651 1812 2699 τῇ
1841 2653 2001 2702 σκέψει.

1201 2702 1267 2743 De
1290 2703 1500 2743 sententia
1525 2715 1556 2742 v.
1578 2703 1824 2745 Simonides
1841 2704 1911 2746 Fr.
1924 2706 1995 2751 86.

1200 2757 1241 2798 in
1275 2758 1439 2799 Detect.
1473 2758 1739 2801 SchneideW.
1766 2775 1806 2815 p.
1833 2761 1932 2806 408.

1257 2814 1308 2857 B.
1367 2812 1471 2856 ὑπὸ
1509 2818 1812 2859 πολιτικῶν
1842 2818 1998 2860 δυνά-

1196 2875 1368 2925 μεων]
1404 2871 1439 2913 h.
1473 2887 1508 2917 e.
1546 2887 1641 2927 spe
1680 2887 1914 2929 magnae
1942 2879 1998 2920 in

1200 2929 1506 2971 civitate
1538 2933 1911 2975 auctoritatis
1943 2939 1997 2976 et

1200 2987 1525 3039 potestatis.
1561 2989 1997 3043 v‘.Wyttenbach.

1197 3043 1251 3084 ad
1271 3043 1486 3144 Igutaroh.
1513 3045 1567 3087 de
1596 3045 1691 3089 Ser.
1712 3047 1838 3089 Num.
1868 3049 1991 3091 vind.

1198 3113 1238 3154 p.
1264 3101 1290 3145 5
1326 3136 1331 3141 .

1250 3158 1414 3211 χωρὶς
1442 3163 1540 3199 τοῦ
1570 3160 1703 3212 μηδὲ
1730 3161 1989 3216 πεφ.]ΙΙ.θ.

1196 3222 1588 3269 praeterquam
1622 3217 1763 3269 quod
1796 3232 1855 3260 ne
1882 3220 1989 3261 ori-

1192 3278 1279 3314 tur
1319 3273 1544 3326 quidem
1587 3273 1712 3315 inde
1752 3289 1988 3328 genero-

1189 3343 1245 3370 sa
1277 3330 1548 3372 amicitiaz
1588 3344 1613 3371 a
1638 3331 1796 3384 bges
1823 3331 1984 3375 eheu

1189 3387 1369 3429 daron
1397 3387 1522 3430 dass
1546 3393 1627 3434 etc.
1652 3388 1787 3433 Usum
1807 3391 1985 3445 loquen-
