2158 3718
804 117 1068 189 ΡΗΑΕοο
1097 114 1140 174 p.
1173 120 1242 162 94.
1816 116 1920 170 221

135 260 312 314 πλέον
347 258 488 329 μηδὲ
524 250 693 327 ἧττον
729 255 861 327 μηδ’
902 256 994 311 ἐπ’
1020 259 1253 311 ἔλαττον
1290 254 1485 321 ἑτέραν
1523 254 1711 325 ἑτέρας
1748 253 1925 325 ἁρμο-

135 346 270 398 νίαν
307 341 578 413 ἁρμονίας
616 338 781 395 εἶναι.
855 334 893 411 ἦ
929 340 1064 410 γάρ;
1103 341 1273 396 Πάνυ
1297 359 1379 408 γε.
1463 337 1580 410 Τὴν
1618 340 1684 393 δέ
1716 359 1781 408 γε
1817 360 1925 409 μη-

138 428 239 483 δὲν
285 430 504 498 μᾶλλον
549 426 690 496 μηδὲ
735 419 906 495 ἧττον
950 424 1229 496 ἁρμονίαν
1277 418 1460 479 οὖσαν
1515 425 1653 494 μήτε
1707 427 1925 494 μᾶλλον

135 513 276 582 μήτε
310 504 481 581 ἧττον
517 509 822 581 ἡρμόσθαι.
887 513 1041 565 ἔστιν
1079 509 1282 574 οὕτως;
1310 508 1520 562 Ἔστιν.
1586 507 1658 561 ‘H
1690 508 1753 562 δὲ
1790 508 1927 578 μήτε

135 600 356 667 μᾶλλον
391 594 530 665 μήθ’
569 589 740 665 ἦττον
775 593 1100 666 ἡρμοσμένῃ
1139 596 1292 649 ἔστιν
1330 591 1364 647 6'
1401 613 1453 647 τι
1490 594 1664 647 πλέον
1689 591 1725 663 ἢ
1764 595 1927 647 ἔλατ-

134 699 238 735 τον
292 677 566 750 ἁρμονίας
619 681 853 749 μετέχει,
909 679 945 750 ἢ
997 679 1061 733 τὸ
1118 683 1269 743 ἴσον;
1335 676 1410 732 Τὸ
1469 682 1614 731 ἴσον.
1693 673 1926 731 Οὐκοῦν

137 762 289 834 ψυχὴ
329 763 521 834 ἐπειδὴ
561 762 733 819 οὐδὲν
771 768 989 835 μᾶλλον
1027 761 1162 819 οὐδὲ
1199 757 1369 834 ἧττον
1395 761 1538 832 άλλη
1577 761 1752 832 ἄλλης
1785 759 1925 816 αὐτὸ
1949 772 1982 812 Ε

134 853 334 918 τοῦτο,
386 849 568 919 ψυχή,
611 851 794 918 ἐστίν,
834 847 969 904 οὐδὲ
1007 848 1076 919 δὴ
1115 852 1334 918 μᾶλλον
1370 845 1505 901 οὐδὲ
1542 839 1711 917 ἧττον
1748 836 1927 916 ἥρμο-

135 947 289 999 σται;
353 931 566 997 Οὕτως.
651 937 831 988 Τοῦτο
888 935 954 988 δέ
1004 953 1070 1001 γε
1130 939 1457 987 πεπονθυῖα
1518 921 1691 986 οὐδὲν
1751 931 1927 984 πλέον

135 1015 515 1089 ἀναρμοστίας
543 1015 696 1072 οὐδὲ
743 1016 1015 1088 ἁρμονίας
1063 1019 1283 1086 μετέχοι
1329 1015 1430 1080 ἄνς
1491 1013 1577 1069 Οὐ
1630 1015 1742 1084 γάρ
1798 1007 1923 1068 οὖν.

145 1106 326 1156 Τοῦτο
354 1102 418 1168 ,δ’
459 1097 535 1157 αὖ
571 1101 896 1156 πεπονθυῖα
934 1094 1027 1171 ἆρ’
1067 1099 1140 1155 ἄν
1177 1121 1231 1155 τι
1267 1101 1442 1154 πλέον
1488 1102 1686 1164 κακίας
1722 1099 1758 1169 ἢ
1795 1096 1928 1168 ἁρε-

135 1191 235 1257 τῆς
269 1187 488 1258 μετέχοι
525 1186 684 1257 ἑτέρα
721 1186 928 1257 ἑτέρας,
969 1190 1126 1255 εἴπερ
1151 1183 1185 1255 ἡ
1212 1186 1316 1255 μὲν
1353 1186 1521 1238 κακία
1558 1183 1927 1255 ἀναρμοστία,

135 1270 171 1343 ἡ
219 1272 283 1326 δὲ
329 1271 498 1342 ἁρετὴ
546 1269 789 1341 ἁρμονία
828 1276 937 1341 εἰή;
990 1268 1178 1325 Οὐδὲν
1216 1270 1409 1324 πλέον.
1485 1273 1728 1323 Μᾶλλον
1767 1270 1834 1323 δέ
1864 1270 1933 1337 γέ

115 1371 282 1426 “που,
333 1377 376 1410 ω
418 1358 659 1426 Σιμμία,
706 1354 849 1409 κατὰ
885 1354 987 1409 τὸν
1026 1353 1208 1425 ὀρθὸν
1246 1355 1420 1423 λόγον
1457 1357 1655 1417 κακίας
1692 1351 1928 1423 οὐδεμία
1959 1364 2027 1405 94

137 1439 289 1511 ψυχή
330 1441 571 1511 μεθέξει,
611 1445 770 1510 εἴπερ
810 1439 1052 1510 ἁρμονία
1091 1441 1265 1494 ἐστίν.
1319 1437 1561 1509 ἁρμονία
1597 1437 1705 1508 γὰρ
1744 1438 1929 1509 δήπου

105 1528 428 1589 ,παντελως
475 1524 612 1579 αὐτὸ
659 1529 826 1579 τοῦτο
874 1517 1049 1594 οὖσα,
1090 1522 1361 1595 ἁρμονία,
1401 1523 1779 1594 ἀναρμοστίας
1826 1520 1930 1576 οὔ-

136 1608 262 1699 ποτ’
313 1608 386 1664 ἂν
433 1610 715 1680 μετάσχοι.
794 1606 881 1664 Ου
927 1612 1149 1680 μέντοιε
1217 1606 1372 1664 Οὐδέ
1412 1628 1478 1677 γε
1526 1607 1711 1678 δήπου
1756 1607 1928 1678 ψυχή,

136 1681 285 1749 οὐσα
338 1698 629 1759 παντελῶς
683 1695 862 1766 ψυχή,
930 1696 1145 1759 κακίας.
1222 1698 1358 1758 Πῶς
1412 1692 1520 1763 γὰρ
1576 1695 1639 1747 ἔκ
1692 1712 1757 1762 γε
1812 1695 1929 1746 τῶν

138 1780 594 1850 προειρημένων;
648 1777 739 1834 Ἐκ
784 1779 994 1834 τούτου
1041 1778 1151 1848 άρα
1198 1783 1302 1833 τοῦ
1350 1779 1526 1847 λόγου
1573 1776 1709 1848 ἡμῖν
1754 1779 1930 1830 πᾶσαι

138 1865 314 1933 ψυχαὶ
351 1864 583 1918 πάντων
608 1865 764 1931 ζώων
790 1864 994 1934 ὁμοίως
1020 1862 1231 1932 ἁγαθαὶ
1258 1865 1502 1932 ἔσονται,
1543 1866 1698 1931 εἰπερ
1726 1860 1930 1930 ὁμοίως

138 1949 317 2018 ψυχαὶ
351 1949 678 2019 πεφύκασιν
716 1946 854 2003 αὐτὸ
893 1952 1081 2017 τοῦτο,
1120 1950 1314 2017 ψυχαί,
1356 1944 1518 2000 εἶναι.
1566 1945 1792 2016 ’Ἑμοιγε
1831 1946 1932 1999 δο-

139 2040 254 2102 κεῖ,
301 2035 437 2104 ἔφη,
489 2037 535 2088 ω’
578 2034 898 2103 Σώκρατες.
967 2026 1042 2086 ³H
1081 2034 1175 2086 καὶ
1223 2035 1408 2095 καλῶς
1454 2032 1639 2099 δοκει,
1677 2025 1713 2099 ἦ
1752 2028 1808 2082 δ’
1847 2027 1926 2097 ὅς,

139 2114 291 2171 ου’τω
330 2119 618 2187 λέγεσθαι,
658 2119 752 2172 καὶ
789 2117 1026 2187 πάσχειν
1064 2116 1136 2170 ἂν
1173 2120 1351 2171 ταῦτα
1389 2114 1418 2169 6
1457 2115 1650 2210 λόγος,
1691 2115 1744 2168 εἰ
1779 2110 1927 2183 ὀρθὴ
1951 2126 1984 2166 Β

252 2282 397 2342 μήτε
436 2287 655 2355 μᾶλλον
693 2284 849 2355 μήτε]
892 2289 1032 2342 Vulgo
1054 2284 1177 2344 μηδε
1206 2287 1388 2342 μᾶλλον
1409 2284 1547 2341 μηδέ.
1572 2288 1711 2327 Herm.
1738 2298 1791 2326 ex
1814 2287 1927 2326 coni.

141 2352 287 2386 nostra
315 2346 487 2414 sciipsit
514 2339 634 2413 μήτε
654 2370 707 2376 -
730 2340 865 2400 μήτε,
895 2347 1011 2398 quod
1031 2358 1143 2386 nuno
1176 2353 1215 2385 et
1242 2346 1327 2409 ipsi
1348 2344 1488 2384 faoeie
1510 2356 1595 2384 nou
1618 2343 1924 2384 dubitavimus.

140 2401 248 2442 Nam
269 2397 396 2469 μηδε
413 2424 469 2431 -
489 2399 614 2467 μηδέ
636 2403 796 2443 nullam
817 2403 943 2456 plane
964 2402 1091 2443 habet
1114 2402 1445 2443 excusationem.

253 2459 301 2501 E.
332 2451 473 2500 οὐδὲ
497 2451 565 2512 δὴ
588 2457 820 2512 μᾶλλον]
845 2459 1064 2499 Bekkerus
1086 2458 1228 2499 invitis
1248 2458 1365 2499 libris
1387 2449 1534 2499 οὐδέν
1554 2456 1684 2504 dedit,
1706 2468 1791 2508 quo
1815 2467 1927 2495 nune

139 2526 227 2556 non
247 2526 271 2555 ο
306 2527 358 2555 us
379 2522 457 2558 est.

253 2528 303 2612 Pp
323 2571 394 2613 94.
435 2570 628 2620 τοῦτο,
671 2569 887 2626 ψυχαί,
929 2564 1105 2624 εἶναι]
1150 2571 1263 2613 Vett.
1296 2570 1415 2615 editt.
1443 2567 1587 2611 τοῦτο
1616 2563 1669 2610 τό
1699 2575 1751 2621 ψ
1786 2562 1927 2621 εἶναι,

141 2627 258 2680 quod
284 2627 504 2668 Bekkerus
533 2636 632 2682 post
660 2628 765 2669 alios
797 2641 850 2668 ex
874 2603 1057 2670 'Par.E1
1084 2627 1277 2669 mutavit.
1319 2625 1523 2668 Omittunt
1552 2626 1778 2666 alticulum
1801 2625 1927 2665 etiam

141 2683 238 2726 Ald.
263 2683 363 2727 Bas.
386 2686 407 2724 1
430 2684 556 2725 codd.
580 2684 676 2725 Zitt.
698 2684 839 2729 Flor.'
830 2697 844 2724 ι
867 2690 906 2724 et
927 2683 1150 2725 Stobaeus.

253 2733 503 2795 πάσχειν
524 2732 610 2793 ἄν]
633 2732 694 2782 ἄν
717 2753 739 2780 e
761 2739 944 2782 Stobaeo
966 2741 1172 2784 additum.

141 2885 353 2932 pretatur:
376 2881 502 2931 „das
522 2881 632 2921 will
653 2882 782 2922 aber
803 2893 988 2934 sagen,

1079 2880 1298 2932 enuntiati,
1330 2880 1457 2920 sicuti
1485 2879 1611 2920 etiam
1640 2880 1681 2918 in
1704 2878 1928 2943 proximis,

144 2935 268 2976 dass
289 2935 372 2976 die
394 2937 506 2976 eine
529 2936 681 2978 Seele
708 2950 788 2978 um
816 2937 990 2978 niehts

1075 2936 1263 3003 falsique
1292 2944 1392 2977 sunt
1420 2936 1575 2976 iudicio
1605 2948 1707 2986 suo,
1737 2936 1809 2987 qui
1840 2928 1929 2985 τὴν

144 2991 352 3032 starker
441 2993 565 3033 oder
636 2992 789 3034 ffnehr
866 2995 992 3034 oder
1077 3000 1241 3048 ψυχην
1259 2993 1618 3046 exsuperioiibus
1635 2990 1927 3033 subiectilooo

144 3046 448 3088 sohwz‘icher
486 3048 610 3088 oder
645 3050 876 3102 weniger
911 3050 991 3091 als
1077 3056 1385 3092 assumserunt.

144 3103 228 3145 die
285 3104 483 3144 andere
539 3104 802 3159 Einklang
865 3105 991 3147 sei.“
1134 3106 1181 3146 P.
1205 3106 1275 3148 94.
1326 3106 1374 3149 B.
1427 3102 1528 3146 καὶ
1568 3098 1821 3168 πάσχειν
1861 3091 1929 3142 ὂὶν

86 3189 92 3195 .
145 3159 281 3208 Quam
301 3160 692 3214 interpretationem
713 3160 866 3202 falsam
897 3174 991 3202 esse

145 3228 200 3256 ex
219 3217 588 3269 argumentatione
610 3215 797 3258 Socratis
818 3218 992 3258 univer-

146 3283 194 3313 sa
221 3273 500 3327 perspicitur,
531 3274 649 3313 cuius
679 3274 887 3314 rationem
921 3287 992 3314 su·

146 3339 224 3381 pra
261 3330 319 3370 ad
353 3327 456 3384 Cap.
480 3329 610 3371 XLII.
639 3330 696 3369 in.
732 3331 882 3395 paucis
922 3331 993 3371 de-

148 3383 429 3437 signavimus.
490 3385 696 3426 Nimirum
756 3379 993 3440 ἁρμονίαν

149 3451 233 3480 non
255 3447 318 3482 est
333 3443 635 3496 praedicatum,
658 3443 735 3484 sed
757 3444 994 3485 subiectum

1079 3161 1266 3204 ταῦτα
1307 3156 1331 3204 ὃ
1376 3155 1568 3216 λόγος,
1613 3155 1665 3201 εἰ
1703 3150 1850 3212 ὀρθὴ
1883 3171 1926 3198 κ.

1078 3217 1339 3271 τ.λ.]11.ο
1372 3216 1640 3258 etrationi
1672 3229 1707 3256 s.
1738 3215 1929 3268 dispu-

1078 3275 1269 3316 tationi
1293 3281 1511 3316 nostiae
1531 3278 1761 3326 putasne
1790 3270 1930 3322 fore,

1077 3339 1133 3372 ut
1158 3331 1254 3372 hoe
1282 3332 1513 3378 aecidat,
1545 3330 1588 3370 si
1609 3329 1820 3380 quidem
1841 3340 1928 3367 ve-

1077 3399 1132 3428 ra
1155 3395 1299 3428 esset
1320 3385 1801 3437 illasumtio,quae
1822 3396 1927 3424 ani

1079 3456 1209 3484 mum
1239 3444 1310 3484 ait
1342 3456 1458 3485 esse
1494 3441 1845 3483 harmoniam?
1872 3461 1928 3468 —-
