2158 3718
316 115 414 167 12⁵2
932 114 976 166 P
998 113 1108 166 LA
1129 114 1174 165 T
1195 114 1245 166 O
1269 114 1319 167 N
1353 113 1430 167 IS

308 257 385 315 ὢν
426 264 701 325 τοιοῦτος,
746 260 865 325 οἶος
908 259 1016 316 ὑπὸ
1063 264 1164 315 τοῦ
1210 264 1353 317 θεοῦ
1413 265 1477 338 τῇ
1523 260 1677 319 πόλει
1722 262 2010 332 δεδόσθαι,

307 349 532 401 ἐνθένδε
573 342 645 400 ἀν
690 346 1122 412 κατανοήσαιτε·
1180 342 1247 399 οὐ
1311 343 1418 418 γὰρ
1477 344 1826 418 ἀνθρωπίνῳ
1869 351 2009 406 ἔοικε

308 427 371 484 τὸ
438 432 528 500 ἐμὲ
585 432 695 484 τῶν
751 433 852 501 μὲν
907 431 1149 499 ἐμαυτοῦ
1208 426 1477 509 ἁπάντων
1517 430 1858 501 ,ἠμεληκέναι
1917 438 2010 489 καὶ

306 513 610 585 ἀνέχεσθαι
682 517 793 568 τῶν
864 519 1075 570 οἰκείων
1144 511 1531 584 ἀμελουμένων
1599 519 1846 571 τοσαῦτα
1907 514 2009 586 ἤδη

306 602 420 669 ἔτη,
469 597 529 652 τὸ
579 601 635 653 δὲ
678 596 937 670 ὑμέτερον
982 595 1244 667 πράττειν
1286 597 1393 668 ἀεί,
1435 601 1548 669 ὶδιᾳ
1591 599 1800 670 ἑκάστῳ
1842 623 2011 673 προς-

308 680 484 746 ιόντα,
514 680 689 753 ὥςπερ
727 688 939 752 πατέρα
967 680 1000 748 ἢ
1034 678 1282 755 ἀδελφὸν
1308 682 1698 755 πρεσβύτερον,
1729 689 2008 741 πείθοντα

306 769 687 836 ἐπιμελεῖσθαι
730 765 948 836 ἀρετῆς..
1019 769 1108 820 καὶ
1176 772 1220 822 εὶ
1275 773 1373 838 μέν
1416 787 1504 820 τοι
1550 788 1599 821 τι
1638 766 1752 823 ἀπὸ
1798 769 2011 826 τούτων

305 848 588 905 ἀπέλαυον
618 853 711 904 καὶ
751 848 969 921 μισθὸν
1001 847 1304 920 λαμβάνων
1345 853 1524 906 ταῦτα
1554 853 2010 924 παρεκελευόμην,

307 932 444 1004 εἶχεν
489 933 562 989 ἄν
606 956 732 988 τινα
782 934 981 1002 λόγον·
1028 937 1129 989 νῦν
1160 937 1214 988 δὲ
1261 932 1429 1006 ὁρᾶτε
1458 933 1524 1000 δὴ
1565 939 1655 990 καὶ
1701 936 1878 1002 αὐτοὶ,
1921 937 2010 994 ὅτι

308 1024 362 1072 οὶ
405 1023 708 1091 κατήγοροι
753 1012 930 1074 τᾶλλα
975 1019 1166 1073 πάντα
1220 1018 1599 1090 ἀναισχύντως
1654 1018 1798 1074 οὕτω
1841 1044 2010 1090 κατη-

309 1105 607 1175 γοροῦντες
650 1103 817 1159 τοῦτό
863 1125 920 1173 γε
966 1102 1064 1176 οὐχ
1110 1101 1220 1158 οἷοί
1253 1126 1308 1159 τε
1336 1102 1589 1173 ἐγένοντο
1632 1101 2010 1179 ἀπαναισχυν-

314 1190 492 1255 τῆσαι,
535 1187 952 1260 παρασχόμενοι
992 1188 1280 1261 μάρτυρα,
1342 1186 1414 1252 ὡς
1471 1187 1572 1258 ἐγώ
1630 1195 1762 1244 ποτέ
1806 1212 1930 1246 τινα
1973 1188 2007 1258 ἢ

425 1410 472 1452 Β.
507 1406 648 1462 εἶχει
680 1410 739 1453 ἄν
772 1426 890 1452 τινα
923 1409 1142 1482 λόγον]
1150 1412 1260 1452 Bodl
1312 1413 1414 1453 Ven.
1446 1413 1485 1456 b
1523 1413 1636 1455 Ι4Ιοι·.
1667 1427 1707 1467 g.
1739 1413 1776 1457 li.
1816 1414 1935 1455 Vind
1967 1416 2007 1459 6.

307 1467 407 1511 Par.
442 1468 584 1512 DST
617 1464 744 1522 εἶχον.
808 1472 1065 1524 Quanquam
1100 1483 1207 1522 ειχεν
1238 1471 1414 1511 defendi
1443 1476 1590 1522 potest
1622 1485 1689 1522 e0‚
1721 1473 1835 1525 quod
1866 1472 2008 1513 subie-

307 1530 421 1568 ctum
447 1533 514 1568 est
543 1522 666 1580 αὐτό,
697 1535 745 1570 ut
774 1528 806 1568 Ι
813 1528 949 1571 uellet.
979 1543 1019 1581 p.
1039 1529 1108 1573 96.
1147 1530 1195 1571 Β.
1231 1528 1388 1569 phaed.
1424 1529 1493 1572 62.
1526 1529 1575 1571 Β.
1611 1529 1795 1572 Theaet.
1829 1544 1873 1584 p.
1907 1531 2005 1575 187.

307 1584 358 1625 C.
393 1583 532 1650 Legg.
565 1586 639 1626 Vl.
671 1600 714 1640 p.
747 1586 843 1630 753.
891 1587 938 1626 Η.
972 1586 1054 1631 759
1099 1587 1150 1626 B.
1187 1587 1239 1629 al.

339 1677 343 1682 .
421 1636 687 1695 ἀναισχύν
701 1655 803 1684 τως
842 1640 1012 1697 οὕτω]
1073 1645 1129 1685 V.
1170 1641 1312 1684 οὕτως
1340 1639 1653 1695 ἀναισχύντως,
1695 1644 1809 1696 quod
1852 1646 2008 1687 mutavi

308 1711 333 1739 e
367 1697 492 1740 Bodl.
521 1702 630 1742 Ven.
668 1703 708 1745 b.
752 1702 882 1741 Vind.
925 1703 963 1746 1.
995 1701 1036 1745 4.
1070 1703 1110 1746 6.
1157 1701 1274 1742 Flor.
1314 1716 1354 1755 g.
1391 1702 1432 1741 h.
1480 1703 1574 1745 Par.
1607 1701 1737 1743 DS'l.
1797 1702 2007 1745 Nimirum

308 1750 599 1810 ἀναισχύντως
636 1759 765 1800 habet
803 1756 998 1802 τόν.ωσιν
1060 1761 1124 1803 De
1155 1751 1279 1800 οὕτω
1321 1760 1564 1814 postposito
1599 1772 1637 1801 V.
1668 1758 1724 1802 ad
1757 1761 1933 1804 Pliaedr.
1966 1775 2006 1815 p.

306 1813 403 1859 256.
438 1815 489 1858 E.
523 1816 756 1870 Euthyphr.
789 1831 827 1870 p.
859 1818 886 1861 5
935 1818 983 1858 C.

422 1874 472 1915 C.
526 1875 612 1914 καὶ
644 1875 1125 1930 πολυπραγμονῶ]
1180 1874 1306 1916 Bodl.
1341 1874 1472 1915 Vind.
1504 1874 1544 1918 1.
1575 1874 1617 1918 4.
1651 1873 1691 1918 6.
1744 1874 2005 1930 Flor.g.l1.

309 1987 572 2037 ferietis,
611 1994 774 2042 atque
822 1994 992 2046 Anyto
1039 1991 1115 2033 ob·

311 2047 556 2098 sequuti,
584 2054 792 2090 temere
813 2049 1116 2093 occidetis:

312 2103 552 2159 posthac
584 2105 854 2158 reliquum
897 2112 1117 2161 tempus

312 2161 799 2216 perdormiscetis,
830 2165 936 2206 nisi
965 2177 1116 2217 quem

311 2221 474 2262 alium
507 2219 641 2262 deus
683 2222 842 2263 vobis
874 2222 1119 2273 miserit,

312 2291 434 2320 cura
540 2286 830 2333 permotus
921 2282 1117 2325 vestri,

310 2336 454 2378 Etiam
495 2336 559 2378 liis
602 2338 742 2378 verbis
788 2339 1021 2392 respicitur
1060 2338 1113 2379 ad

307 2395 573 2448 superiorem
597 2397 964 2448 comparationem
994 2402 1037 2437 et
1058 2397 1114 2436 si-

309 2451 609 2495 militudinem.
691 2454 813 2494 Unde
863 2455 1115 2507 explicatio-

311 2522 407 2550 nem
450 2508 578 2550 habet
608 2507 803 2563 κρούειν,
844 2511 959 2564 quod
993 2523 1114 2552 usur·

308 2575 432 2620 patur
464 2566 517 2607 ‹ie
558 2569 817 2613 nniinalibus
865 2571 928 2610 vel
975 2569 1113 2610 corni-

313 2626 392 2664 bus
440 2625 506 2664 vel
547 2626 727 2678 pedibus
771 2627 1024 2667 ferientibus
1063 2639 1115 2666 ac

313 2682 604 2735 pulsantibus,
647 2688 695 2723 nt
734 2685 939 2725 miremur
986 2685 1114 2725 l-ler-

319 2752 559 2781 mannum
602 2743 639 2780 in
687 2739 750 2781 liis
793 2740 1037 2788 haerentem
1073 2747 1116 2782 et

319 2794 582 2850 κρούσαντες
622 2805 856 2840 mutantem
901 2800 940 2840 in
981 2795 1113 2852 ὀρού-

318 2866 479 2902 σαντες,
499 2856 614 2907 quod
638 2857 672 2896 si
692 2869 774 2897 non
796 2857 969 2898 omnino
991 2871 1015 2898 a
1040 2872 1112 2910 pe-

314 2913 450 2954 destri
483 2925 694 2962 sermone,
726 2919 771 2955 at
802 2922 920 2957 certe
956 2915 1009 2956 ab
1039 2909 1115 2955 linc

312 2971 519 3011 orationis
556 2971 808 3013 Platonicae
844 2972 1116 3025 simplicitate

312 3028 495 3069 alienum
531 3033 610 3071 est.
644 3031 845 3071 Ceterum
866 3042 975 3070 unus
995 3031 1118 3082 Any-

310 3091 380 3127 tus
411 3086 524 3138 quod
561 3085 625 3127 hic
673 3093 940 3128 memoratur
977 3101 1117 3141 neque

313 3144 440 3184 etiam
477 3143 625 3185 Meleti
670 3152 743 3186 aut
778 3145 965 3201 lyconis
998 3159 1116 3187 men-

315 3201 376 3242 tio
403 3200 470 3255 fir,
500 3214 644 3243 coram
673 3202 885 3244 iudicibus
912 3204 982 3247 ille
1009 3216 1116 3244 unus

311 3260 500 3301 maxime
553 3261 682 3301 verba
740 3259 894 3308 secisse,
935 3260 1115 3302 ridetur.

311 3331 352 3358 v.
385 3317 438 3359 ad
484 3331 526 3371 p.
558 3317 626 3362 18.
667 3319 713 3360 B.
751 3319 854 3361 coll.
889 3333 927 3373 p.
958 3320 1027 3362 29.
1065 3319 1113 3360 Β.

311 3381 355 3420 et
387 3375 457 3419 36.
495 3378 535 3416 A

1262 1984 1382 2030 οἶος
1411 1985 1514 2030 ὑπὸ
1559 1990 1653 2030 τοῦ
1691 1988 1738 2029 θ.
1770 2012 1826 2019 -
1862 1985 2005 2031 δεδό-

1206 2047 1364 2100 σθαι]
1413 2061 1451 2090 ν.
1496 2046 1693 2088 Matth.
1753 2047 1792 2100 ξ.
1831 2045 1917 2092 479
1965 2054 2009 2090 et

1203 2104 1301 2149 535.
1337 2107 1592 2159 Plerumque
1612 2105 1805 2158 sequitur
1837 2105 2008 2146 infiniti-

1205 2175 1283 2203 vus
1315 2163 1455 2205 activi.

1268 2221 1316 2264 B.
1395 2215 1456 2261 οὐ
1518 2217 1616 2275 γὰρ
1675 2214 2006 2276 ἀνθρωπίνῳ

1207 2280 1384 2332 ἔοικε]
1444 2278 1481 2321 Ιι.
1545 2293 1579 2319 e.
1623 2291 1723 2319 non
1774 2278 2007 2320 videtur

1203 2351 1324 2383 esse
1382 2337 1609 2378 consilii
1670 2343 1724 2377 et
1778 2337 2006 2378 arbitrii

1203 2394 1459 2436 humani)
1508 2395 1616 2437 Nam
1670 2393 1864 2435 homines
1915 2396 2007 2446 qui-

1203 2452 1300 2494 ‹lem
1332 2452 1411 2505 ipsi
1451 2452 1592 2504 potins
1632 2463 1732 2491 suas
1774 2464 1842 2491 res
1880 2464 2006 2504 qnam

1202 2510 1364 2551 alienas
1385 2516 1531 2561 agunt,
1562 2520 1678 2555 suae,
1710 2520 1795 2549 non
1825 2509 2003 2551 aliorum

1201 2567 1326 2609 saluti
1359 2568 1585 2608 consulere
1616 2564 1814 2609 student=
1855 2571 1899 2608 et
1929 2580 2005 2608 ne—

1201 2624 1485 2677 ⁰ligentin·rei
1514 2623 1732 2665 familiaris
1749 2623 1874 2665 etiam
1889 2625 2005 2679 apud

1205 2682 1484 2724 Athenienses
1511 2682 1654 2734 turpis
1687 2681 1938 2733 ponebatur.
1965 2696 2004 2727 v

1201 2739 1332 2793 Nep
1393 2740 1605 2781 Themist.
1676 2739 1718 2784 2
1787 2737 2005 2782 Fische-

1202 2811 1301 2840 rus
1355 2822 1402 2828 ——
1465 2792 1540 2838 Ἀν
1528 2793 1839 2851 ›⁹1‘Jpw'7rcvoz
1908 2799 2004 2850 qnia

1201 2858 1452 2910 plerumque
1484 2856 1695 2897 hnmanae
1736 2855 2004 2905 imbecillita-

1201 2915 1256 2955 tis
1288 2914 1532 2954 adiunctam
1568 2913 1697 2954 habet
1728 2913 2004 2964 significatio-

1203 2984 1315 3022 nem,
1353 2984 1435 3012 non
1467 2972 1616 3012 dubito
1649 2970 1870 3023 equidem,
1902 2972 2004 3023 quin

1204 3031 1324 3071 locus
1355 3031 1416 3070 sic
1434 3028 1775 3082 interpretandus
1801 3028 1874 3068 sit:
1905 3029 2003 3069 Su-

1206 3100 1401 3140 perstre
1445 3087 1583 3128 enim
1637 3085 1865 3128 videtur
1917 3099 2003 3127 na-

1205 3152 1374 3186 turam
1455 3144 1771 3194 humanam„
1841 3146 2004 3185 cuius

1204 3203 1324 3244 fere
1377 3215 1435 3243 ea
1474 3207 1557 3245 est
1609 3200 2002 3253 imbecillitas,

1204 3265 1265 3302 ut
1288 3261 1404 3301 suis
1435 3273 1499 3312 qn
1520 3261 1683 3327 isque
1701 3259 1863 3299 rebus
1894 3260 2001 3299 nni—

1203 3332 1262 3358 ce
1288 3317 1525 3359 studeat.
1565 3318 1637 3359 De
1659 3310 1887 3368 ἀνέχεσθαι
1905 3329 2001 3358 cnm

1202 3377 1394 3430 genitivo
1444 3380 1694 3421 constructo
1739 3387 1776 3414 v.
1828 3375 1898 3415 Co
1911 3387 2002 3417 rav
