2158 3718
13 0 15 2 ·
85 0 106 22 r:
161 0 377 28 -·‹·-·t'‘=2«5'*=⁶sfiw·”'2
389 0 423 34 xv
431 0 462 31 ετ
471 0 569 36 ’·ϊ”·;ῑῑῑ;·
578 0 597 24 π’
604 0 778 43 ῑᾝιῖϊῑὶῑνιᾞοϊ

175 31 185 39 “’
330 31 332 33 ’
436 39 437 48 η
527 33 541 42 ‘¹
627 34 631 43 ¹
668 30 669 33 ’
738 31 777 50 '7⁴

778 0 1350 40 *W’WWNJW
1626 31 1638 46 ..
1750 7 1757 27 1

208 156 309 209 196
410 123 411 126 ‘
934 156 1254 201 PLAToms

207 314 308 350 τον
351 298 454 350 τὸν
500 296 671 364 λόγον
707 298 766 349 τί
798 295 1080 365 φήσομεν,
1122 294 1223 348 ἐάν
1258 315 1340 359 τις
1377 294 1524 360 ἀξιοῖ
1555 300 1758 365 κρᾶσιν
1795 289 1977 350 οὖσαν

207 377 310 449 τὴν
347 378 534 451 ψυχήν
570 384 685 434 τῶν
723 381 787 434 ἐν
823 384 898 450 τῷ
936 379 1148 448 σώματι
1186 379 1249 433 ἐν
1282 383 1358 451 τῷ
1384 380 1711 450 καλουμένῳ
1747 381 1977 452 θανάτῳ

208 464 438 535 πρώτην
475 463 848 518 απόλλυσθαι.

350 553 465 618 Cap.
507 552 739 603 XXXVII.
815 548 1138 616 Διαβλέψας
1183 542 1291 602 οὖν
1336 546 1366 601 ὁ
1415 549 1744 620 Σωκράτης,
1797 547 1976 617 ὥςπερ

208 630 276 686 τὰ
331 631 512 686 πολλοὶ
567 632 786 702 εἰώθει,
842 633 936 686 καὶ
994 632 1309 702 μειδιάσας,
1347 635 1555 686 Δίκαια
1592 635 1809 704 μέντοι,
1850 636 1977 703 ἔφη,

209 716 359 785 λέγει
406 714 435 771 ὁ
482 719 741 787 Σιμμίας.
818 719 869 771 εἰ
912 709 1019 771 οὖν
1063 737 1146 781 τις
1190 715 1351 787 ὑμῶν
1401 715 1781 788 εὐπορώτερος
1820 719 1978 788 ἐμοῦ,

208 803 267 853 τί
299 799 404 854 οὐκ
443 799 806 871 ἅπεκρίνατο;
846 803 940 855 καὶ
975 800 1082 873 γὰρ
1120 800 1189 855 οὐ
1227 801 1458 871 φαύλως
1483 804 1665 855 ἔοικεν
1690 800 1979 872 ἁπτομένῳ

209 887 312 961 τοῦ
350 883 542 953 λόγου.
595 887 753 939 δοκεῖ
772 887 961 956 μέντοι
986 907 1080 957 μοι
1116 891 1318 958 χρῆναι
1355 885 1464 957 πρὸ
1502 891 1599 956 τῆς
1635 885 1980 956 ἀποκρίσεως

154 970 292 1021 Εέτι
338 968 615 1040 πρότερον
653 971 900 1040 Κέβητος
946 969 1214 1041 ἀκοῦσαι,
1263 975 1319 1025 τί
1366 964 1441 1024 αὖ
1487 969 1583 1024 ὅδε
1631 971 1858 1039 ἐγκαλεῖ
1905 974 1980 1041 τῷ

210 1053 387 1126 λόγῳ,
436 1055 531 1107 ἵνα
576 1056 785 1126 χρόνου
834 1057 1208 1126 ἐγγενομένου
1244 1055 1687 1125 βουλευσώμεθα
1723 1058 1781 1109 τί
1815 1057 1982 1124 ε’ροῦ-

211 1158 333 1208 μεν,
373 1141 559 1193 ἕπειτα
597 1139 947 1204 ἀκούσαντας
982 1140 1018 1210 ἢ
1057 1142 1364 1211 ξυγχωρεῖν
1401 1138 1617 1210 αὐτοῖς,
1659 1141 1758 1195 ἐάν
1794 1160 1847 1193 τι
1885 1142 1982 1193 δο-

211 1227 354 1277 κῶσι
390 1223 714 1295 προςᾴδειν·
782 1223 880 1279 εἀν
918 1225 981 1279 δὲ
1017 1225 1119 1295 μή,
1159 1223 1338 1289 οὕτως
1372 1224 1480 1295 ἤδη
1518 1221 1843 1295 ὑπερδικεῖν
1880 1229 1981 1278 τοῦ

2155 1356 2158 1382 i

324 1412 427 1466 Gap.
446 1413 666 1455 XXXVII.
695 1413 744 1456 D
781 1415 847 1454 Δι
860 1411 929 1466 αβ
941 1409 1133 1465 λέψας]
1156 1415 1269 1454 Vett.
1294 1414 1411 1454 editt.
1434 1404 1818 1465 ὃιαβλεψάμενος
1839 1411 1983 1451 invitis
2148 1403 2158 1475 5¹

210 1468 330 1511 Bodl.
353 1469 484 1511 Coisl.
507 1471 617 1512 Ven.
629 1468 903 1516 ΞΛΠΤΠΙ).
925 1471 1035 1523 Aug.
1058 1471 1167 1514 Ven.
1190 1471 1215 1510 2
1237 1472 1262 1510 3
1283 1469 1379 1511 Par.
1394 1469 1579 1511 CEHIL
1600 1470 1707 1511 Flor.
1732 1469 1798 1508 ab
1819 1481 1840 1508 c
1857 1469 1984 1510 dim.
2148 1486 2158 1516 q

208 1524 438 1578 Vulgatum
459 1525 579 1568 Bodl.
601 1527 644 1565 in
665 1538 797 1580 marg.
820 1526 1078 1578 adscriptum
1098 1526 1238 1567 habet.
1584 1556 1590 1563 ,
2153 1529 2158 1577 ἢ

322 1602 347 1650 ὃ
390 1607 668 1665 Σιμμίας]
714 1611 952 1652 Articulum
992 1612 1276 1665 praebuerunt
1315 1609 1436 1651 Bodl.
1475 1611 1580 1653 Ven.
1607 1609 1710 1658 ΞΠ
1743 1610 1870 1651 Vind.
1899 1609 1982 1650 ΤΦ

210 1666 303 1710 Par.
327 1665 362 1708 G
381 1667 486 1708 Tub.
508 1666 618 1710 Flor.
640 1668 667 1707 d
687 1667 783 1710 Zitt.

2154 1688 2158 1715 ι

325 1750 373 1794 Ε.
405 1745 607 1792 ἔπειτα
648 1745 1037 1806 ἀκούσαντας]
1076 1752 1127 1794 V.
1150 1751 1408 1792 assentiente
1435 1751 1577 1790 Herm.
1608 1745 1772 1792 ἔπειτα
1803 1745 1857 1792 δὲ
1888 1745 1981 1803 οἷαι,
2152 1727 2158 1785 i

213 1807 289 1847 sed
319 1803 373 1848 δέ
401 1807 595 1860 ignorant
616 1806 744 1848 Coisl.
769 1809 866 1851 Vat.
887 1809 995 1851 Ven.
1017 1808 1118 1850 ΛΠ
1141 1809 1269 1850 Vind.
1294 1808 1333 1849 Φ
1362 1809 1454 1847 Par.
1478 1805 1671 1847 EGHIL
1701 1808 1848 1850 Ambr.
1873 1810 1985 1860 Aug.
2148 1799 2158 1833 4

210 1864 323 1906 Flor.
347 1875 372 1903 a
390 1865 417 1904 b
437 1876 459 1902 c
481 1863 509 1904 d
527 1864 557 1906 i.
581 1863 694 1904 conf.
717 1866 859 1911 annotI

270 2018 372 2072 Cap.
385 2018 605 2062 XXXVII.
625 2019 673 2063 D
694 2019 912 2061 Δίκαια
934 2016 1057 2074 μέν·

212 2073 317 2129 τοι]
350 2076 397 2115 In
425 2075 490 2116 his
517 2070 693 2129 μέντοι,
725 2084 771 2117 ut
798 2077 891 2117 Lat.
914 2087 1055 2125 vero,

211 2131 453 2172 affirmandi
481 2139 732 2186 potestatem
760 2132 910 2180 habet,
939 2140 986 2173 ut
1014 2146 1057 2186 p.

212 2188 269 2230 68
289 2188 336 2232 Β.
379 2200 421 2240 p.
439 2190 506 2230 73
526 2188 576 2229 D.
618 2202 659 2243 p.
692 2191 744 2231 81
766 2189 817 2230 D.
851 2163 982 2242 So'ph.
1014 2201 1056 2242 p.

212 2245 296 2286 245
316 2244 365 2285 B.
397 2245 527 2286 Arist.
557 2246 663 2296 Equ.
697 2247 791 2287 168.
824 2245 934 2289 Xen.
961 2245 1056 2298 Cyr.

210 2303 243 2344 I.
266 2303 308 2353 4,
334 2303 401 2342 19.

1143 2021 1202 2060 ita
1230 2025 1329 2073 post
1360 2012 1461 2059 εἶτα
1491 2027 1532 2058 et
1562 2014 1725 2060 ἔπειτα
1763 2018 1898 2059 omitti
1930 2014 1984 2059 δέ

1083 2076 1363 2142 particula,
1388 2076 1555 2116 etiamsi
1574 2076 1850 2140 praecesserit
1865 2073 1985 2128 πρῶ-

1144 2145 1228 2174 τον
1248 2127 1350 2186 μέν.
1376 2131 1505 2173 Cuius
1532 2131 1592 2171 rei
1615 2131 1807 2185 exempla
1835 2131 1986 2172 Hein-

1145 2189 1350 2229 dorfius
1381 2188 1498 2232 adh
1522 2188 1548 2230 l.
1573 2188 1722 2228 attulit.
1764 2187 1987 2228 Praeterea

1145 2245 1381 2286 notandum
1422 2253 1485 2285 est
1523 2243 1821 2286 anacoluthon.
1881 2244 1987 2284 Nam

1145 2315 1240 2342 cum
1281 2311 1404 2341 antea
1431 2302 1592 2341 dictum
1633 2302 1707 2342 sit:
1748 2291 1780 2352 ἢ
1811 2298 1988 2355 ξυγχω-

268 2370 326 2412 τί
354 2363 463 2413 ὀὐκ
506 2365 914 2426 ἄπεκρίνατο;]
954 2371 996 2411 Ιι.
1021 2385 1054 2412 e.

211 2428 256 2467 is
322 2430 644 2479 quantocius
715 2429 1056 2483 respondeat.

211 2483 326 2524 Bene
355 2484 625 2526 Weiskius
655 2486 710 2525 ad
736 2486 846 2528 Xen.
884 2485 980 2538 Cyr.
1002 2486 1054 2528 ΙΙ.

213 2541 252 2589 1,
273 2541 446 2591 4¹Izaec‚
476 2542 626 2594 inquit,
657 2543 936 2596 interrogatio
967 2544 1057 2583 ala-

212 2598 405 2637 critatem
441 2600 649 2652 quandam
685 2600 812 2639 animi
848 2605 890 2639 et
926 2599 1058 2638 avidi-

212 2657 340 2753 ταίἓΐ
353 2656 519 2749 {ciendi
536 2655 749 2707 exprimit.-
770 2668 807 2694 v.
827 2655 881 2695 ad
896 2654 1058 2694 Phileb.

212 2721 240 2761 P

271 2790 339 2819 ου
383 2773 617 2846 φαύλως
660 2774 853 2821 ἔοικεν
881 2774 1060 2821 ἁπτο-

214 2831 363 2890 μένῳ
403 2835 503 2876 τοῦ
545 2831 741 2890 λόγου]
793 2836 834 2879 h
879 2849 914 2878 e.
960 2849 1059 2876 non

214 2847 346 2931 male
375 2891 586 2932 videtur
615 2905 774 2932 meam
805 2893 1059 2946 disputa-

215 2948 408 2988 tionem
451 2948 842 3014 reprehendere
882 2957 930 2989 et
965 2949 1061 2988 im-

216 3016 463 3069 pugnare.
507 3004 778 3071 Sequuntur
772 3006 879 3045 enim
909 3006 1061 3046 verba:

217 3059 269 3102 τί
291 3049 355 3102 αὖ
383 3050 468 3103 οδε
497 3054 548 3116 ἐγ
552 3062 691 3103 καλει
715 3061 778 3116 τῷ
810 3055 945 3117 λόγῳ
990 3060 1062 3102 Sic

216 3109 463 3159 ἅπτεσθαι
471 3119 686 3183 positum
726 3103 832 3157 Phil.
873 3119 999 3171 p.14
1027 3118 1060 3158 D

216 3187 250 3228 μ
326 3172 405 3215 δει
428 3172 522 3216 τῶν
546 3167 777 3216 τοιούτων
803 3165 1061 3216 απτεσθαι.

219 3252 273 3259 --
288 3230 431 3272 Εοικε
449 3244 541 3271 cum
558 3231 643 3274 dat.
655 3231 859 3285 participii
875 3232 1061 3271 iunctum

218 3286 275 3351 ad
302 3287 451 3341 Remp,
493 3288 586 3331 VII.
636 3301 679 3342 p.
708 3289 788 3328 527
811 3287 845 3326 D
877 3287 1060 3328 illustra-

220 3355 377 3385 umus·

277 3427 327 3472 E.
392 3423 594 3470 ἔπειτα
673 3421 1057 3483 ἀκούσαντας]

222 3485 334 3528 vett.
367 3485 483 3527 editt.
513 3482 677 3528 ἔπειτα
719 3482 787 3529 δέ.
831 3486 915 3527 Sed
956 3486 1062 3527 solet

1142 2361 1259 2411 ρεῖν,
1291 2370 1403 2398 nunc
1409 2358 1618 2423 legitImo
1648 2369 1843 2397 sermone
1865 2357 1987 2422 sequi

1143 2415 1380 2468 oportebat:
1401 2428 1431 2467 η
1409 2390 1722 2479 ”ὖπερὸ“ικεῖν
1731 2411 1815 2455 τοῦ
1826 2408 1985 2466 λόγου,

1142 2485 1183 2512 κ.
1207 2485 1246 2512 τ.
1270 2471 1308 2513 λ
1351 2470 1436 2511 Sed
1457 2483 1532 2539 pro
1555 2461 1606 2535 ἤ
1607 2482 1703 2511 cum
1723 2478 1900 2523 repente
1919 2470 1988 2508 in-

1140 2528 1302 2568 feratur
1342 2519 1428 2568 ἐὰν
1459 2522 1512 2568 δε
1541 2519 1630 2581 μή,
1671 2534 1758 2566 tota
1787 2526 1986 2566 orationis

1144 2583 1423 2624 conformatio
1454 2584 1536 2622 alia
1566 2584 1726 2624 exstitit
1754 2590 1880 2634 atque
1912 2594 1987 2621 ex-

1142 2640 1425 2705 spectabatur.
1469 2639 1627 2680 Omittit
1647 2629 1681 2691 ἤ
1701 2638 1793 2678 cod.
1818 2637 1946 2680 Coisl.

1202 2689 1303 2736 ἑοῖν
1324 2709 1376 2735 τι
1407 2693 1621 2735 δοκῶσι
1642 2687 1983 2748 προςοὶδειν]

1144 2751 1187 2790 h.
1211 2764 1246 2794 e
1281 2751 1322 2790 si
1359 2751 1483 2802 quid
1513 2751 1690 2791 dicere
1720 2751 1986 2791 videbun-

1143 2817 1245 2857 tur,
1288 2807 1426 2857 quod
1468 2819 1756 2847 consonum
1787 2807 1857 2847 sit
1898 2814 1987 2846 ne—

1145 2876 1234 2916 que
1274 2863 1590 2914 absurdum,
1631 2863 1672 2907 h.
1697 2876 1735 2903 e.
1774 2864 1818 2903 si
1859 2863 1989 2914 quid

1145 2933 1172 2960 v
1185 2919 1258 2960 eri
1278 2919 1417 2959 dicere
1433 2921 1700 2960 videbuntur.
1724 2920 1860 2962 Utitur
1878 2920 1990 2959 enim

1147 2977 1344 3018 Socrates
1375 2976 1454 3017 hoc
1486 2978 1608 3017 verbo
1646 2989 1721 3030 pro
1759 2972 1913 3031 λέγειν
1943 2990 1989 3016 τι

1144 3041 1385 3087 propterea,
1405 3034 1518 3084 quod
1533 3034 1669 3086 agitur
1687 3033 1739 3073 de
1753 3032 1987 3074 harmonia.

1147 3090 1346 3131 Similiter
1384 3103 1426 3143 p.
1447 3092 1500 3130 92
1525 3063 1585 3130 Co
1595 3090 1703 3129 ludit
1737 3090 1777 3128 in
1821 3089 1987 3128 verbis:

1146 3134 1285 3194 οὗτος
1305 3133 1392 3188 οὖν
1412 3150 1487 3187 σοι
1506 3139 1530 3186 ὁ
1548 3139 1684 3211 λόγος
1706 3138 1869 3212 ἐκείνῳ
1891 3143 1990 3192 πῶς

1147 3196 1428 3267 ξυνᾴσεταις
1450 3199 1533 3243 καὶ
1548 3196 1644 3266 μὴν
1661 3222 1710 3231 -·
1729 3197 1897 3255 πρέπει
1920 3214 1987 3269 γε,

1148 3258 1278 3311 εἴπερ
1300 3273 1363 3313 τῳ
1385 3234 1510 3313 ἄλλῳ
1533 3251 1671 3324 λόγῳ,
1704 3255 1898 3328 ξυνῳὸῷ
1925 3251 1989 3297 εἶ-

1145 3329 1228 3356 ναι
1249 3302 1345 3356 καὶ
1353 3315 1416 3371 τῷ
1438 3301 1545 3365 περὶ
1566 3309 1810 3378 ἁρμονίας.

1202 3358 1551 3427 υπερὸικεῐν
1571 3369 1669 3411 τοῦ
1693 3363 1884 3423 λόγου]
1906 3381 1990 3408 no-

1149 3435 1313 3470 stram
1334 3429 1591 3469 rationem
1617 3426 1903 3467 defendere
1935 3438 1994 3465 ac

1146 3486 1298 3527 tueri.
