2158 3718
266 99 372 154 272

987 98 1308 142 PLATONIS

207 237 392 310 αμῶν
431 239 615 293 ἐθέλει
652 242 978 308 γίγνεσθαι,
1029 233 1170 305 αὐτὴ
1209 236 1271 290 δὲ
1317 239 1595 290 πλανᾶται
1635 236 1700 290 έν
1737 235 1888 306 πάσῃ
1930 236 2058 305 ε’χο-

268 324 406 394 μένη
446 321 679 394 ἀπορία,
719 322 822 384 ἕως
859 321 930 375 ὀὲν
969 321 1038 390 δή
1072 334 1224 383 τινες
1260 321 1453 390 χρόνοι
1490 321 1795 389 γένωνται,
1845 313 1928 374 οἷν
1966 320 2058 384 ἐξ-

269 408 560 463 ελθόντων
598 405 697 468 ὑπ’
739 405 985 474 ἀνάγκης
1023 404 1254 474 φέρεται
1292 405 1370 468 εἰς
1405 402 1509 473 τὴν
1547 402 1690 475 αὐτῇ
1727 404 2057 475 πρέπουσαν

270 497 518 562 οἴκησιν·
560 490 593 561 ἡ
635 491 695 545 δὲ
733 493 1001 558 καθαρῶς
1038 508 1098 541 τε
1127 488 1229 542 καὶ
1266 491 1502 558 μετρίως
1538 487 1639 542 τὸν
1676 491 1805 558 βίον
1843 489 2058 553 διεξελ-

267 581 457 630 θοῦσα
515 578 608 630 καὶ
664 573 1033 643 ξυνεμπόρων
1094 574 1187 626 καὶ
1242 570 1536 648 ἡγεμόνων
1583 577 1740 627 θεῶν
1787 577 2056 643 τυχοῦσα,

270 660 453 733 ᾤ’κησε
491 658 590 713 τὸν
629 657 772 729 αὐτῇ
812 658 1015 726 ἑκάστη
1054 657 1230 711 τόπον
1267 657 1635 726 προςήκοντα.

413 748 526 813 Cap.
566 747 727 797 LVIII.

805 743 937 797 Εἰσὶ
982 742 1044 796 δὲ
1092 742 1293 795 πολλοὶ
1339 742 1432 794 καὶ
1469 743 1788 810 θαυμαστοὶ
1825 746 1922 811 τῆς
1957 713 2074 811 γῆς

269 830 460 899 τόποι,
511 829 606 882 καὶ
654 826 794 898 αὐτὴ
844 825 977 881 οὔτε
1025 827 1115 881 οἵα
1163 823 1301 880 οὔτε
1335 823 1437 895 ὅση
1478 825 1758 891 δοξάζεται
1794 824 1907 880 ὑπὸ
1943 831 2060 879 τῶν

268 915 399 984 περὶ
435 917 537 982 γῆς
576 912 865 966 εἰωθότων
903 913 1109 981 λέγειν,
1149 909 1224 975 ὡς
1263 910 1374 980 ἐγώ
1412 908 1527 964 ὑπό
1563 930 1715 973 τινος
1739 911 2056 980 πέπεισμαι.

206 1011 241 1052 D
270 999 382 1051 Καὶ
420 994 449 1052 ὁ
488 1000 759 1068 Σιμμίας,
807 1000 941 1060 Πῶς
978 1001 1154 1050 ταῦτα
1168 1038 1183 1065 ,
1223 999 1360 1066 ἔφη,
1401 996 1607 1064 λέγεις,
1647 989 1693 1049 ὦ
1730 995 2057 1066 Σώκρατεςς

269 1084 398 1152 περὶ
443 1082 552 1151 γάρ
599 1102 684 1136 τοι
730 1086 828 1151 τῆς
874 1086 977 1151 γῆς
1014 1082 1107 1134 καὶ
1146 1079 1315 1144 αὐτὸς
1353 1078 1534 1136 πολλοὶ
1581 1078 1649 1149 δὴ
1697 1078 1939 1150 ἀκήκοα,
1990 1077 2059 1133 οὐ

385 1225 485 1278 Cap.
510 1226 657 1266 LVIII.
692 1226 736 1269 C.
771 1222 906 1268 Εἰσὶ
933 1220 998 1267 δε
1030 1225 1261 1278 πολλοί]
1300 1226 1398 1269 Ald.
1423 1225 1519 1267 Bas.
1547 1226 1570 1265 1
1602 1223 1749 1278 Steph
1781 1237 1877 1265 cum
1906 1225 2003 1267 Par.
2025 1225 2058 1264 Ε

267 1280 436 1324 πολλοὶ
457 1279 511 1323 δέ
535 1278 670 1324 εἰσιν.

383 1332 494 1380 υπό
534 1352 693 1387 τινος
734 1335 1076 1392 πέπεισμαι]
1121 1338 1174 1381 V.
1207 1334 1454 1391 πέπυσμαι
1482 1337 1808 1379 adversantibus
1839 1337 2058 1377 codicibus

269 1396 572 1448 manuscriptis
595 1404 634 1434 et
654 1397 749 1449 ipsa
771 1396 973 1447 loquendi
990 1396 1314 1452 consuetudine.
1340 1396 1439 1435 Mox
1462 1393 1546 1447 τῆς
1568 1402 1666 1434 ante
1686 1393 1775 1455 γῆς
1797 1406 1878 1437 om.
1892 1395 2000 1434 Ven.
2012 1393 2063 1435 H

267 1454 372 1495 Tub.
399 1460 439 1492 et
458 1465 521 1506 pr.
544 1451 667 1495 Bodl

268 1563 396 1618 plicat
437 1576 527 1606 voe.
573 1556 936 1618 συνοδοιπόρος,
974 1565 1048 1604 ubi
1077 1577 1118 1607 v.

268 1621 540 1662 Ruhnken.

330 1678 375 1719 C.
399 1670 459 1718 ἐν
478 1669 633 1732 πάσῃ
655 1670 901 1746 ἐχομένη
925 1669 1015 1719 οἰπ.
1022 1675 1035 1728 ]
1059 1676 1122 1716 1)6

269 1735 375 1788 Rep.
408 1735 480 1776 III.
510 1746 552 1800 p.
580 1735 717 1774 395D
759 1727 812 1775 ἐν
853 1732 1121 1803 ξυμφοραῖς

270 1803 320 1832 τε
348 1787 433 1830 καὶ
462 1790 667 1832 πένθεσι
688 1787 772 1832 καὶ
793 1784 997 1858 θρήνοις
1020 1803 1123 1855 εχο·

269 1842 433 1912 μένην.
467 1847 594 1914 Gorg.
636 1860 677 1900 p.
706 1848 796 1888 522
826 1849 864 1886 Α
904 1840 954 1888 ἐν
994 1858 1122 1901 πασῃ

268 1895 447 1977 ἀπορίᾳ
477 1898 692 1957 ἔχεσθαι.
735 1917 773 1945 v.
804 1904 858 1944 ad
891 1903 1047 1945 Criton.
1077 1917 1120 1956 p.

328 1989 427 2063 ε’(ός
469 2006 537 2058 ὂὶν
565 2037 620 2044 ——
656 2011 962 2069 γένωνται]
1005 2016 1045 2056 11.
1084 2029 1119 2057 6.

194 2071 197 2074 χ
270 2073 435 2113 donec
463 2081 610 2112 certa
639 2073 892 2122 quaedam
916 2081 1118 2126 tempo-

269 2141 380 2168 111111
422 2130 600 2180 spatia
631 2129 816 2181 elapsa
852 2131 971 2169 sint.
1014 2130 1120 2169 Nam

212 2188 215 2189 ’
268 2177 430 2239 χρόνοι
453 2192 553 2224 sunt
572 2183 791 2238 περίοδοι
813 2180 986 2239 χρόνου
1008 2187 1121 2227 πολ-

269 2238 350 2283 λαὶ
371 2238 454 2282 καὶ
475 2241 669 2295 μακραί,
693 2254 799 2293 quas
825 2244 1019 2283 Socrates
1042 2255 1117 2282 an-

267 2307 336 2338 tea
372 2298 558 2348 dicebat,
599 2299 715 2338 unde
744 2299 932 2351 intellegi
963 2307 1116 2352 potest,

268 2368 340 2405 qu
329 2368 396 2395 am
421 2356 503 2395 vim
527 2355 680 2395 habeat
709 2368 911 2395 numerus
941 2356 1118 2409 plumalis

268 2404 445 2464 χρόνοι,
471 2411 594 2451 cuius
623 2412 828 2452 1ationem
859 2412 1029 2452 fueiunt
1049 2413 1121 2463 qui

270 2480 352 2506 non
390 2469 695 2534 perspicerent.
736 2469 943 2509 Dicuntur
978 2478 1119 2508 autem

268 2516 429 2576 χρόνοι
452 2520 759 2577 γενέσθαι,
782 2524 822 2566 11
836 2538 869 2564 6.
882 2519 1116 2575 ἐξελθεῖν.

269 2580 375 2620 Nam
398 2580 513 2619 aliud
535 2589 599 2620 est
618 2581 732 2631 quod
753 2594 795 2647 p.
820 2581 874 2621 86
898 2582 929 2621 Ε
953 2582 1042 2633 leg‹
1051 2583 1120 2620 ba-

268 2646 336 2675 tur
352 2629 526 2689 χρόνου
545 2629 873 2690 ἐγγενομένου,
892 2639 1005 2688 qnod
1023 2650 1116 2676 cum

267 2691 469 2732 hocloco
498 2693 678 2731 60111··6ι·11
717 2705 799 2732 non
839 2695 993 2735 debuit.
1039 2693 1117 2738 De-

271 2748 368 2787 inde
390 2740 476 2787 ὑπ’
500 2740 715 2802 ἀνάγκης
755 2750 783 2789 1.
807 2762 847 2799 q.
880 2742 927 2799 ἐξ
972 2742 1116 2802 οἰναγ”

269 2817 356 2857 κης
390 2816 472 2843 usu
497 2803 720 2855 siequenti.
762 2805 988 2857 perperam
1007 2806 1117 2843 6111111

270 2860 553 2900 Forsterus
604 2869 644 2899 et
692 2860 975 2900 Fischerus
1028 2854 1117 2901 ὑπ’

265 2908 489 2970 Ἀναγκης
557 2917 830 2957 scribendum
900 2927 1115 2983 putaiuim

271 2972 383 3022 quod
403 2974 464 3011 vel
487 2982 659 3025 propter
681 2975 854 3012 verbum
875 2970 1114 3038 φέρεσθαι

269 3028 360 3068 ficii
382 3041 464 3069 non
520 3038 641 3070 otest.
685 3029 754 3069 Sic
784 3043 823 3082 p.
848 3032 929 3070 114
953 3033 985 3070 Α
1008 3023 1115 3071 τού-

270 3097 380 3133 τους
403 3080 457 3126 δὲ
477 3041 536 3151 ga«
539 3088 706 3127 πεσεῖν
727 3082 795 3133 εἰς
818 3080 904 3127 τὸν
930 3079 1115 3139 Τάρτα-

269 3154 354 3194 ρον
394 3134 596 3196 ανάγκη
650 3143 873 3182 Enimvero
917 3155 1004 3192 eos,
1045 3144 1118 3193 qui

268 3198 398 3251 impie
428 3207 468 3238 et
499 3199 707 3251 flagitiose
728 3200 937 3250 vixerunt,
961 3200 1000 3238 111
1027 3200 1117 3240 loca

269 3255 432 3294 Tartaii
467 3255 662 3296 inferiora
702 3267 784 3295 non
827 3257 909 3294 iam
940 3256 1118 3296 deduxit

270 3302 295 3351 ὁ
321 3302 523 3352 ἕκαστον
541 3310 742 3366 δαίμων,
763 3312 834 3363 qui
852 3313 893 3352 in
911 3314 976 3352 ius
994 3320 1118 3352 vocat

270 3368 461 3407 clientem
491 3370 572 3409 sibi
601 3369 799 3409 nuditum
834 3382 874 3422 p.
900 3370 979 3410 107
1003 3369 1051 3408 D.
1075 3382 1116 3422 p.

273 3425 352 3466 108
374 3424 431 3477 D,
464 3426 541 3466 sed
569 3418 598 3479 ἡ
627 3419 927 3480 προςήκουσα
955 3428 1115 3480 μοῖρα,

1209 1575 1292 1615 qua
1333 1564 1497 1603 animae
1538 1564 1779 1604 necessario
1811 1563 1934 1603 certis
1965 1563 2060 1615 qui-

1210 1620 1392 1660 busdam
1433 1623 1674 1673 temporum
1711 1620 1859 1674 spatiis
1901 1619 2058 1674 elapsis

1209 1677 1264 1716 ad
1286 1677 1538 1717 destinatam
1561 1676 1808 1717 deferuntur
1828 1676 2054 1717 habitatio-

1210 1746 1323 1772 nem.

1266 1787 1536 1841 καθαρῶς
1566 1801 1624 1830 τε
1653 1786 1752 1830 καὶ
1788 1785 2054 1842 μετρίως]

1210 1847 1238 1885 1.
1282 1859 1318 1888 e.
1359 1843 1589 1897 καθαρῶς
1628 1842 1713 1886 καὶ
1753 1845 1973 1898 κοσμίως.
2014 1858 2056 1885 v.

1210 1902 1391 1943 Graev.
1413 1902 1467 1940 ad
1490 1901 1657 1944 1165.Ο.
1682 1902 1792 1944 etD.
1813 1904 1913 1945 306.

1267 1958 1369 2011 Cap.
1393 1958 1539 1998 LVIII.
1573 1950 1682 2000 ὑπὸ
1711 1956 1820 1999 τῶν
1847 1971 1895 1999 π.
1927 1971 1968 2011 γ.
1993 1953 2057 2000 εἰ.

1211 2011 1420 2069 λέγειν]
1444 2015 1652 2054 Incertum
1677 2022 1752 2062 est,
1777 2027 1902 2066 quem
1924 2013 2063 2068 philo·-

1209 2072 1370 2125 sophus
1392 2071 1580 2123 intellegi
1603 2072 1715 2114 velit.
1744 2070 1850 2111 Nam
1872 2071 1925 2111 de
1947 2079 2058 2111 terra

1174 2177 1175 2180 Ἴ
1210 2129 1385 2179 eiusque
1407 2128 1541 2168 forma
1560 2134 1600 2166 et
1620 2127 1869 2168 condicione
1889 2127 2056 2178 Thales,

1209 2185 1541 2234 Anaximander,
1573 2185 1875 2236 Anaxagoras,
1905 2183 2058 2236 Pytha-

1206 2254 1353 2293 goras,
1393 2241 1465 2279 alii
1504 2241 1821 2290 quaesiverunt.
1880 2241 2059 2280 Videtur

1204 2306 1346 2337 tamen
1389 2296 1752 2349 Pythagoreorum
1794 2297 1948 2350 placita
1988 2310 2054 2336 re·

1206 2355 1417 2422 spexisse.

1264 2424 1333 2458 ως
1374 2402 1479 2464 ἐγώ
1517 2402 1624 2450 ὑπό
1659 2422 1818 2457 τινος
1852 2404 2056 2451 πέπει·

1207 2464 1581 2532 σμαι]1111111111
1602 2466 1815 2516 quidam
1837 2477 2057 2518 persua-

1156 2536 1159 2539 ·
1207 2524 1291 2564 sit.
1336 2523 1566 2575 Vulgaturn
1600 2518 1848 2586 πέπυσμαι
1873 2533 2057 2586 (3011119-

1204 2589 1294 2619 tum
1323 2592 1417 2619 esse
1447 2591 1543 2618 eum
1574 2579 1830 2632 praepositio
1860 2571 1957 2619 υπό
1991 2589 2058 2617 ar-

1205 2637 1316 2687 guit,
1379 2636 1560 2675 debebat
1602 2635 1713 2673 6111111
1754 2647 1884 2686 παρα
1926 2646 2056 2682 τινος

1207 2693 1309 2738 dici,
1342 2698 1431 2730 tum
1463 2691 1591 2729 verba
1622 2704 1652 2730 α
1683 2684 1734 2731 σὲ
1764 2689 1930 2731 πείθει
1952 2691 2055 2730 satis

1204 2755 1397 2811 apertum
1432 2747 1629 2786 reddunt.
1673 2743 1800 2798 Gorg.
1842 2759 1884 2799 p
1916 2747 1997 2786 526
2019 2745 2053 2785 D

1204 2797 1298 2844 ὑπὸ
1310 2795 1489 2843 τούτων
1501 2801 1594 2843 τῶν
1612 2794 1764 2856 λόγων
1759 2777 2052 2855 οπέπεισμαι.

1207 2858 1401 2899 Ceterum
1424 2861 1532 2898 solet
1555 2860 1753 2899 Socrates
1775 2859 1888 2912 apud
1912 2859 2056 2900 Plato-

1206 2929 1301 2955 nem
1324 2917 1378 2956 ad
1401 2928 1514 2954 lucei
1520 2923 1582 2955 tos
1611 2915 1770 2955 referre
1789 2923 1983 2955 auctores
2006 2927 2055 2955 ea

1207 2973 1362 3022 omnia,
1406 2984 1588 3023 quorum
1628 2983 1756 3024 causa
1797 2981 1838 3011 et
1875 2972 1981 3011 ratio
2012 2972 2055 3011 111

1205 3030 1391 3069 obscuro
1424 3030 1524 3068 latet
1555 3028 1795 3079 nullamque
1824 3028 1948 3068 habet
1978 3040 2055 3067 ex—

1204 3087 1487 3138 plic-ationem.
1525 3087 1585 3125 Ita
1608 3085 1667 3124 De
1691 3086 1795 3137 Rep.
1818 3085 1892 3125 IV.
1916 3085 2052 3137 p.411

1204 3143 1237 3182 E
1267 3143 1439 3182 deorum
1472 3141 1625 3191 aliquis
1655 3140 1899 3181 hominibus
1922 3141 2055 3180 musi-

1204 3212 1297 3238 cam
1322 3207 1362 3238 et
1382 3199 1687 3251 gymnastieam
1719 3201 1854 3236 artem
1879 3197 2053 3237 dedisse

1204 3256 1356 3296 dicitur
1376 3269 1415 3295 v.
1440 3256 1492 3294 ad
1518 3254 1676 3294 Phileb.
1683 3266 1743 3318 p.
1770 3255 1821 3294 16
1845 3252 1889 3293 C.

1261 3309 1309 3351 D.
1343 3306 1524 3353 πολλοὶ
1561 3303 1629 3363 δὴ
1665 3301 1906 3372 ἀκήκοα]
1948 3308 2054 3350 Sae-

1197 3370 1436 3422 penumero
1467 3361 1529 3421 δή
1559 3369 1621 3407 sio
1646 3373 1743 3419 post
1762 3359 1910 3415 πολυς
1931 3365 2054 3404 addi-

1205 3437 1294 3465 tum
1334 3434 1558 3478 reperitur,
1600 3430 1647 3463 ut
1685 3434 1817 3475 supra
1856 3435 1899 3476 p
1923 3422 2053 3463 68A.
