2158 3718
388 151 519 201 2150
1030 129 1442 206 PLATONlS

410 302 511 354 ἔτι
533 300 750 370 μᾶλλον
792 295 826 364 ἢ
877 305 934 352 ὲν
977 304 1094 360 τοῖς
1134 297 1405 367 σώμασιν,
1436 296 1473 353 ἃ
1518 299 1668 374 ψυχῇ
1710 297 1984 370 προςήκει
1980 302 2084 354 καὶ

411 385 612 451 κυῆσαι
652 384 744 438 καὶ
786 391 950 437 κυεῖν.
994 385 1048 435 τί
1090 370 1191 435 οὖν
1224 382 1519 454 προςήκει;
1577 379 1850 457 φρόνησίν
1892 403 1949 438 τε
1993 388 2087 438 καὶ

395 465 517 535 ,τὴν
575 463 752 533 ἄλλην
803 461 1030 539 ἀρετήν.
1072 455 1150 520 ὧν
1192 462 1259 532 δή
1303 471 1405 522 εισι
1447 468 1540 523 καὶ
1577 471 1630 522 οἱ
1673 469 1899 533 ποιηταὶ
1944 466 2086 522 πάν-

412 573 499 616 τες
553 547 877 622 γεννήτορες
931 551 1025 604 καὶ
1082 551 1194 604 τῶν
1245 552 1587 623 δημιουργῶν
1647 548 1773 608 ὅσοι
1835 553 2091 619 λέγονται

411 634 676 708 εὑρετικοὶ
720 630 888 690 εἶναι·
932 629 1078 690 πολὺ
1121 635 1178 688 δὲ
1219 639 1475 705 μεγίστη,
1518 638 1647 708 ἔφη,
1690 638 1780 700 καὶ
1825 637 2087 704 καλλίστη

410 722 510 786 τῆς
554 715 870 795 φρονήσεως
910 716 944 786 ἡ
989 721 1113 788 περὶ
1156 717 1258 783 τὰς
1301 721 1412 774 τῶν
1450 716 1660 774 πόλεών
1699 741 1757 775 τε
1800 722 1893 775 καὶ
1939 719 2091 788 οική-

1075 793 1100 817 u

415 822 552 859 σεων
607 799 1016 874 διακοσμήσεις,
1070 803 1104 878 ῂ
1162 799 1229 868 δὴ
1273 798 1456 902 ’όνομοέ
1501 809 1614 858 ἐστι
1647 821 1985 879 σωφροσυνη
2029 826 2087 861 τε

388 890 505 943 ,καὶ
565 885 903 954 δικαιοσύνη.
958 884 1171 942 τούτων
1229 878 1302 942 αὖ
1358 884 1499 944 ὅταν
1537 908 1621 951 τις
1662 893 1735 942 ἐκ
1766 892 1892 943 νέου
1932 886 2088 959 ἐγκύ-

406 992 530 1043 μων
573 963 633 1049 ἶ]
652 967 754 1038 τὴν
801 969 1016 1048 ψυχήν,
1059 974 1222 1038 θεῖος
1264 967 1375 1037 ὤν,
1419 975 1511 1027 καὶ
1553 969 1789 1040 ἡκονσης
1831 973 1930 1040 τῆς
1969 969 2090 1040 ἡλι-

525 1136 582 1176 ol
612 1135 841 1187 ποιηταὶ
869 1133 1095 1186 πάντες]
1127 1135 1179 1178 V.
1207 1137 1250 1177 οἱ
1278 1134 1433 1181 πάντες
1439 1136 1653 1206 ,ποιηταᾴ
1682 1134 1822 1178 invitis
1851 1135 1969 1178 libris
1997 1135 2089 1180 sere

410 1193 633 1243 omnibus,
662 1193 794 1235 etiam
829 1191 953 1235 Bodl.
978 1193 1070 1234 Vat.
1083 1191 1135 1236 A.
1154 1193 1288 1235 Coisl.
1314 1193 1469 1236 Vens*
1433 1207 1480 1234 ....

522 1249 659 1291 πολὺ
704 1251 758 1292 δὲ
796 1252 1043 1306 μεγίστη,
1081 1252 1204 1304 ἔφη.
1219 1252 1235 1301 Ι
1265 1250 1376 1291 εἶναι
1404 1255 1505 1304 post
1532 1250 1708 1305 μεγίστη
1738 1251 1866 1304 vulgo
1895 1250 2089 1306 interpo-

409 1304 535 1350 situm
570 1321 655 1352 om.
690 1307 832 1350 Bodl.
852 1308 947 1350 Vat.
960 1306 1010 1349 A.
1035 1307 1164 1353 Coisl
1188 1309 1286 1350 Par.
1304 1306 1498 1351 DEFK
1523 1309 1666 1350 Ambr.
1690 1310 1798 1363 Aug.
1812 1321 1854 1350 u.
1863 1321 1914 1350 w.
1937 1309 2031 1351 Vat.
2047 1322 2087 1353 ιι.

407 1379 543 1420 p..rs.
566 1365 689 1407 Vind.
707 1366 742 1409 1.
758 1365 1127 1409 7.....Florabci.

522 1422 783 1476 οἰκήσεων
812 1421 1242 1474 διακοσμήσεις]
1277 1422 1352 1463 Sic
1374 1418 1530 1462 ven-'¹‘
1494 1437 1538 1464 ...
1565 1420 1688 1463 Vind.
1700 1421 1742 1465 2·
1776 1427 1821 1464 et
1851 1434 1964 1468 corr.
1983 1423 2084 1466 Par.

404 1481 455 1524 F
513 1480 628 1522 Olim
670 1481 938 1523 scribebatur
980 1481 1271 1533 διακόσμησις
1334 1479 1627 1523 Cot-rexerunt
1666 1478 1860 1522 Boeckh.
1897 1481 1940 1522 in
1980 1481 2084 1527 Min,

403 1553 443 1592 p.
476 1536 547 1581 26.
578 1538 806 1580 Heindorf.
838 1538 890 1580 ad
924 1538 1084 1591 Cratyl.
1121 1552 1162 1592 p.
1191 1536 1260 1581 28.

518 1594 729 1637 τούτων
771 1611 833 1637 av
878 1594 1014 1637 ὅταν
1052 1599 1162 1645 τις]
1205 1594 1419 1636 omittunt
1460 1593 1504 1635 δ’
1535 1595 1668 1647 Vulgo
1698 1598 1799 1648 post
1824 1593 1992 1637 τούτων
2021 1597 2085 1639 in-
2155 1619 2158 1644 2

403 1658 566 1695 sertum
611 1653 736 1695 Bodl.
755 1684 768 1704 ‚
816 1666 942 1706 quem
985 1653 1207 1695 Bekkerus
1247 1664 1330 1693 non
1369 1652 1648 1704 memoravit,
1692 1652 1788 1693 Vat.
1812 1650 1864 1694 A.
1895 1653 2019 1696 vind
2039 1655 2084 1699 2.

403 1711 490 1751 Par
515 1711 618 1752 DK.
640 1715 811 1764 Aug-w.
833 1711 929 1753 Vat.
943 1725 986 1765 p.
1050 1711 1190 1752 Verba
1221 1708 1300 1762 τὴν
1329 1708 1475 1763 ψυχήν
1505 1709 1748 1763 Stephanus
1778 1711 1956 1763 putabat
1985 1725 2083 1755 cum

400 1771 524 1814 θεῖος
567 1766 624 1810 ὤν
664 1769 860 1811 conuecti
898 1774 1127 1823 oportere,
1169 1780 1299 1821 quam
1338 1767 1561 1810 rationem»
1586 1768 1630 1809 in
1662 1766 1908 1811 Vindob.,2.
1946 1773 2083 1813 teneri
2155 1801 2158 1840 3

454 1911 508 1953 P.
548 1910 652 1956 209·
718 1910 814 1951 καὶ
862 1915 1063 1963 κυῆσαι
1105 1911 1199 1951 καὶ

389 1971 571 2022 κυεῖν]
629 1968 667 2010 Ιι.
708 1981 747 2011 e.
791 1973 833 2010 et
873 1968 1197 2023 concepisse

396 2027 535 2082 (quae
574 2031 641 2069 est
677 2026 790 2069 actio
822 2027 956 2068 semel
990 2031 1034 2069 ot
1064 2026 1196 2067 veluti

392 2097 481 2126 uuo
525 2084 731 2138 temporis
772 2084 858 2126 ictu
896 2083 1108 2138 perfecta)
1153 2088 1197 2125 et

393 2147 730 2196 conceptum
763 2147 961 2184 tenere.

451 2197 773 2253 σωφροσύνη
813 2213 867 2240 τε
898 2198 988 2238 καὶ
1017 2197 1191 2240 δικαι-

391 2256 584 2311 οσύνη]
625 2256 767 2298 Totus
808 2256 875 2297 hic
906 2257 1027 2298 locus
1056 2269 1194 2310 usque

388 2314 448 2356 ad
470 2329 509 2369 p.
530 2314 629 2361 209.
649 2313 701 2355 E.
736 2319 932 2356 versatur
963 2314 1006 2355 in
1027 2314 1193 2355 virtutis

393 2374 580 2414 civilis
625 2371 843 2422 laudibus,
883 2370 937 2413 de
977 2384 1060 2424 qua
1091 2371 1190 2424 quid

390 2431 575 2472 senserit
638 2428 939 2484 philosophus,
1005 2430 1194 2471 breviter

386 2487 656 2529 ostendimus
683 2487 738 2528 ad
759 2485 981 2528 Phaedon.
999 2500 1044 2540 .p.
1058 2486 1127 2531 68.
1144 2487 1194 2528 C.

389 2546 492 2587 edit.
521 2550 620 2586 tert.
681 2544 916 2586 Praeterea
947 2545 1078 2586 etiam
1100 2545 1191 2585 ani-

389 2602 650 2656 madvertes‚
683 2601 892 2658 φρόνησιν
927 2600 992 2642 hic
1022 2614 1191 2644 memo-

382 2661 498 2711 rari,
542 2673 626 2701 non
669 2660 771 2700 item
817 2659 988 2712 σοφίαν.
1047 2659 1190 2699 Cuius

388 2717 448 2756 rei
480 2729 677 2758 caussam
697 2727 937 2768 cognosces
960 2727 1013 2756 ex
1043 2719 1187 2757 annot.

381 2771 438 2812 ad
466 2772 679 2813 Phaedon.
707 2785 747 2824 p.
773 2772 844 2815 65.
869 2779 917 2811 Α.
940 2793 995 2801 --
1036 2772 1188 2823 μεγί-

383 2844 482 2881 στη
512 2829 601 2868 καὶ
629 2829 898 2878 καλλίστη
933 2832 1027 2879 τῆς
1058 2840 1187 2880 φρο-

382 2884 616 2938 νήσεως,
676 2884 911 2926 maxima
964 2889 1017 2925 et
1064 2886 1187 2938 pul-

380 2942 660 2985 cherrima
692 2954 820 2995 pars
851 2941 1184 2994 sapientiae.

384 3001 446 3042 De
477 2997 1185 3054 Republ.111.p.416.132v)20

377 3060 583 3112 μεγίστην
606 3063 684 3110 τῆς
702 3052 931 3109 εὐλαβείας
952 3071 1183 3112 παρεσκευ-

378 3118 568 3166 ασμένοι.
608 3117 661 3157 al.
735 3113 860 3154 Solet
908 3114 1018 3155 enim
1062 3113 1183 3156 adie-

381 3175 565 3225 ctivum,
615 3173 743 3215 etiam
775 3171 848 3211 ubi
883 3173 1074 3224 sequitur
1103 3184 1180 3212 uo-

375 3231 497 3272 minis
542 3231 605 3272 sui
652 3240 788 3283 genus
835 3232 879 3268 et
910 3256 919 3270 ,
942 3241 1180 3280 numerum,

375 3288 584 3340 gravioris
659 3283 860 3340 ponderis
933 3299 1064 3327 causa
1124 3287 1182 3327 ita

374 3346 616 3397 praemitti,
662 3349 710 3389 ut
751 3355 805 3385 ex
834 3354 883 3383 se
920 3355 1181 3396 suspensum

368 3402 528 3445 habeat
561 3415 716 3447 nomen
733 3398 934 3456 giguendi
961 3414 1067 3443 casu
1101 3415 1180 3455 po-

1282 1909 1426 1951 situm.
1486 1907 1602 1951 Nota
1632 1913 1731 1950 sunt
1759 1909 1960 1952 omnibus
1989 1911 2082 1952 illa:

1281 1970 1360 2019 τῆς
1409 1970 1490 2020 γῆς
1540 1964 1700 2018 πολλή,
1755 1983 1777 2007 ο
1820 1966 1956 2016 πολὺς
2003 1972 2086 2010 ’τοῦ

1280 2022 1461 2078 χρόιί,οι
1494 2021 1517 2063 o‘
1550 2025 1747 2070 πλεῖστος
1770 2027 1853 2065 του
1880 2026 1997 2080 βίου,
2029 2028 2083 2068 al.

1282 2082 1451 2126 Quibus
1505 2081 1656 2123 similia
1708 2083 1842 2124 multa
1890 2071 2102 2137 college-

1281 2144 1380 2181 runt
1408 2138 1563 2181 Wolf.
1610 2138 1666 2180 ad
1697 2138 1921 2185 Demosth.
1953 2139 2046 2195 Lep
2051 2145 2080 2182 t.

1279 2196 1375 2250 §.7
1378 2195 1713 2240 ‚Heindorfi
1757 2196 1814 2239 ad
1844 2197 2003 2252 Cratyl.
2038 2211 2080 2253 p.

1277 2254 1350 2298 28.
1383 2257 1493 2296 Ast.
1519 2253 1572 2295 ad
1591 2254 1749 2309 Remp.
1775 2253 1929 2309 328
1947 2256 2078 2311 intpp

1279 2312 1334 2354 ad
1365 2311 1528 2354 Lamb
1546 2317 1644 2353 ert
1679 2267 1805 2355 Bpos.
1846 2312 1902 2357 de
1930 2312 2083 2370 Euips.

1278 2384 1320 2425 p.
1352 2368 1451 2414 274.
1479 2367 1579 2414 306.
1709 2387 1718 2396 ’

1335 2485 1387 2526 Β.
1433 2482 1680 2540 ἐγκύμων
1709 2480 1736 2538 ᾗ
1766 2482 2077 2539 τὴν.ψ·υχη’ν

1276 2547 1439 2589 θεῖος
1476 2541 1570 2596 ὢν]
1625 2540 1942 2596 Stephanus
1996 2542 2076 2595 τὴν

1274 2599 1418 2653 ψυχὴν
1448 2600 1636 2642 malebat
1654 2599 1846 2640 connecti
1876 2611 1972 2640 cum
2004 2613 2076 2642 ue-

1273 2658 1531 2709 quentibus‚
1574 2661 1623 2696 ut
1665 2655 1857 2697 inlibris
1891 2659 2074 2700 ιιοιιιιιιΙ-
2157 2700 2158 2727 ζ

1273 2714 1326 2755 lis
1356 2713 1530 2754 factum.
1591 2711 1681 2754 Sed
1709 2724 1842 2765 quum
1889 2730 1912 2753 o
1945 2713 2073 2768 ἐγκύ-

1271 2786 1364 2823 μων
1383 2770 1460 2821 τὴν
1480 2767 1624 2823 ψυχήν
1642 2774 1884 2823 opponatur
1905 2771 1972 2823 iis,
2003 2773 2074 2825 qui
2157 2768 2158 2811 j

1274 2839 1403 2880 supra
1452 2825 1682 2880 ἐγκύμονες
1733 2825 1840 2867 κατὰ
1895 2827 2074 2882 σώματα

1271 2884 1623 2938 appellabantur,
1665 2885 1879 2938 vulgatam
1921 2886 2073 2929 distin-

1271 2942 1458 2983 ctionem
1490 2953 1573 2984 non
1600 2954 1697 2983 esse
1719 2942 1973 2985 mutandam
2001 2957 2072 2986 sa-

1268 2999 1323 3040 tis
1374 3000 1536 3052 liquere
1583 2999 1850 3044 arbitramur
1919 2999 2070 3055 Neque

1270 3069 1381 3110 opus
1429 3069 1526 3098 esse
1576 3061 1775 3110 putamus
1823 3058 2069 3101 coniectura

1267 3113 1532 3186 Heufdii,
1563 3114 1644 3173 qui
1656 3113 1930 3156 scribendum
1963 3129 2067 3183 ceu-

1268 3172 1353 3212 suit
1376 3169 1585 3239 ἐγκύμων
1617 3175 1641 3223 ᾐ
1673 3169 1752 3222 ’τὴν
1782 3172 1952 3225 ψιχήν,
1989 3173 2068 3226 τὴν

1266 3225 1416 3284 ψυχήν
1457 3232 1578 3275 θεῖος
1607 3227 1676 3268 ὤν.
1736 3227 1845 3270 Nam
1889 3231 2066 3284 respici-

1266 3293 1335 3327 tur
1365 3285 1419 3327 ad
1453 3299 1549 3337 eam
1582 3286 1791 3327 sermonis
1813 3293 1992 3340 partem,
2022 3289 2065 3330 in

1266 3356 1351 3396 qua
1381 3343 1565 3385 Diotima
1595 3356 1635 3397 p.
1665 3342 1767 3388 206.
1799 3344 1851 3386 C.
1881 3357 2065 3398 genera-

1265 3402 1429 3445 tionem
1463 3401 1631 3444 dicebat
1662 3414 1758 3444 esse
1800 3404 1926 3444 θεῖον
1954 3399 2062 3459 πρᾶ-
