2158 3718
212 88 334 172 278⁵

942 104 1278 162 PLA'roNIs

213 256 358 321 ἅπας
404 255 433 311 6
483 258 652 321 τόπος
699 255 728 311 6
779 257 988 311 ἐνθάδε
1035 258 1426 327 διεφθαρμένα
1475 257 1593 311 ἐστὶ
1632 259 1724 310 καὶ
1762 259 2002 326 καταβε-
2140 227 2158 341 {¹

213 343 495 412 βρωμένα,
536 339 718 412 ὥςπερ
756 339 822 394 τά
864 341 928 395 ἐν
964 344 1031 411 τῇ
1070 340 1321 412 θαλάττῃ
1359 337 1473 396 ὑπὸ
1510 345 1608 411 τῆς
1646 339 1846 412 ἅλμης·
1907 342 2001 395 καὶ

212 423 346 479 οὔτε
384 426 589 495 φύεται
626 425 798 480 οὐδὲν
835 423 994 489 ἄξιον
1033 425 1208 493 λόγου
1236 427 1301 479 ἐν
1325 429 1392 496 τῇ
1429 425 1701 496 θαλάττῃ,
1741 424 1875 479 οὔτε
1911 426 2002 480 τέ-

211 513 396 579 λειον,
437 531 510 574 ως
547 513 679 574 ἔπος
717 511 914 579 εἰπεῖν,
954 507 1126 563 οὐδέν
1166 509 1313 578 ἐστι,
1353 510 1628 580 σήραγγες
1665 509 1727 563 δὲ
1764 510 1859 564 καὶ
1895 506 2003 580 ἄμ-
2148 470 2158 567 j

211 614 311 663 μος
358 597 450 647 καὶ
501 592 677 663 πηλὸς
724 591 1007 664 άμήχανος
1053 594 1147 647 καὶ
1192 593 1470 673 βόρβοροί
1513 595 1684 663 εἰσιν,
1734 592 1880 648 όπου
1929 614 2002 648 αν
2145 567 2158 691 1

209 678 304 731 καὶ
341 682 411 747 γῆ
451 671 509 749 ᾗ,
549 678 642 731 και
680 675 820 747 πρὸς
857 675 924 731 τά
962 675 1099 748 παρ’
1139 676 1274 748 ἡμῖν
1312 663 1488 748 κάλλη
1527 682 1829 748 κρίνεσθαι
1866 677 1998 733 οὐδ’

209 758 523 825 ὁπωςτιοῦν
560 761 703 826 άξια.
783 762 972 816 ἐκεῖνα
1011 763 1073 817 δὲ
1112 765 1185 816 αὐ
1233 766 1348 815 τῶν
1396 760 1531 832 παρ’
1571 761 1706 833 ἡμῖν
1743 761 1891 817 πολὺ
1930 761 2001 816 ἂν

143 856 177 900 Β
209 848 291 899 ἔτι
328 846 502 900 πλέον
540 849 745 916 φανείη
784 847 1094 917 διαφέρειν.
1173 848 1224 900 εί
1257 844 1365 917 γὰρ
1405 848 1496 899 δεῖ
1536 847 1628 900 καὶ
1678 851 1869 916 μῦθον
1907 847 2001 901 λε’-

204 949 329 998 νειν
371 931 616 999 [uocko'v]9
657 929 816 995 ἄξιον
853 929 1113 1001 άκοῦσαι,
1154 925 1201 986 ὦ
1227 933 1458 1001 Σιμμία,
1499 923 1592 984 οἷα
1629 931 1896 1000 τυγχάνει
1933 927 2001 984 τά

209 1015 301 1067 ἐπὶ
351 1018 597 1084 τῆς-γῆς
643 1014 756 1069 ὑπὸ
805 1021 881 1087 τῷ
929 1016 1155 1087 οὐρανῷ
1206 1014 1361 1070 ὄντα.
1434 1012 1599 1068 Ἀλλὰ
1636 1016 1774 1085 μήν,
1823 1017 1930 1085 ἔφη
1970 1010 1999 1068 6

207 1101 469 1169 Σιμμίας,
510 1092 556 1153 αἶ
595 1100 915 1170 Σώκρατες,
955 1100 1112 1172 ἡμεῖς
1149 1121 1213 1170 γε
1239 1101 1446 1154 τούτου
1472 1103 1575 1154 τοῦ
1602 1099 1796 1170 μύθου
1822 1098 2001 1169 ἡδέως

208 1182 280 1236 ἂν
318 1181 684 1253 ἀκούσαιμεν.

168 1386 182 1401 χ
319 1342 366 1383 Ρ.
391 1344 488 1383 110.
519 1337 696 1386 οὖὸεν
718 1335 888 1396 αξιον
911 1338 972 1385 λό
984 1341 1107 1399 γον]
1130 1345 1250 1385 Hune
1273 1344 1465 1385 ordinem
1487 1343 1712 1382 verborum
1735 1342 2000 1382 1estituimus

205 1398 371 1498 ἓέῧὸοέᾱνί.
393 1400 502 1443 Veu.
527 1399 630 1447 ΞΠ
655 1402 785 1442 vind.
813 1402 853 1443 Τ
879 1401 984 1444 Flor.
984 1360 1037 1442 yd
1065 1402 1162 1441 Zitt.
1194 1401 1324 1441 Editt.
1350 1406 1449 1443 vett.
1472 1399 1647 1440 habent:
1692 1389 1833 1450 ἄξιον
1856 1391 1999 1453 λόγου

319 1522 419 1568 καὶ
459 1525 543 1581 γῆ]
584 1527 712 1571 Editt.
733 1539 881 1568 omnes
902 1520 931 1582 ἡ
955 1526 1031 1582 γῆ.
1075 1527 1207 1569 Omisi
1228 1526 1451 1567 articulum
1474 1538 1571 1565 cum
1592 1527 1692 1569 Vat
1715 1526 1810 1569 Pal.
1834 1523 1865 1564 C
1886 1523 1999 1566 Flor.

205 1593 232 1621 a
255 1581 282 1622 d
301 1594 343 1622 111
365 1583 627 1635 suffragante
648 1584 790 1627 Herm.

318 1646 465 1694 πολὺ
498 1667 566 1695 αν
597 1649 680 1695 ἔτι
709 1649 901 1707 πλέον]
944 1653 1125 1696 πολλοῦ
1156 1654 1277 1698 Bodl.
1299 1655 1396 1694 Vat.
1425 1654 1530 1694 Tub.
1553 1653 1683 1693 Vind.
1710 1652 1864 1694 YPar.
1886 1651 1998 1692 EHI

206 1707 302 1751 Zitt.
332 1709 443 1749 Flor.
467 1711 524 1750 b
515 1723 527 1749 1
551 1723 591 1750 m
631 1717 670 1750 et
710 1724 837 1764 super
867 1724 994 1752 versu
1022 1711 1116 1751 Par.
1143 1711 1185 1751 G.
1210 1711 1265 1751 cf.
1290 1710 1537 1762 Bernhardy
1560 1709 1681 1762 Synt.
1705 1721 1748 1762 p.
1774 1709 1871 1751 138.
1913 1708 1999 1748 De-

148 1788 157 1791 —
204 1764 470 1863 ὶίιιιιιὲξοηῖοἰεὴ
501 1767 596 1810 Vat.
634 1768 729 1808 Par.
762 1768 796 1809 G
830 1767 1011 1809 πλεῖον.
1048 1768 1177 1811 Vind.
1202 1767 1241 1808 Φ
1282 1768 1430 1810 Ambr.
1462 1765 1609 1808 πλείω
1646 1765 1860 1815 frequenti
1895 1776 2000 1805 con-

318 1892 366 1935 Β.
400 1885 638 1947 [καλόν],
681 1885 870 1947 αξιον]
915 1888 1067 1935 καλὸν
1094 1892 1176 1935 καὶ
1207 1888 1280 1945 άξ.
1303 1906 1438 1946 marg.
1461 1892 1582 1933 Bodl.
1607 1899 1645 1932 et
1669 1890 1798 1933 Coisl.
1822 1892 1933 1933 Ven.
1956 1890 2003 1936 Ξ

208 1947 339 1990 Vind.
365 1947 455 1990 ΤΦ
476 1950 569 1992 Par
597 1950 799 1993 GAmbr.
826 1951 935 1991 Flor.
959 1951 987 1990 d
1017 1959 1162 1993 etr,ec
1184 1951 1281 1990 Vnt.
1324 1951 1371 1989 ln
1394 1951 1505 1991 Ven.
1530 1948 1702 1990 HTub.
1727 1955 1766 1989 et
1787 1961 1850 2002 pr
1875 1947 1998 1988 Bodl.

205 2005 326 2045 deest
347 1998 510 2048 καλόν.
552 2006 762 2047 Nimirum
782 2000 932 2049 καλόν
955 2008 1223 2047 eiiciendum.
1247 2020 1287 2050 v,
1311 2007 1523 2061 explicatt.

205 2146 452 2190 bitamus
498 2147 645 2197 Neque
677 2149 788 2187 enim
819 2154 950 2189 totam
969 2154 1055 2188 ter-

204 2214 295 2243 ram
337 2203 556 2271 intellegit,
601 2205 676 2245 sed
714 2198 772 2246 τοὶ
801 2206 941 2246 κοῖλα
971 2204 1057 2270 τῆς

206 2257 310 2313 γῆς,
336 2273 386 2300 εν
409 2233 523 2308 οἴςῆ
497 2263 637 2314 ημεῖς
653 2257 900 2310 οἰκοῦντες
923 2255 1059 2315 λελή-

204 2315 473 2413 θοομνξπονἊ
442 2387 511 2415 αν
539 2371 636 2415 καὶ
665 2372 733 2428 γῆ
757 2361 807 2428 ᾖ]
835 2375 1058 2415 ubieun-

206 2441 303 2479 que
344 2430 395 2468 in
436 2430 563 2469 mari
605 2437 747 2470 terra
788 2432 871 2472 sit.
952 2431 1057 2471 Nam

135 2509 136 2512 =
206 2485 417 2535 quaedam
434 2493 574 2538 partes
592 2487 718 2527 malis
734 2487 952 2540 finguntur
973 2494 1056 2527 ter-

207 2553 255 2581 ra
284 2545 461 2594 prorsus
493 2555 651 2594 carere,
680 2543 739 2582 ita
760 2551 806 2583 ut
827 2545 913 2584 sint
935 2544 1058 2594 quasi

206 2597 343 2637 moles
365 2598 574 2649 quaedam
595 2609 816 2651 aquarum,
849 2601 921 2640 ubi
956 2599 1057 2639 nihil

206 2662 384 2702 crescat,
422 2654 524 2693 nihil
562 2655 716 2707 vigeat.
759 2655 868 2694 Male
897 2656 1057 2695 Hein-

207 2709 444 2749 dorfius:
507 2710 810 2761 ubicunque
859 2720 1056 2751 terram

206 2777 344 2804 mare
381 2766 536 2804 alluit
567 2767 889 2819 obtegitque.
935 2767 1057 2807 Cete-

205 2833 297 2860 rum
328 2821 420 2874 ipsa
450 2823 660 2862 sententia
689 2823 858 2875 exigere
888 2823 1057 2863 videba—

206 2885 288 2930 tur,
313 2884 358 2917 ut
378 2884 612 2918 mutaretur
634 2879 753 2918 lectio
759 2853 830 2919 ead
853 2878 964 2919 huuc
989 2893 1057 2919 us-

207 2947 288 2986 que
317 2934 428 2973 diem
457 2934 499 2973 in
529 2935 726 2974 omuibus
757 2936 876 2981 editt.
899 2948 1056 2989 propa-

206 2998 327 3043 gata:
357 2987 441 3031 καὶ
471 2982 500 3044 ἡ
522 2989 582 3044 γῆ
606 2978 651 3045 ᾖ,
679 2992 720 3031 id
743 2995 855 3043 quod
879 2992 1055 3032 fecimus

207 3047 324 3087 libris
365 3046 560 3100 plurimis
601 3059 704 3090 mss.
750 3049 1052 3089 consentienti-

209 3105 301 3144 bus.

262 3156 362 3200 καὶ
401 3151 542 3213 πρὸς
591 3153 656 3201 τὰ
707 3153 838 3214 παρ’
890 3155 1049 3216 ἡμῖν]

207 3229 299 3256 neo
349 3216 456 3256 ullo
508 3217 657 3258 modo
700 3217 859 3270 digna
908 3225 1052 3270 sunt,

175 3285 337 3324 ‘quae
379 3285 487 3312 eum
530 3275 689 3315 rebus
728 3274 959 3328 pulcris,
1002 3276 1052 3314 in

206 3329 301 3369 hac
351 3336 535 3371 nostra
590 3331 736 3371 orbis
795 3338 1052 3370 terrarum

208 3390 358 3439 parte
388 3393 434 3426 et
464 3398 692 3427 caverna
713 3387 1049 3440 conspicuis,

207 3449 602 3496 comparentur.
624 3444 782 3485 Eodem
805 3443 929 3484 modo
952 3442 1053 3497 κρί-

1145 2147 1322 2189 νεσθαι
1351 2140 1467 2214 πρός
1503 2160 1547 2187 τι
1578 2154 1642 2186 est
1661 2146 1826 2186 Politia.
1849 2158 1891 2198 p.
1914 2145 1998 2186 286

1146 2204 1176 2244 C
1207 2197 1325 2258 πρὸς
1355 2196 1540 2257 αλληλα
1571 2198 1630 2243 τὰ
1658 2195 1785 2269 μήκη
1807 2200 1995 2267 κρίνον-

1145 2274 1238 2309 τες.
1275 2261 1389 2303 Prot.
1412 2273 1453 2314 p.
1477 2261 1559 2301 327
1581 2258 1615 2298 D
1648 2255 1692 2300 εἰ
1719 2254 1822 2300 δέοι
1845 2251 1997 2299 αὐτὸν

1144 2317 1422 2388 κρίνεσθαι
1417 2310 1535 2371 πρὸς
1547 2307 1849 2380 άνθρώπους.
1863 2316 1994 2357 Isoer,

1145 2374 1322 2416 Panath.
1347 2371 1422 2414 4”’
1395 2387 1475 2415 ινα
1492 2394 1547 2401 -—
1562 2364 1680 2426 πρὸς
1702 2365 1790 2422 τὴν
1812 2365 1997 2413 ὑπόθε-

1145 2441 1222 2472 σιν
1245 2422 1395 2472 αὐτὸν
1416 2429 1656 2484 κρίνωσιν.

1204 2508 1408 2557 enervet
1432 2509 1493 2555 δε
1516 2500 1651 2554 αὖ-
1599 2507 1995 2566 -διαῳέρειν]

1145 2571 1188 2611 h.
1212 2584 1247 2611 e.
1287 2578 1471 2612 contra
1510 2579 1680 2610 autem
1709 2568 1824 2618 illa,
1865 2578 1995 2619 quae

1146 2628 1346 2668 suntin
1382 2626 1716 2666 coelestibus
1745 2623 1856 2663 illis
1886 2630 1995 2662 ter-

1145 2696 1233 2722 1ae
1263 2682 1593 2737 regionibus,
1633 2679 1796 2720 multo
1837 2680 1994 2719 etiam

1144 2739 1310 2790 magis
1378 2749 1631 2792 superare
1710 2736 1995 2776 videantur

1147 2794 1520 2848 pulcritudine
1579 2805 1662 2832 res
1713 2793 1759 2831 in
1814 2798 1996 2832 nostra

1144 2859 1320 2891 terrae
1347 2858 1498 2916 parte
1528 2849 1865 2901 conspicuas.
1896 2848 1995 2888 Mox

1145 2909 1200 2948 ad
1241 2900 1381 2958 αξιον
1422 2899 1627 2948 ἀκοῦσαι
1675 2905 1806 2946 intell.
1851 2897 1992 2957 ἐστίν,

1146 2977 1253 3014 quae
1284 2964 1456 3004 omissio
1489 2970 1553 3003 est
1573 2963 1679 3003 adeo
1710 2961 1991 3012 frequentata,

1145 3029 1189 3061 ιιι
1229 3020 1538 3074 propemodum
1581 3019 1766 3072 legitima
1814 3017 1994 3057 iudicari

1143 3077 1307 3118 debeat.
1349 3076 1631 3117 Nihilominus
1662 3087 1711 3114 ea
1740 3075 1904 3128 peperit
1927 3086 1991 3114 er-

1143 3146 1295 3185 rorem,
1326 3133 1378 3174 de
1407 3145 1490 3185 quo
1520 3133 1564 3172 in
1584 3138 1727 3172 annot.
1749 3131 1894 3171 critica
1915 3141 1991 3170 ex-

1141 3191 1378 3243 posuimus.

1198 3275 1243 3314 B.
1277 3270 1342 3316 τὰ
1375 3267 1468 3316 ἐπὶ
1499 3272 1600 3328 τῆς
1637 3270 1738 3327 γῆς
1765 3264 1877 3312 ὑπὸ
1920 3267 1990 3326 τῷ

1140 3324 1364 3387 οὐρανῷ
1405 3322 1566 3382 ὄντα]
1594 3341 1676 3369 res
1708 3339 1838 3379 quae
1868 3334 1991 3367 sunt

1139 3373 1740 3428 incoelestibusterrae
1763 3395 1991 3436 regioni

1142 3445 1249 3486 bus.
