2158 3718
261 152 369 206 268
990 150 1312 195 PLATole

265 293 444 346 δεῖται
481 290 584 361 οὐχ
620 289 767 361 ὑπὲρ
806 294 907 344 τοῦ
946 290 1157 361 χρόνου
1194 289 1400 344 τούτου
1437 291 1635 360 μόνον,
1677 291 1741 344 ἐν
1768 282 1812 361 ᾦ
1837 293 2055 344 καλοῦ»

263 397 369 447 μεν
405 374 468 430 τὸ
507 380 632 446 ζῆν,
673 375 799 430 ἀλλ’
838 374 982 444 ὑπὲρ
1020 377 1122 427 τοῦ
1159 374 1395 444 παντός’,
1435 376 1528 428 καὶ
1567 373 1596 428 ὁ
1635 374 1904 437 κίνδυνος
1938 377 2059 427 νῦν

266 460 335 531 δὴ
385 462 478 515 καὶ
525 460 740 524 δόξειεν
787 459 859 513 ἂν
906 457 1091 520 δεινὸς
1129 454 1300 527 εἶναι,
1352 463 1408 512 εἴ
1436 480 1518 522 τις
1555 457 1730 528 αὐτῆς
1765 454 2051 528 ἀμελήσει-

267 547 318 599 εἰ
351 546 456 615 μὲν
494 543 601 614 γὰρ
639 537 711 613 ἦν
750 542 1054 605 ἀθάνατος
1078 545 1181 595 τοῦ
1220 541 1429 606 παντὸς
1466 543 1780 612 ἀπαλλαγή,
1819 542 2058 612 ἕρμαιον

265 627 338 683 ἂν
375 623 449 698 ἧν
486 638 601 691 τοῖς
640 637 833 689 κακοῖς
858 625 1217 680 ἀποθανοῦσι
1242 631 1344 681 τοῦ
1369 647 1428 681 τε
1455 628 1707 698 στόματος
1733 626 1846 696 ἅμα
1871 624 2052 695 ἀπηλ-

267 714 474 782 λάχθαι
513 713 605 765 καὶ
642 715 740 780 τῆς
777 709 970 764 αὐτῶν
1007 713 1205 774 κακίας
1240 709 1378 781 μετὰ
1423 715 1520 781 τῆς
1564 715 1771 781 ψυχῆς·
1837 714 1950 764 νῦν
1989 709 2054 763 δὲ

267 795 460 866 ἐπειδὴ
506 793 790 859 ἀθάνατος
835 797 1097 865 φαίνεται
1143 789 1316 865 οὖσα,
1376 793 1612 865 οὐδεμία
1656 794 1728 849 ἂν
1779 801 1862 865 εἴη
1910 793 2057 863 αὐτῇ

269 881 411 950 ἄλλη
450 878 717 949 ἀποφυγὴ
756 884 967 949 κακῶν,
1007 879 1141 934 οὐδὲ
1179 883 1445 949 σωτηρία,
1484 877 1634 949 πλὴν
1670 884 1773 933 τοῦ
1811 877 1886 942 ὥς
1921 881 2053 947 βελ-

265 969 460 1035 τίστην
496 983 556 1019 τε
593 965 686 1018 καὶ
725 965 1160 1034 φρονιμωτάτην
1196 965 1481 1033 γενέσθαι.
1559 962 1730 1017 οὐδὲν
1766 961 1876 1032 γὰρ
1914 962 2058 1016 ἄλλο

266 1053 472 1119 ἔχουσα
513 1051 589 1112 εἰς
621 1047 820 1102 ’Ἅιδου
856 1047 890 1118 ἡ
938 1047 1088 1118 ψυχὴ
1127 1051 1345 1119 ἔρχεται
1383 1046 1532 1118 π’λήν
1570 1049 1959 1118 τῆςπαιδείας
1994 1065 2058 1098 τε

267 1137 360 1188 καὶ
398 1138 638 1205 τροφῆς,
687 1131 722 1186 ὁὶ
768 1131 837 1203 δὴ
886 1133 980 1186 καὶ
1026 1135 1257 1202 μέγιστα
1306 1133 1523 1201 λέγεται
1562 1131 1805 1203 ω’φελεῖν
1839 1130 1877 1201 ἢ
1915 1129 2061 1199 βλά-

266 1222 428 1273 πτειν
447 1216 548 1272 τὸν
573 1218 986 1290 τελευτήσαντα
1014 1215 1190 1280 εὐθύς
1215 1217 1278 1271 ἐν
1304 1216 1446 1288 ἀρχῇ
1473 1222 1570 1287 τῆς
1597 1218 1779 1271 ἐκεῖσε
1805 1217 2057 1285 πορείας.

381 1392 429 1435 Β.
462 1383 545 1432 ἐν
561 1405 596 1447 ῳ
636 1388 949 1443 καλοῦμεν]
994 1383 1046 1431 ἐν
1076 1379 1201 1446 ᾧπερ
1232 1389 1360 1430 Coisl.
1383 1391 1481 1432 Vat.
1502 1389 1633 1429 Vind.
1657 1388 1696 1429 Φ
1725 1388 1818 1430 Par.
1842 1387 1877 1429 G
1907 1387 2054 1429 Ambr.

265 1447 416 1488 Paullo
446 1456 544 1487 ante
574 1448 688 1499 quod
715 1448 845 1499 vulgo
867 1447 1059 1487 additum
1082 1434 1303 1498 iegebatur
1325 1454 1422 1500 post
1445 1444 1576 1499 εἴπερ
1596 1439 1625 1499 ἡ
1649 1438 1781 1498 ψυχὴ
1805 1436 2062 1490 ἀθάνατος

266 1506 443 1545 verbum
469 1496 614 1556 ἐστιν,
639 1504 861 1544 omisimus
885 1515 938 1542 ex
959 1505 1207 1543 auctoritate
1229 1503 1349 1542 Bodl.
1376 1516 1437 1555 Ρι.
1460 1504 1567 1544 Tub.
1590 1504 1702 1554 Aug.
1725 1501 1833 1545 ven.
1857 1499 1990 1553 Hpr.
2018 1506 2058 1539 et

267 1561 424 1601 ΛΡΜ.
449 1558 687 1601 ACEHIL
717 1560 828 1602 Flor.
849 1560 920 1600 ab
943 1560 1064 1598 cim
1094 1559 1211 1599 Stob.
1235 1560 1385 1600 Iambli
1389 1558 1452 1598 <mh

383 1620 670 1681 δόξειεν
639 1643 708 1670 αν
729 1621 928 1677 δεινὸς
954 1624 1128 1681 εἶναι]
1151 1630 1204 1671 V.
1227 1621 1468 1681 ὃόξειεν““
1438 1643 1499 1670 αν
1519 1622 1724 1682 μάλιστα
1747 1618 1920 1674 δεινός,
1943 1625 2059 1681 quod

269 1701 290 1727 e
313 1684 588 1729 Bod1.Cois1.
615 1687 722 1729 Ve'n.
749 1685 1142 1729 AHTubAmbr.
1163 1686 1293 1728 Vind.
1317 1686 1355 1727 Φ
1386 1687 1479 1727 Par.
1508 1683 2010 1751 GEGHILAugAE10n
2033 1693 2058 1720 a

266 1745 295 1784 b
317 1756 339 1782 c
361 1744 375 1782 i
405 1750 628 1788 mutatum.
670 1745 716 1782 In
738 1744 835 1784 Vat.
867 1751 930 1783 est
958 1735 1164 1794 μαλιστα
1195 1736 1384 1808 δόξειεν
1414 1731 1474 1783 ‹322›
1496 1740 1539 1783 ἃ.
1580 1741 1682 1782 Mox
1702 1733 1930 1794 αμελησει
1951 1739 2062 1779 Tub

267 1798 758 1841 Ven.111amb1ich.et
780 1799 1005 1842 Stobaeus.
1048 1800 1163 1839 Vett.
1189 1800 1304 1842 editt
1337 1791 1607 1851 ἀμελήσειε.

384 1849 578 1896 αὐτῶν
598 1854 824 1907 κακιάς]
847 1849 1007 1896 αὐτῶν
1028 1855 1151 1894 Turio
1131 1874 1166 1896 .
1191 1856 1322 1902 1nale;
1345 1855 1399 1899 cs
1421 1868 1463 1908 p.
1488 1856 1541 1895 63
1565 1856 1617 1894 A.

382 1926 432 1969 D
467 1922 567 1966 καὶ
607 1921 848 1979 τροφῆς]
895 1923 1023 1967 Coisl
1059 1926 1101 1964 P
1094 1939 1152 1967 u·
1178 1923 1211 1964 G
1246 1922 1330 1966 καὶ
1367 1918 1658 1978 φρονήσεως,
1696 1923 1811 1975 quod
1843 1922 2059 1975 glossema

268 1983 448 2093 sapiam}
452 1994 628 2104 γᾶιῃσῃτα
651 2024 884 2104 λέγεται
908 2033 1028 2090 aha]
1056 2037 1125 2078 Sic
1147 2037 1268 2080 Bodl.
1293 2037 1402 2079 ven.
1425 2035 1528 2084 ΞΠ
1547 2036 1643 2077 Zitt.
1663 2035 1796 2077 Vind.
1824 2034 1877 2077 T.
1919 2033 2058 2087 Lege·

267 2096 407 2135 batur
418 2092 605 2149 λέγεται
625 2090 824 2148 μέγιστα
845 2087 1067 2146 ὠφελεῖν.

1210 2235 1412 2274 Futurum
1429 2239 1527 2288 post
1548 2233 1799 2287 optativum.
1818 2245 1858 2275 v.
1877 2230 1919 2271 M
1931 2235 1980 2271 at
1992 2229 2060 2271 th.

1210 2292 1248 2342 ἕ.
1275 2292 1437 2332 524.1.
1468 2287 1953 2340 Rost.§.121.8Aa.

269 2234 455 2289 πρῶται
477 2225 756 2286 ὑποθέσεις,
772 2234 915 2275 disces
939 2247 992 2275 ex
1012 2235 1120 2288 Rep.

270 2293 344 2339 VI,
368 2292 503 2334 ubiv.
528 2293 706 2344 Augum.
730 2304 773 2344 p.
798 2291 855 2332 16
877 2303 940 2341 sq

317 2347 432 2413 Cap.
455 2348 585 2390 LVII.
589 2323 654 2390 DC.
689 2336 1124 2414 ἐνῷκαλοῦμεν

271 2397 331 2445 τὸ
355 2401 474 2458 ζῆν]
500 2404 527 2446 i.
551 2417 586 2446 e.
610 2396 661 2445 ε’ν
683 2393 718 2444 ὦ
742 2390 895 2445 ἔνεστι
918 2402 1072 2452 τοῦτο,
1097 2394 1123 2443 ὃ

269 2459 513 2513 καλοῦμεν
553 2453 606 2501 τὸ
649 2447 757 2513 ζῆν,
806 2461 856 2500 in
906 2473 1003 2511 quo
1045 2469 1125 2500 est,

271 2517 409 2568 quod
432 2517 589 2556 vltam
614 2517 852 2559 dicimus.
874 2517 996 2559 Hom.
1017 2517 1065 2558 Il.
1083 2517 1121 2556 λ.

271 2574 353 2613 757
388 2569 472 2613 καὶ
506 2565 734 2613 Ἀλεισίου
776 2567 902 2614 ἔνθα
937 2569 1121 2640 κολώνη

266 2625 517 2694 κέκληται.
539 2628 662 2669 Pind
685 2628 806 2671 Nem.
830 2629 905 2670 IX.
930 2631 983 2670 97
1008 2624 1100 2670 ἔνθ

266 2678 422 2735 Ἀρέας
442 2678 591 2737 πόρον
615 2676 868 2751 ανθρωποι
891 2680 1122 2725 καλέοισι

273 2739 406 2804 Soph
431 2740 530 2781 Oed.
553 2740 600 2782 T
626 2741 733 2781 1452
756 2735 881 2781 ἔνθα
903 2733 1123 2793 κλῄζεται

271 2788 420 2851 οὑμὸς
449 2790 719 2860 Κιθαιρών
768 2796 1123 2839 Xen.Hist.(i1.

270 2853 325 2892 V.
358 2853 481 2902 1,10
512 2847 637 2892 ἔνθα
668 2844 697 2904 ἡ
733 2851 1003 2905 Τριπυργία
1039 2865 1124 2892 κα-

274 2908 443 2960 λεῑται,
466 2908 555 2948 ubi
586 2916 666 2947 est
695 2920 827 2958 quae
854 2907 1125 2973 Τριπυργία
1162 2957 1165 2960 ⁴

271 2972 507 3004 vocatur.
540 2962 696 3007 oecon
721 2964 793 3007 IV.
817 2957 990 3015 ὃπλὴν
1011 2958 1123 3011 τούς

273 3013 326 3061 ἐν
354 3023 461 3067 ταῖς
489 3011 820 3072 ακροπόλεσιν,
853 3015 979 3061 ἔνθα
1009 3014 1070 3073 δὴ
1092 3034 1116 3061 ο

273 3069 500 3130 σύλλογος
534 3076 767 3119 καλεῖται.
828 3077 954 3116 Plura
994 3075 1122 3116 habet

272 3132 650 3185 Wyttenbach.
674 3131 791 3174 adh.
813 3132 839 3174 l
863 3154 915 3161 —-
938 3132 999 3172 De-
1022 3146 1121 3173 stn-

273 3190 406 3229 tentia
428 3187 483 3230 cf.
510 3188 573 3227 De
595 3190 699 3257 Rep.
720 3187 775 3231 X.
801 3201 843 3241 p.
869 3189 951 3229 608
975 3187 1006 3229 C
1027 3188 1122 3236 πᾶς

274 3238 364 3299 γὰρ
393 3234 535 3293 οὗτός
563 3257 616 3300 γε
649 3258 674 3287 ο
706 3238 757 3286 ἐκ
787 3238 964 3292 παιδὸς
986 3258 1041 3297 με
1022 3242 1121 3310 'xpc

271 3295 542 3367 πρεσβύτου
609 3294 798 3365 χρόνος
844 3294 978 3365 πρὸς
1023 3315 1122 3342 τον

271 3351 463 3399 πάντα
506 3350 664 3412 ὀλίγος
703 3349 798 3398 πού
839 3371 911 3405 τις
947 3347 1010 3398 ἂν
1047 3356 1120 3411 εἴη

273 3427 315 3454 κ.
341 3428 378 3455 τ.
405 3414 442 3456 λ,
467 3419 507 3453 et
529 3414 680 3455 618Β.

333 3469 390 3512 εἴ
403 3507 406 3510 .
431 3483 530 3518 »τις
580 3463 761 3524 αὐτῆς
813 3463 1119 3524 ἀμελήσει]

1267 2346 1368 2389 τοῦ
1434 2341 1654 2394 παντὸς
1721 2337 2058 2398 απαλλαγή]

1211 2403 1255 2444 h.
1297 2417 1333 2447 e.
1374 2405 1435 2443 ab
1486 2403 1727 2444 omnibus
1769 2401 2062 2447 discessio

1212 2473 1311 2501 non
1335 2460 1505 2500 solum
1528 2470 1806 2524 aeorpore.
1819 2456 1874 2500 ef.
1885 2456 2057 2497 Theaet.

1211 2530 1254 2570 p.
1294 2518 1387 2557 176.
1441 2517 1548 2558 Voo
1591 2508 1849 2569 απαλλαγή
1887 2513 2059 2553 ductum

1211 2579 1274 2612 est
1295 2574 1347 2613 ab
1369 2565 1764 2613 απαλλοὶττεσθαι
1793 2570 1924 2610 verbo
1957 2580 2059 2622 pas

1212 2630 1328 2678 siv‚o
1373 2642 1455 2668 non
1497 2629 1550 2668 ab
1593 2619 1928 2668 ἅπαλλαττειν.
1989 2623 2060 2665 sie

1210 2685 1313 2724 illud
1335 2684 1588 2747 capiendum
1612 2684 1674 2723 De
1689 2683 1801 2747 Rep.
1825 2678 1884 2724 X.
1914 2694 1955 2734 p.
1977 2682 2065 2721 610

1210 2741 1243 2779 D
1273 2732 1527 2793 απαλλαγή
1559 2753 1650 2792 γαρ
1681 2753 1742 2780 αν
1772 2735 1845 2791 εἴη
1882 2735 2058 2778 κακῶν.

1211 2797 1315 2836 lbid.
1358 2796 1432 2838 IX.
1474 2808 1516 2848 p
1553 2797 1636 2836 584
1659 2793 1691 2836 C
1732 2792 1894 2836 λυπῶν
1934 2805 2063 2840 τινες

1211 2845 1504 2905 απαλλαγαί.
1527 2851 1640 2894 Prot.
1665 2864 1707 2904 p.
1727 2850 1874 2892 3543.
1904 2848 2060 2891 Aesch.

1214 2909 1350 2952 Prom.
1381 2910 1480 2949 316.
1510 2909 1606 2950 754,
1649 2909 1747 2948 Eur.
1780 2905 1946 2947 Heracl.
1977 2906 2063 2947 586

1210 2966 1262 3007 al.
1300 2985 1356 2994 -—
1392 2959 1605 3031 ε’ρμαιον
1625 2965 1731 3004 inter
1765 2970 1852 3003 rete
1891 2961 2061 3003 Scho-

1212 3021 1376 3060 liasta
1407 3027 1470 3060 est
1496 3016 1548 3061 τὸ
1576 3033 1724 3076 απρος
1761 3013 1935 3086 όκητον
1955 3015 2060 3070 κέρ-

1210 3075 1315 3124 ὃος·
1340 3069 1435 3117 ἀπὸ
1458 3075 1552 3118 τῶν
1573 3069 1624 3119 ἐν
1644 3079 1750 3142 ταῖς
1771 3069 1906 3123 ὁδοῖς
1926 3075 2062 3116 τιθε-

1209 3130 1365 3187 μένων
1385 3126 1631 3187 ἀπαρχῶν,
1661 3147 1719 3181 ας
1741 3128 1791 3174 οἷ
1807 3126 2060 3198 ὁδοιπόροι

1209 3189 1547 3231 κατεσθίουσι·
1577 3183 1757 3236 ταύτας
1785 3183 1839 3230 δὲ
1870 3186 1933 3244 τῷ
1959 3180 2061 3236 Ερ-

1209 3245 1272 3299 μῇ
1297 3259 1414 3299 αφιε
1447 3245 1584 3288 οὖσιν
1601 3259 1664 3294 ως
1684 3237 1788 3287 ὄντι
1809 3232 1914 3286 καὶ
1909 3237 2063 3294 τούτῳ

1211 3295 1283 3343 ἑνὶ
1304 3301 1399 3344 τῶν
1418 3260 1621 3345 Ξνοὸίων
1642 3300 1790 3343 θεῶν.
1802 3315 1842 3340 v.
1854 3288 2057 3341 Ruhnk'

1210 3359 1263 3398 ad
1290 3359 1397 3402 Tim.
1428 3372 1471 3413 p.
1495 3360 1590 3399 121.
1619 3379 1677 3387 —
1703 3357 1850 3397 Paullo
1880 3354 2062 3395 inferius

1210 3409 1366 3469 τροφή
1394 3428 1470 3469 per
1496 3413 1787 3468 metaphoram
1825 3411 1978 3452 dieitur
2008 3411 2061 3451 de

1210 3473 1469 3512 nutrimento
1511 3478 1551 3511 et
1598 3469 1755 3524 pabulo
1805 3469 2060 3517 animorum,
