2158 3718
473 107 1227 199 SYMPoslUM.p.'198
1264 132 1336 181 st.
1670 136 1767 184 ιιι

209 272 349 354 Cap.
394 272 535 330 XX.
620 273 900 341 Εἰπόντος
943 278 1000 331 δὲ
1026 277 1127 331 τοῦ
1163 273 1511 347 Ἀγάθωνος,
1555 276 1772 344 πάντας
1812 280 1915 327 198

84 365 193 437 ἔφη
255 357 285 416 ὁ
341 357 734 431 Ἀριστόδημος
787 358 1228 432 άναθορυβῆσαι
1285 356 1419 424 τοὺς
1475 358 1774 434 παρόντας,

86 442 161 509 ῶς
220 440 543 515 πρεπόντως
597 446 699 499 τοῦ
759 449 1048 500 νεανίσκου
1107 442 1391 515 εἰρηκότος
1455 446 1549 498 καὶ
1620 443 1773 516 αὐτῷ

87 531 181 584 καὶ
225 529 303 597 τῷ
349 529 491 597 θεῷ.
535 524 635 583 τὸν
680 519 780 583 οὗν
823 528 1106 600 Σωκράτη
1153 535 1321 584 ειπεῖν
1361 531 1649 603 βλέψαντα
1700 536 1775 595 εις

86 609 194 668 τὸν
228 610 610 682 Ἐρυξίμαχον,
639 605 786 684 Ἀρά
831 631 920 669 σοι
946 616 1105 679 δοκῶ,
1149 612 1342 688 φάναι,
1386 604 1426 667 ὦ
1454 623 1556 667 παῖ
1578 611 1770 668 Ἀκου-

85 697 270 768 lamii,
313 691 483 760 α’δεὲς
521 695 695 752 πάλαι
741 700 859 762 δέος
903 700 1149 761 δεδιέναι,
1193 695 1317 751 αλλ’
1372 695 1439 752 οὐ
1482 700 1774 768 μαντικῶς,

87 776 275 835 ἂνῦν
331 775 401 846 δὴ
461 783 678 849 ἔλεγον,
735 787 903 836 εἰπεῖν
921 822 934 847 ,
993 777 1080 836 ὅτι
1116 780 1385 851 Ἀγάθων
1430 783 1774 853 θαυμαστῶς

87 868 234 935 έροῖ,
293 860 393 930 ἐγώ
452 863 502 918 δ’
566 863 939 936 ἀπορήσοιμις
1031 861 1109 920 Τὸ
1168 867 1269 936 μὲν
1316 870 1534 936 ἕτερον,
1589 864 1774 940 φάναι

88 944 191 1002 τὸν
225 945 616 1019 Ἐρυξίμαχον,
681 952 955 1020 μαντικῶς
996 971 1093 1047 μοι
1135 952 1309 1013 δοκεῖς
1352 955 1636 1019 εἰρηκέναι,
1683 946 1773 1005 ὅτι

85 1030 352 1101 Ἀγάθων
416 1053 473 1086 ευ
533 1038 664 1103 ἐρεῖ·
729 1030 792 1087 τὸ
840 1036 895 1087 δὲ
941 1036 998 1087 σὲ
1042 1031 1381 1106 απορήσειν,
1447 1031 1547 1086 οὐκ
1597 1029 1769 1103 οἶμαι.

89 1117 209 1170 Καὶ
255 1117 414 1179 πῶς,
442 1107 482 1169 ὦ
526 1114 795 1188 μακάριε,
839 1123 1008 1172 ειπεῖν
1051 1113 1152 1171 τὸν
1195 1115 1494 1188 Σωκράτη,
1537 1114 1601 1182 m)
1646 1121 1772 1187 μέλ·
1826 1117 1866 1165 Β

89 1201 164 1253 λω
204 1195 442 1268 ἀπορεῖν
484 1203 577 1254 καὶ
620 1199 720 1269 ἐγώ
765 1203 884 1254 καὶ
879 1197 1067 1264 ἄλλος
1106 1198 1385 1265 ὁςτιςοῦν,
1438 1203 1646 1268 μέλλων
1687 1204 1773 1256 λέ·-

90 1282 200 1350 ξειν
241 1279 382 1353 μετὰ
419 1280 599 1359 ,καλὸν
643 1281 787 1339 οὕτω
833 1286 924 1339 καὶ
966 1280 1333 1339 παντοδαπὸν
1359 1280 1526 1353 λόγον
1558 1281 1772 1357 ῥηθέν-

38 1387 48 1404 ‘
91 1387 195 1433 τοις
234 1368 329 1422 καὶ
369 1364 440 1422 τὰ
479 1369 582 1438 μὲν
625 1363 770 1423 ἄλλα
814 1366 915 1440 οὐχ
958 1365 1159 1441 ὁμοίως
1184 1370 1285 1440 μὲν
1312 1368 1653 1439 θαυμαστά·
1703 1365 1768 1424 τὸ

203 1530 258 1574 P.
291 1528 386 1574 198.
446 1523 480 1572 ῶ
510 1535 606 1572 παῖ
638 1530 990 1588 Ἀκουμενοῦ]
1026 1531 1285 1586 ’Λκουμένου
1324 1533 1457 1575 Coisi.
1483 1531 1579 1573 Vat.
1592 1528 1644 1575 A.
1663 1531 1770 1574 Ven-

92 1586 129 1628 Ξ
127 1586 272 1630 ..Par
295 1587 347 1631 E.
378 1592 486 1642 Ang.
499 1601 539 1631 u.
552 1602 602 1631 w,
623 1589 717 1632 Vat.
730 1602 770 1632 n.
781 1602 816 1633 r.
830 1603 865 1630 s.
885 1589 1001 1633 Fior
1014 1604 1052 1633 a.
1067 1590 1110 1632 b.
1126 1603 1163 1633 c.
1177 1591 1204 1633 i.
1220 1590 1344 1642 ‚sed
1377 1590 1464 1634 vid.
1493 1588 1549 1630 ad
1582 1589 1769 1634 Pbaedr.

92 1645 150 1686 in.
181 1650 226 1687 et
253 1657 383 1700 supra
409 1659 450 1700 p.
486 1644 580 1690 176.
613 1651 664 1689 A.

215 1707 552 1757 θαυμαστῶς
580 1705 724 1758 ἐροῒ]
765 1700 814 1745 V.
847 1704 956 1758 ἐρεῖ,
990 1703 1105 1756 quod
1136 1717 1160 1744 e
1190 1702 1314 1745 Bodl.
1340 1703 1468 1746 Coisl.
1487 1703 1582 1745 Vat.
1595 1699 1635 1745 A
1666 1703 1773 1747 Ven.

99 1758 148 1804 Ξ.
169 1759 291 1803 Vind.
314 1760 350 1803 1.
358 1758 400 1803 2.
415 1760 456 1804 7.
477 1760 574 1802 Par.
591 1761 692 1803 DK.
714 1765 822 1813 Aug.
838 1774 878 1802 ιι.
893 1774 939 1802 w.
957 1760 1074 1803 Flor.
1085 1762 1122 1801 b
1136 1761 1164 1803 i.
1196 1766 1421 1804 mutatum.
1479 1759 1639 1830 lisdem
1679 1759 1772 1802 fere

90 1817 212 1860 libris
245 1816 428 1860 debetur
455 1818 572 1871 quod
606 1817 757 1860 deinde
787 1831 866 1872 pro
900 1831 936 1861 v.
968 1816 1184 1873 ἀπορήσαι
1186 1835 1236 1871 μι
1267 1818 1462 1860 dedimus
1490 1816 1773 1872 ἀπορήσοιμι.

205 1890 303 1930 μοι
333 1874 508 1922 δοκεῖς
540 1875 845 1932 εἰρηκέναι]
881 1892 961 1929 μοι
992 1877 1064 1916 dou
1045 1881 1127 1920 κεῖς
1159 1876 1253 1917 vat.
1270 1875 1324 1918 A.
1362 1874 1485 1916 vind.
1497 1874 1536 1918 2.
1556 1874 1655 1915 Par.
1668 1874 1771 1919 DK.

90 1934 201 2033 3¹¹&
213 1941 263 1975 w.
285 1932 376 1974 Vat
390 1946 430 1987 p.
491 1938 603 1975 Ante
634 1933 819 1976 Bekker.
852 1933 1074 1987 legebatur
1106 1933 1240 1981 δοκεῖς
1269 1948 1348 1987 μοι
1386 1933 1465 1989 elq-
1525 1931 1635 1973 Dein
1672 1931 1773 1975 Bas.

120 2021 132 2032 .
162 2005 248 2030 απο
279 1987 429 2042 η’σειεν.

207 2005 276 2088 BQ
321 2049 492 2089 εἰπεῖν
521 2064 578 2088 το
593 2064 614 2087 ν
643 2046 941 2101 Σωκράτη]
977 2047 1052 2088 Sic
1076 2047 1208 2088 Coisl.
1238 2046 1400 2089 Veni.
1427 2045 1635 2088 Pin-,DE
1662 2047 1774 2100 Ang.

91 2117 141 2145 w.
165 2103 311 2145 Vat.s.
345 2104 463 2147 Flor.
485 2105 662 2146 b.c.i.n.
697 2106 814 2147 Vett.
849 2106 970 2146 editt.
1001 2103 1264 2157 Σωκράτην,
1308 2102 1423 2157 quod
1457 2103 1606 2145 iniuria
1635 2105 1771 2145 tenuit

92 2161 281 2204 Bekker.
341 2161 447 2203 Mox
477 2161 610 2205 Coisl.
646 2162 892 2209 Paris.EF.
911 2164 1075 2216 Ang.u.
1102 2161 1246 2204 Vat.n.
1260 2175 1294 2204 r.
1308 2175 1342 2204 s.
1359 2160 1524 2203 Flor.a.
1539 2161 1626 2204 [ιο.
1642 2161 1667 2204 ἰ.
1699 2161 1770 2202 καὶ

93 2217 375 2259 παντοδαπὸν
409 2216 524 2261 οὕτω
554 2218 700 2274 λόγον.
1109 2268 1112 2270 ¹

205 2274 303 2327 οὐχ
352 2274 552 2328 ὁμοίως
597 2280 690 2331 μὲν
740 2276 939 2328 aava]
979 2279 1053 2327 μὲν
1092 2289 1176 2317 om.
1220 2275 1406 2318 Bekker.
1448 2287 1543 2316 cum
1585 2274 1690 2316 Ven.
1722 2274 1770 2319 Ξ.

94 2332 216 2374 Vind.
250 2332 292 2376 2.
360 2333 457 2387 Ego
509 2346 619 2375 nunc
661 2334 914 2376 servandum
962 2334 1078 2375 duxi.
1138 2332 1284 2374 Habet
1324 2333 1433 2374 enim
1478 2331 1770 2374 defensionem

97 2403 151 2431 ex
182 2403 235 2431 eo
266 2397 481 2444 paratam,
521 2391 635 2444 quod
677 2391 729 2431 τὰ
769 2395 845 2444 μὲν
881 2391 990 2431 ἄλλα
1034 2391 1165 2444 accipi
1199 2395 1344 2443 potest
1375 2391 1572 2446 absolute
1604 2404 1680 2443 pro
1718 2396 1772 2431 et

95 2446 238 2501 qnod
278 2452 467 2490 cetera
505 2448 713 2501 quidem
753 2449 980 2500 attinet3
1026 2461 1110 2501 quo
1141 2448 1255 2488 facto
1291 2460 1374 2493 non
1405 2449 1548 2501 inepte
1578 2449 1774 2501 pergitur

97 2558 246 2606 ἀδεὲς
285 2561 471 2609 δέδιας
516 2561 636 2607 δέος
666 2559 898 2616 λεγόμενόν

96 2634 143 2659 τι
170 2619 284 2659 ἔστιν
321 2618 389 2659 ἐπὶ
429 2623 514 2660 τῶν
554 2618 607 2660 τὰ
638 2618 696 2672 μὴ
733 2617 896 2672 φοβερὰ

97 2678 388 2731 φοβουμένων.
410 2700 468 2707 ——
506 2675 671 2716 πάλαι
701 2689 811 2718 nunc
830 2681 898 2717 est

98 2738 279 2775 antea.
341 2733 450 2776 Nam
482 2734 607 2776 etiarn
628 2733 681 2776 de
701 2734 898 2775 breviore

982 2560 1219 2614 gnificat
1248 2575 1383 2603 nunc
1413 2559 1772 2628 igitur-quam

977 2629 1117 2659 nunc
1176 2633 1286 2661 cum
1345 2618 1598 2668 maxime,
1667 2618 1774 2660 iam

978 2690 1135 2718 nunc·
1178 2676 1220 2717 id
1252 2677 1399 2719 nescio
1430 2689 1505 2717 cur
1534 2688 1618 2717 non
1648 2676 1775 2718 intei-

981 2734 1133 2775 lexerit
1181 2733 1456 2784 Bremius4
1512 2734 1583 2786 qui
1630 2739 1772 2777 annot.

98 2790 312 2844 temporis
342 2792 566 2833 intervailo
597 2803 748 2833 vocem
771 2802 896 2832 usur:-
981 2789 1034 2831 ad
1084 2790 1280 2833 Aeschin.
1333 2791 1387 2832 de
1433 2790 1526 2832 fais.
1565 2792 1693 2844 legat.
1734 2804 1777 2844 p.

96 2848 188 2900 pari
218 2852 402 2899 constat,
437 2861 475 2889 v.
508 2849 561 2889 ad
594 2850 780 2902 Apolog.
813 2848 900 2889 So·-

99 2907 204 2946 crat.
225 2917 264 2955 p·
291 2903 355 2947 18.
377 2904 429 2945 Β.
480 2905 728 2959 Respicitur
754 2910 898 2946 autem

99 2958 153 3001 ad
181 2972 276 3012 cap.
306 2959 442 3002 XVII.
470 2974 510 3014 p.
536 2961 629 3005 194.
667 2968 733 3013 Α.,
768 2974 899 3013 quor-

101 3028 194 3057 sum
225 3015 451 3059 referenda
477 3023 577 3059 sunt
606 3019 734 3059 verba
765 3015 792 3057 δι’
825 3021 901 3057 νῦν

100 3073 151 3125 δὴ
187 3075 343 3128 ἔλεγον,
383 3074 411 3115 ἰ.
447 3087 484 3115 e.
516 3074 600 3129 πρὸ
625 3074 791 3130 ὀλίγου,
822 3073 901 3128 ἀρ·

99 3132 215 3177 τίως.
278 3130 373 3172 Dixi
392 3130 610 3184 copiosius
641 3131 695 3173 de
721 3133 898 3172 vocula-

101 3200 196 3230 rum
218 3192 293 3228 νῦν
314 3187 365 3240 δὴ
388 3200 466 3229 usu
496 3188 550 3230 ad
573 3189 734 3230 Phileb.
752 3202 778 3242 p
820 3187 898 3233 105

102 3257 216 3298 sqq„
229 3245 301 3287 ubi
320 3245 435 3299 quod
451 3246 629 3300 scripsi:
662 3245 687 3286 d
705 3245 863 3299 eniqu
876 3258 900 3287 e

104 3314 220 3345 cum
281 3301 468 3344 futuro
535 3303 899 3356 compositum

103 3360 205 3413 (νῦν
234 3359 315 3415 δὴ)
355 3362 527 3404 multo
567 3360 788 3415 saepius
830 3360 902 3403 si-

979 2847 1080 2893 230.
1113 2848 1346 2890 narraverit
1387 2860 1456 2890 me
1498 2848 1667 2889 omnino
1699 2860 1776 2890 ne-

981 2917 1113 2958 gasse
1153 2909 1226 2947 νῦν
1257 2905 1306 2957 δὴ
1366 2919 1463 2947 cum
1502 2904 1643 2946 futuro
1684 2906 1776 2947 iun-

982 2967 1098 3002 ctum
1163 2975 1310 3004 nunc
1366 2975 1479 3004 cum
1539 2963 1776 3003 maxime

981 3028 1160 3070 usquam
1192 3020 1440 3074 significare.

1042 3075 1094 3117 B.
1133 3077 1221 3117 καὶ
1251 3075 1619 3128 παντοδαπὸν]
1649 3075 1778 3115 Mul-

983 3132 1230 3186 tipiicem
1264 3140 1390 3175 vocat
1414 3133 1645 3186 Agathonis
1676 3144 1774 3172 ora-

982 3190 1167 3242 tionem,
1215 3192 1374 3245 quippe
1423 3202 1534 3242 quae
1582 3187 1776 3228 videatur

983 3247 1124 3288 omnia
1162 3249 1356 3302 attigisse
1408 3253 1450 3288 et
1497 3245 1775 3299 percurrisse,

982 3316 1092 3357 quae
1131 3305 1183 3347 ad
1229 3306 1396 3347 laudem
1436 3303 1605 3343 Amoris
1643 3302 1775 3355 perti-

983 3366 1123 3404 neant.
1182 3362 1290 3405 Dein
1311 3361 1540 3404 cohaerent
1565 3358 1614 3400 τὸ
1638 3360 1683 3401 δὲ
1704 3359 1778 3400 ἐπὶ
