2158 3718
363 187 437 240 24
982 172 1404 238 rum-oms

369 327 472 397 ὃοίς
514 350 570 388 τε
614 331 764 407 σφᾶς
807 327 1179 396 ποιήσασθαι
1210 333 1303 386 καὶ
1346 327 1597 403 ᾄσαντας
1637 327 1740 387 τὸν
1781 329 1927 388 θεὸν
1968 337 2061 390 καὶ

369 409 550 471 ’τᾶλλα
609 412 678 471 τὰ
737 410 1070 486 νομιζόμενα
1136 418 1446 487 τρέπεσθαι
1513 410 1655 486 πρὸς
1715 411 1820 473 τὰν
1870 414 2063 474 πότον.

373 497 474 566 τὰν
522 490 623 556 οὖν
663 501 999 554 Παυσανίαν
1057 499 1160 574 ἔφη
1202 495 1373 568 λόγου
1431 498 1690 555 τοιούτου
1755 497 1909 566 τινὸς
1964 525 2066 558 κα-

370 604 613 657 ταρχειν.
699 580 855 648 Ειεν,
900 578 1122 653 ἄνδρες,
1182 580 1394 657 φάναι,
1438 588 1562 639 τίνα
1609 582 1821 684 τρόπον
1882 583 2063 661 ῥᾶσ-τα

370 666 663 741 πιόμεθα;
705 664 804 737 ἐγὼ
849 668 950 737 μὲν
994 658 1096 722 οὖν
1137 669 1268 735 λέ)ω
1308 664 1455 738 ὑμῖν,
1494 665 1580 723 ὅτι
1626 671 1702 739 τῷ
1749 664 1871 724 ὅντι
1914 668 2062 726 πάνυ

368 753 619 825 χαλεπῶς
662 754 757 822 ἔχω
801 747 910 806 ὑπὸ
959 753 1058 807 τοῦ
1097 753 1270 822 χθὲς
1300 749 1478 807 πότου
1534 754 1628 807 καὶ
1683 754 1871 825 δέομαι
1919 751 2064 810 α’να-

373 838 558 914 ψυχῆς
595 855 774 900 τινος,
819 833 975 907 οἶμαι
1018 837 1074 891 δὲ
1118 838 1211 890 καὶ
1254 832 1411 907 ὑμῶν’
1453 832 1584 902 τοὺς
1625 835 1892 903 πολλούς·
1954 860 2062 894 πα-

490 1056 544 1098 Ρ.
580 1056 674 1102 176.
732 1058 910 1115 ῥᾷστα
939 1056 1216 1109 πιόμεθα,
1210 1056 1240 1112 ·]
1273 1057 1322 1099 V
1356 1055 1510 1110 ἥδιστα
1541 1056 1774 1112 πιώμεθα;
1804 1058 1893 1100 Pro
1913 1057 2065 1111 ηδισῐα

374 1114 503 1156 Bodl.
534 1114 632 1157 vat.
663 1112 701 1157 A
752 1120 796 1156 et
825 1114 951 1156 codd
987 1114 1134 1168 reliqui
1183 1127 1333 1155 omnes
1363 1113 1530 1172 ῥᾷστα
1573 1120 1618 1156 ut
1661 1128 1760 1157 mox
1800 1116 1978 1158 iteratur
2007 1115 2063 1163 ὧς

373 1173 510 1229 ῥᾷστα
540 1173 750 1226 πίνοιμεν.
815 1172 882 1214 Ad
919 1185 1047 1226 quem
1088 1174 1228 1214 locum
1271 1172 1404 1214 schol.
1446 1173 1630 1230 ῥῖστα
1665 1171 1724 1213 τὸ
1770 1171 1966 1225 ἥδιστα
1997 1176 2063 1213 ἐν-

371 1232 528 1271 ταῦθα
575 1231 782 1282 σημαίνει.
853 1230 1007 1283 ltaque
1043 1229 1147 1271 illud
1188 1227 1344 1281 ἥδιστα
1381 1243 1434 1271 ex
1473 1231 1739 1283 glossemate
1777 1230 1946 1272 videtur
1982 1233 2062 1272 flu-

373 1287 506 1331 xisse.
565 1287 806 1340 Utrumque
837 1285 1013 1340 ἥδιστον
1047 1285 1117 1326 καὶ
1154 1286 1312 1344 ρᾷστον
1352 1287 1570 1328 coniunxit
1601 1287 1772 1340 Dionys.
1807 1287 1905 1330 Hal.
1940 1287 1994 1332 Τ
2029 1290 2060 1334 Ι,

374 1357 418 1414 p.
467 1343 533 1390 19.
574 1343 628 1385 ed
667 1344 819 1412 Rejsk.
857 1344 1104 1386 Doederlin.
1157 1330 1349 1398 Specim.
1392 1357 1489 1388 nov,
1531 1343 1632 1387 edit.
1672 1342 1875 1397 Sophocl.
1918 1359 1959 1414 p.
1993 1345 2061 1390 90.

375 1400 515 1469 ῥᾷστα
546 1401 761 1455 putabat
750 1415 792 1442 m
825 1401 952 1443 λῶστ’
988 1404 1068 1444 aut
1098 1398 1257 1455 ἄριστα
1287 1401 1538 1443 mutandum
1572 1414 1683 1443 esse.
1734 1402 1824 1444 Pro
1854 1401 2062 1458 πιώμεθα

316 1456 330 1463 ““
371 1446 577 1514 πιόμεθα
607 1460 816 1560 pyraebjnt
842 1444 970 1504 Bodl.
1010 1459 1111 1502 Par.
1151 1458 1256 1501 DK.
1289 1461 1398 1514 Ang.
1446 1472 1494 1503 w.
1525 1458 1622 1503 Vat.
1665 1472 1710 1513 p.
1740 1471 1783 1501 v.
1816 1459 1921 1504 Ven
1953 1465 1984 1503 t.
2018 1465 2063 1502 et

375 1531 430 1560 ex
461 1528 574 1558 corr.
645 1521 690 1558 at

489 1574 540 1616 Β.
604 1574 872 1629 παρῆστε]
906 1574 979 1615 Sic
1001 1571 1128 1616 Bodl.
1156 1573 1256 1616 Par
1291 1572 1344 1616 E.
1376 1571 1472 1614 Vat
1505 1585 1540 1616 s.
1570 1576 1620 1624 t.,
1647 1584 1778 1626 quam
1808 1574 2061 1629 scripturam

372 1631 502 1673 etiam
532 1631 601 1672 alii
631 1627 806 1673 firmant
835 1632 1040 1687 παρῆςθε
1072 1631 1153 1675 vel.
1193 1635 1412 1688 παρῆςται
1442 1630 1653 1685 scriptum
1669 1630 1935 1678 exhibentes.
1970 1633 2062 1676 Le-

372 1690 554 1743 gebatur
591 1692 692 1730 ante
724 1688 829 1730 Tur.
865 1693 1044 1745 παρῆτε.
1100 1713 1103 1717 ·

372 1827 527 1871 Phileb
575 1826 748 1883 p.231.
769 1828 911 1869 collat.
936 1826 1177 1884 interprett.

372 1886 428 1928 ad
458 1885 655 1959 Xenoph.
687 1886 887 1939 Sympos
922 1884 1049 1929 11.1.

430 1943 523 1985 τὸν
554 1938 651 1984 ουν
682 1943 1036 1998 Παυσανίαν]
1076 1943 1178 1986 Fuit

373 1998 440 2042 hic
473 2001 710 2055 Agathonis
741 2006 925 2050 amator,
955 2013 995 2041 V.
1021 2002 1178 2044 Prota-

372 2071 465 2110 gor.
504 2058 602 2103 315.
666 2059 713 2100 D.
754 2057 804 2098 Ε.
867 2058 1079 2100 Davis.
1122 2058 1177 2100 ad

373 2114 491 2158 Max.
541 2115 647 2172 Tyr.
723 2114 882 2157 XXVI.
930 2113 968 2158 8
1016 2130 1055 2170 p.
1107 2115 1178 2160 27.

370 2179 522 2215 nostra
565 2171 798 2214 introduct.
819 2172 872 2214 ad
899 2172 1098 2227 Sympos.
1132 2189 1172 2228 p.

367 2230 485 2274 XlV.
515 2244 564 2284 sq
598 2229 940 2271 Heindorf
977 2231 1028 2272 ad
1064 2231 1173 2273 Pro-

368 2293 508 2342 tagor.
586 2286 737 2400 ρ485-
771 2286 1090 2330 Schneider
1119 2288 1172 2331 ad

367 2302 583 2387 Anabas.p
618 2344 758 2390 .420.
806 2349 850 2387 et
880 2344 933 2386 ad
964 2346 1169 2401 Sympos-

369 2416 411 2457 Ρ.
447 2402 528 2447 146
559 2416 624 2456 sq.

424 2463 557 2502 τίνα
597 2457 804 2511 τρόπον
821 2459 1031 2529 ῥᾷστα
1050 2459 1172 2502 πιό-

365 2517 545 2572 μεθα]
590 2516 774 2558 Schol.
807 2514 943 2573 ῥᾷστα
985 2515 1035 2558 τὸ
1071 2516 1170 2570 ἥδι-

366 2591 448 2615 στα
486 2578 685 2616 ἐνταυθα
730 2575 940 2627 σημαίνει.
1011 2575 1166 2619 Recte.

363 2631 533 2675 Eodem
579 2631 710 2673 modo
750 2644 854 2672 mox
895 2631 1050 2672 dicitur
1088 2633 1165 2684 ρᾳ-

365 2688 503 2741 οτώνη
546 2704 609 2736 τις
652 2693 728 2738 τῆς
769 2686 950 2733 πόσεως.
1013 2689 1164 2740 ltaque

364 2757 418 2786 ex
448 2748 715 2797 glossemate
754 2749 892 2784 ortum
940 2749 1006 2784 est
1045 2745 1162 2796 quod

362 2803 490 2852 vulgo
523 2801 746 2854 legebatur
774 2798 942 2852 ἥδιστα.
1003 2800 1067 2842 De
1097 2802 1160 2841 in-

362 2857 547 2900 dicativo
564 2833 804 2910 βτιιόμεθα,
848 2869 974 2909 quem
1015 2857 1054 2897 in
1095 2858 1158 2899 lo-

361 2928 458 2957 cum
491 2915 746 2957 coniunctivi
775 2913 1089 2983 substituimus,
1122 2928 1161 2957 v.

358 2972 468 3019 luftu
499 2985 537 3015 c.
565 2971 733 3014 XXXI:
767 2975 850 3016 πῶς
881 2975 976 3022 οὑν,
1009 2970 1159 3026 φάναι,

357 3052 416 3062 --·
446 3028 679 3082 ποιοῦμενς
716 3026 856 3073 οὕτως
886 3027 987 3068 οὔτε
1018 3045 1061 3069 τι
1092 3028 1156 3070 λε’-

355 3102 486 3142 γομεν
515 3086 584 3128 ἐπὶ
617 3090 669 3139 τῇ
698 3083 836 3126 κύλικι
858 3084 959 3125 οὔτε
991 3102 1033 3126 τι
1053 3085 1158 3142 ᾄδο-

354 3160 448 3200 μεν,
490 3142 591 3185 ἀλλ’
629 3143 815 3194 ἀτεχνῶς
856 3138 989 3195 ὥςπερ
1020 3146 1061 3183 οἱ
1090 3144 1157 3183 ὀι-

355 3207 520 3255 ψωντες
543 3199 754 3273 πιόμεθα.
801 3200 866 3240 De
886 3199 1071 3253 Republ.
1101 3201 1154 3243 ΙΙ.

353 3273 396 3314 Ρ.
442 3259 540 3304 377.
576 3257 636 3302 E:
676 3255 784 3298 αλλὰ
825 3261 910 3305 πῶς
949 3256 997 3309 ὸν]
1033 3259 1101 3311 λέγ
1106 3274 1152 3298 ο-

352 3332 451 3370 μενς
480 3315 587 3360 Ibid-
616 3315 704 3359 Vll
741 3329 781 3370 p
803 3313 900 3358 530
935 3315 997 3356 D:
1028 3313 1152 3361 uic-

352 3379 474 3428 ημεῖς
492 3377 810 3427 συγχωροῦμεν
830 3370 858 3423 ἤ
889 3375 978 3418 πῶς
996 3378 1150 3414 ποιοῦ-

350 3446 446 3482 ενς
482 3432 585 3474 ibid.
661 3444 740 3484 ,Ρ
772 3428 865 3474 461
917 3429 977 3471 E:
1011 3428 1034 3481 νῖ
1069 3435 1149 3479 πῶς

1261 1833 1488 1882 ποιοῦμενς
1520 1827 1573 1871 ef.
1596 1829 1760 1871 Delect.
1793 1828 2060 1884 Epigramm.

1263 1887 1356 1930 Vll.
1391 1885 1455 1930 12.
1489 1885 1558 1928 ed.
1585 1887 1790 1929 Iacobs
1819 1888 1961 1941 ibique
1985 1901 2061 1929 an-

1262 1949 1353 1987 not.
1405 1957 1446 1998 p.
1493 1942 1592 1987 228.
1676 1942 1885 1986 Futurum
1929 1945 2062 1987 habes

1263 2001 1482 2044 Phaedon.
1519 2014 1562 2055 p.
1604 1999 1674 2044 71.
1729 2000 1795 2044 Et
1840 2005 1932 2048 πῶς
1977 1995 2062 2045 οὖν

1263 2057 1522 2114 ποιήσομενς
1554 2059 1606 2100 al.

1324 2116 1485 2166 οἶμαι
1515 2115 1701 2156 δὲκαὶ
1735 2113 1885 2167 ὑμῶν
1923 2113 2060 2165 τοὺς

1258 2172 1544 2228 πολλούς]
1578 2172 1649 2214 Sc.
1683 2174 1860 2215 δεῖσθαι
1888 2169 2059 2227 ἆναψυ-

1255 2235 1354 2283 χῆς,
1396 2244 1432 2271 v.
1481 2230 1534 2272 ad
1578 2231 1705 2284 Apol.
1747 2229 1872 2271 Socr.
1912 2243 1954 2284 p.
1987 2229 2056 2274 25.

1259 2288 1310 2330 Ε.
1342 2311 1397 2319 -
1429 2289 1493 2330 De
1517 2288 1797 2342 Aristophane
1828 2292 1929 2329 nota
1959 2293 2060 2330 sunt

1259 2346 1413 2387 omnia.
1473 2345 1622 2398 Neque
1654 2346 1764 2387 enim
1790 2345 1919 2386 alium
1942 2359 2056 2397 esse,

1258 2403 1330 2456 qui
1364 2417 1387 2444 a
1429 2399 1614 2444 Platone
1645 2401 1785 2444 hilaris
1824 2402 2058 2454 Agathonis

1256 2461 1436 2502 conviva
1464 2459 1762 2511 introducitur,
1795 2464 1924 2512 atque
1946 2473 2055 2514 poe-

1256 2523 1345 2559 tam
1399 2519 1637 2568 cornicum,
1687 2517 1925 2568 certissime
1979 2531 2055 2558 co-

1255 2577 1479 2628 gnoscitur
1511 2588 1562 2616 ex
1593 2575 1784 2615 oratione
1821 2573 2052 2614 Alcibiadis
2104 2586 2109 2589 ·

1255 2645 1291 2672 c.
1323 2631 1542 2681 xxxvl..
1583 2631 1654 2671 ubi
1686 2634 1837 2671 vers‘ns
1868 2629 1966 2674 361.
1998 2645 2051 2674 ex

1250 2687 1442 2729 Nubibus
1473 2689 1688 2728 recitatur.
1751 2685 1884 2729 Quod
1904 2693 2048 2730 autem

1250 2744 1378 2785 Plato
1425 2757 1522 2785 eum
1577 2745 1614 2784 in
1659 2742 1739 2785 hoo
1786 2744 1892 2785 libro
1948 2744 2050 2788 fecit
2133 2793 2139 2803 ¹

1248 2813 1342 2842 cum
1378 2800 1612 2853 Agathonis
1645 2800 1790 2842 amicis
1818 2802 2047 2843 convivan-

1247 2862 1334 2898 tem
1375 2857 1570 2911 adeoque
1607 2870 1703 2899 cum
1740 2859 1832 2911 ipso
1866 2861 2048 2902 Socrate

1246 2914 1505 2956 familiariter
1556 2917 1871 2969 colloquentem
1895 2947 1907 2966 ‚
1948 2915 2050 2958 sue-

1244 2977 1341 3013 runt
1364 2973 1433 3025 qui
1456 2973 1554 3014 inde
1584 2973 1836 3026 colligerent
1855 2971 2051 3027 philoso-

1244 3028 1370 3082 phum
1393 3043 1530 3083 neque
1553 3030 1699 3072 odisse
1737 3029 1949 3072 hominem
1978 3030 2049 3072 fe-

1243 3088 1538 3138 stivissimum,
1561 3100 1698 3141 neque
1725 3091 1901 3139 putasse
1918 3086 2046 3128 huius

1243 3145 1515 3197 potissimum
1539 3145 1725 3186 dicteriis
1744 3144 1901 3186 factum
1924 3157 2041 3197 esse,

1239 3207 1286 3242 ut
1329 3204 1533 3244 Socrates
1578 3201 1726 3243 mortis
1776 3201 2053 3243 condemna-

1200 3270 1202 3272 ’
1238 3265 1367 3300 retur.
1416 3259 1505 3301 Sed
1538 3272 1575 3300 ν.
1603 3259 1807 3312 Prolegg.

1298 3317 1348 3358 Β.
1410 3314 1590 3358 Τουτο
1620 3319 1817 3369 μέντοι
1846 3331 1902 3357 ευ
1953 3315 2034 3356 λέ-

1235 3374 1372 3428 γεις]
1414 3376 1562 3427 μέντοι
1602 3373 1845 3425 frequenter
1882 3373 1921 3413 in
1963 3385 2031 3413 re-

1237 3462 1244 3469 .
1237 3431 1538 3485 pensionibus
1552 3430 1758 3473 aientibus
1776 3435 2021 3484 usurpatum
