2222 3762
288 147 689 204 PLATONIS
727 147 1210 204 APOLOGIAM
1239 147 1639 207 SOCRATIS.
1742 156 1808 207 47

118 294 368 337 Platonis
415 293 641 345 Dialogi
682 293 755 334 lV.
799 290 957 341 Meno,
1002 293 1150 344 Crito,
1200 293 1446 335 Alcibiades
1487 298 1671 348 uterque
1713 308 1806 336 cnm

230 365 512 410 adnotatione
551 365 700 406 critica
739 369 785 406 et
823 367 1085 417 exegetica..
1127 365 1206 408 Ed.
1247 365 1331 408 IV.
1397 365 1574 407 Curavit
1610 366 1808 420 Philip-

232 451 332 491 pus
374 436 749 478 Buttmannus-
825 435 968 477 Berol.
1002 436 1128 480 1822.
1189 437 1231 481 8.
1303 438 1447 479 Editio
1486 437 1634 480 horum
1679 439 1808 479 libro-

231 523 322 550 rnm
363 511 550 561 primum
600 514 802 561 suscepta
845 507 926 548 suit
966 522 990 549 a
1031 509 1286 551 Biestero
1328 515 1372 550 et
1413 509 1492 551 Fr.
1536 510 1808 551 Gedickio

229 593 253 621 a
286 579 414 624 1780.
447 581 620 621 tertium
657 580 840 633 repetita
883 586 1076 621 assumto
1119 582 1237 623 socio
1275 581 1404 625 Ρ1111.
1447 582 1805 633 Buttmanno‚

228 651 420 693 Berolin.
451 651 579 696 1811.
642 651 850 694 Quartam
887 651 1118 694 editionem
1147 654 1268 693 solus
1308 652 1683 694 Buttmannus
1715 654 1808 706 opi-

227 723 309 764 bus
330 724 505 764 ‚criticis
534 723 628 763 Im.
661 722 812 764 Bekk
828 723 903 764 eri
943 724 1121 776 primum
1162 736 1267 764 usus
1300 724 1610 766 administravit
1639 726 1807 766 multis-

226 807 310 847 que
344 795 464 836 novis
501 794 819 836 accessionibus
854 795 1144 849 locupletavit.

112 866 295 917 Crito,
355 865 570 907 Laches
633 871 684 907 et
732 868 1024 919 particula
1076 866 1387 919 Apologiae
1440 867 1694 909 Socratis
1755 874 1806 909 et

226 937 543 981 Phaedonis
575 938 951 991 leguntur-etiam,
982 937 1422 978 animadversionibus
1453 939 1626 988 additis,
1659 941 1701 981 in
1732 941 1808 981 la-

227 1010 426 1060 cobsii‚
455 1011 512 1050 V.
546 1009 628 1060 CL,
661 1008 1038 1053 Chrestomatliiae
1069 1009 1265 1049 Graecae
1295 1007 1347 1050 T.
1371 1009 1442 1050 111.
1475 1012 1544 1062 qui
1576 1012 1805 1065 inscriptus

147 1113 150 1117 .
227 1086 316 1123 est:
358 1081 628 1123 Sokrates
659 1080 795 1122 oder
826 1084 1082 1132 Ausziige
1123 1092 1221 1120 aus
1255 1079 1355 1121 den
1394 1080 1523 1133 phil.
1563 1082 1807 1124 Schrift-

224 1154 458 1195 stellern
498 1154 591 1197 der
636 1151 924 1195 Grieclien.
997 1151 1104 1193 Fiir
1153 1151 1239 1193 die
1276 1151 1528 1195 mittier-n
1574 1156 1805 1196 Classen

148 1250 150 1252 -
223 1225 502 1276 gelehrter
533 1223 784 1265 Schulen.

110 1298 366 1339 Platonis
407 1296 682 1350 Apologia
722 1295 980 1337 Socratis
1025 1301 1078 1336 et
1111 1295 1286 1338 Crito.
1347 1295 1497 1337 Edidit
1530 1301 1574 1337 et
1603 1298 1644 1337 in
1677 1296 1803 1338 scho-

187 1371 358 1411 «larum
407 1368 594 1410 maxime
643 1379 784 1408 usum.
817 1369 1125 1422 interpretatus
1163 1375 1227 1409 est
1269 1369 1386 1410 Car.
1426 1369 1569 1412 Gai-l.
1620 1369 1803 1411 Elber-

222 1440 615 1495 ling.Hav11iae,
638 1440 765 1484 1837.
787 1439 830 1483 8.
890 1439 1036 1482 Editio
1065 1441 1434 1494 commendabilis,
1465 1440 1664 1482 brevibus
1683 1454 1802 1483 com·

224 1512 441 1557 mentariis
474 1512 681 1557 instructa
714 1513 849 1565 iisque
881 1512 991 1553 bene
1024 1511 1202 1556 latinis.

110 1586 361 1627 Platonis
401 1584 570 1624 Crito.
633 1585 678 1626 ln
716 1597 840 1626 usum
884 1582 1126 1625 scholarum
1170 1584 1306 1626 edidit
1333 1585 1374 1626 J.
1408 1583 1457 1627 C.
1494 1545 1649 1626 Held.
1720 1585 1802 1625 So-

221 1656 386 1709 lisbaci,
414 1654 541 1699 1838.
572 1655 612 1699 8
674 1655 837 1697 Editio
864 1657 1042 1698 aliorum
1084 1655 1175 1697 sere
1219 1657 1518 1697 annotationes
1561 1657 1601 1698 in
1633 1656 1803 1697 brevius

221 1733 467 1769 contractas
511 1740 672 1779 easque
724 1730 976 1781 plerumque
1037 1728 1343 1780 grammaticas
1394 1727 1592 1779 exhibet,
1642 1729 1800 1781 quibus

219 1800 314 1840 unis
345 1804 488 1841 tamen
523 1801 708 1842 Platonis
740 1800 1021 1853 intelligentia
1052 1800 1294 1852 neutiquam
1329 1800 1432 1840 satis
1463 1798 1705 1840 adiuvatur.

105 1885 362 1928 Platonis
421 1887 689 1939 Apologia
751 1884 1017 1926 Socratis.
1101 1885 1147 1926 ln
1194 1898 1317 1926 usum
1371 1884 1612 1926 scholarum
1665 1884 1802 1925 edidit

217 1958 258 1999 J.
291 1958 339 1998 C.
376 1949 530 1999 Held.
592 1956 831 2007 Solisbaci,
864 1956 991 2001 1844.
1021 1956 1062 2001 8.
1125 1959 1188 1999 De
1220 1956 1297 1998 hac
1326 1969 1500 2009 quoque
1527 1957 1666 2010 opella
1696 1956 1802 1997 iudi·

219 2028 397 2070 candum
432 2035 522 2082 est,
552 2029 667 2083 quod
699 2028 753 2071 de
790 2028 968 2070 Critone
999 2029 1201 2071 diximus.

106 2102 365 2144 Platonis
405 2090 778 2154 dialogorum·
813 2100 1084 2143 delectus.
1134 2098 1474 2153 Euthyphro,
1515 2100 1797 2152 Apologia,

224 2174 401 2223 Crito,
441 2172 676 2216 Phaedo.
738 2172 802 2212 Ad
843 2171 971 2212 fidem
1018 2170 1213 2213 codicum
1245 2172 1498 2224 recognovit
1533 2175 1577 2213 et
1608 2184 1798 2212 summa-

219 2246 295 2285 riis
335 2245 535 2286 instruxit
580 2244 636 2286 G.
677 2243 998 2284 Stallbaum.
1059 2242 1260 2296 Lipsiae,
1307 2256 1375 2295 ap.
1416 2242 1557 2295 Serig.
1597 2242 1724 2286 1838.
1757 2242 1796 2286 8.

217 2318 316 2358 111111.
373 2315 524 2357 Editio
554 2327 690 2369 parvo
720 2314 940 2368 parabilis:
971 2313 1115 2355 addita
1147 2318 1214 2356 est
1245 2314 1372 2355 etiam
1389 2315 1610 2355 annotatio
1635 2315 1797 2357 critica.

103 2401 339 2442 Platons
383 2396 657 2455 Apologie
698 2400 790 2441 des
830 2399 1108 2441 Socrates.
1167 2398 1429 2440 Uebersetzt
1471 2398 1555 2440 und
1588 2397 1799 2441 erlautert

218 2484 300 2514 von
350 2471 430 2515 Fr.
474 2476 523 2514 A.
567 2473 806 2516 Niisslin.
869 2471 1143 2521 Mannheim,
1177 2469 1303 2514 1838.
1334 2470 1375 2514 8.
1420 2470 1486 2514 ed.
1520 2471 1561 2514 2.
1594 2470 1722 2515 1848.
1754 2471 1796 2515 8.

218 2543 315 2585 mai.
376 2543 525 2586 Habet
554 2544 752 2598 egregias
783 2543 836 2584 de
867 2544 1078 2595 rebus-'ac
1109 2542 1335 2584 sententiis
1364 2543 1769 2586 commentationes.

103 2630 308 2671 Kriton.
378 2629 457 2670 Eia
500 2630 672 2674 Platon.
712 2625 962 2682 Gespriich,
1005 2628 1228 2670 iibersetzt
1266 2627 1352 2669 und
1391 2629 1597 2671 erliiutert
1626 2642 1712 2669 von
1746 2629 1796 2669 F.

216 2702 274 2745 A.
306 2684 446 2743 Niiss
468 2703 552 2743 lin.
614 2693 788 2742 Mann'h
829 2698 954 2753 1843
988 2698 1028 2742 8.
1069 2700 1137 2745 ed.
1181 2714 1269 2744 sec.
1311 2699 1437 2745 1850·
1498 2701 1701 2742 Continet
1730 2698 1798 2741 hic

217 2784 391 2828 quoque
423 2766 530 2815 liber
560 2775 696 2814 multa
729 2773 927 2826 egngia.
958 2784 1066 2824 quae
1098 2770 1155 2813 ad
1188 2772 1436 2841 inttriorem
1468 2772 1663 2814 Platonis
1697 2783 1796 2813 sen-

217 2857 312 2885 sum
351 2844 657 2886 recludendum
688 2837 876 2885 valeant.

107 2930 202 2975 Pla
223 2934 346 2981 tjons
377 2927 826 2982 Vertheidignng
848 2928 957 2981 ¹des
992 2929 1294 2984 Socrates,
1335 2929 1561 2969 ubersetzt
1594 2941 1632 2970 v.
1663 2928 1701 2969 J.
1738 2927 1795 2971 H.
1858 2938 1860 2941 ’

218 3001 389 3052 Voss,
432 3000 530 3041 olim
573 2999 691 3042 edita
729 3002 770 3041 in
810 3001 938 3042 libro:
983 3000 1283 3054 Deutsclies
1317 3000 1561 3042 Museum
1593 3013 1631 3042 a.
1668 2998 1795 3042 1776.

218 3073 316 3114 Vol.
338 3072 408 3116 10.
440 3084 554 3112 nunc
589 3073 748 3125 legitur
771 3073 813 3113 111
847 3073 953 3113 libro
985 3059 1209 3126 postuinoz
1245 3071 1658 3123 Anmerkungen
1692 3070 1794 3111 und

213 3143 609 3197 Randglossen
643 3157 710 3185 zu
743 3144 1020 3186 Griechen
1053 3144 1156 3184 und
1194 3144 1427 3186 Romern
1462 3155 1501 3182 v.
1536 3143 1576 3183 J.
1609 3142 1795 3182 Heinr.

220 3215 380 3257 Voss.
440 3215 813 3268 Herausgegcben
852 3230 893 3256 v.
937 3214 1123 3256 Abraln.
1163 3216 1319 3255 Voss.
1382 3214 1536 3266 Leipz.
1570 3212 1696 3256 1838.
1756 3212 1796 3255 8.

223 3301 270 3340 p.
313 3288 396 3332 119
438 3299 534 3339 sqq.
577 3286 646 3326 ubi
685 3298 794 3339 quae
833 3287 1006 3328 additae
1037 3287 1236 3345 leguntur
1266 3284 1568 3326 annotationes
1608 3284 1796 3332 criticae,

223 3372 302 3401 eae
347 3372 477 3412 quum
517 3355 830 3400 Fisclierum
880 3347 1067 3401 maxime
1108 3344 1378 3410 impugnent,
1428 3362 1516 3396 tun·
1559 3354 1798 3395 certissime
