2158 3718
376 169 478 223 194
675 162 1132 219 PRAEFATIO
1173 163 1283 216 AD
1323 161 1757 217 CRITONEM.

373 310 715 377 fate-buntur,
755 306 982 379 dignum
1019 306 1189 359 fuisse
1230 304 1542 374 Critonem,
1583 307 1738 360 cuius
1777 309 2070 361 memoriae

373 381 483 434 tale
533 387 939 434 monumentum
990 389 1428 445 consecraretur,
1482 377 1631 446 quod
1667 379 1971 434 constantis
2008 398 2073 432 ac

372 460 668 524 perpetuae
706 451 877 522 ipsius
918 468 1047 520 erga
1073 448 1357 502 Socratem
1396 450 1663 503 amicitiae
1690 450 1839 522 apud
1859 470 2072 504 omnem

374 526 752 596 posteritatem
793 521 1073 574 exhiberet
1107 520 1498 574 testimonium.

671 707 931 784 Codices
987 707 1066 782 ad
1119 705 1421 782 Critonem
1473 709 1752 784 excussi.

516 861 875 916 Bodleianus.
899 863 1204 916 Vaticanus
1244 862 1364 914 225.
1391 861 1640 915 Venetus
1679 882 1710 914 a
1747 861 1867 930 (qui
1901 858 2071 910 Bek-

372 933 539 986 kero
579 936 643 986 Σ
676 935 926 1006 signatus
966 935 1074 1004 est)
1113 933 1148 986 b
1183 932 1541 1003 (Bekkero
1583 933 1698 1002 ΙΙ),
1739 941 1795 986 et
1835 933 1893 988 Ξ.
1933 930 2072 982 Vin-

374 1005 718 1059 dobonenses
761 1011 806 1061 1.
849 1009 897 1059 2.
936 1007 984 1058 3.
1023 1008 1073 1057 4.
1117 1007 1165 1057 5.
1205 1008 1254 1056 (3.
1295 1007 1342 1056 7.
1400 1023 1467 1056 ex
1506 1005 1702 1073 quibus
1743 1007 1791 1058 2.
1829 1011 1885 1057 et
1923 1004 2071 1055 Gtum

373 1077 537 1130 etiam
574 1077 941 1132 Bekkerus
978 1076 1231 1130 adhibuit
1266 1076 1584 1144 notavitque
1607 1076 1803 1130 litteris
1850 1079 1883 1128 Υ
1909 1084 1964 1126 et
1999 1076 2070 1126 (Ι).

372 1147 602 1201 Coislin.
629 1152 688 1202 Γ.
726 1148 1115 1220 TubingensiS.
1144 1147 1378 1200 Parisin.
1417 1146 1806 1202 BCDEHS.
1843 1147 2071 1200 Floren-

371 1220 470 1272 tini
518 1239 565 1272 a.
608 1220 661 1274 b,
699 1240 744 1274 c.
786 1220 837 1273 d.
877 1221 915 1272 f.
960 1240 1013 1291 g.
1049 1219 1101 1272 h.
1141 1221 1177 1272 i.
1239 1219 1543 1289 Angelicus
1590 1239 1643 1272 u,
1696 1218 2068 1273 Zittaviensis.

371 1291 663 1344 Praeterea
720 1291 1091 1344 Bekkerus
1155 1297 1418 1343 memorat
1476 1290 1596 1344 cod.
1671 1293 1723 1343 Ψ
1774 1291 2067 1364 signatum,

366 1380 532 1485 lquem
581 1364 636 1416 in
684 1364 944 1417 librorum
995 1363 1221 1416 elencho
1259 1383 1314 1434 p.
1351 1361 1457 1414 XI.
1496 1363 1834 1416 Huetianum
1881 1361 2070 1432 appel-

389 1435 519 1489 avit.

961 1587 1479 1666 Edimones.

514 1741 790 1796 Peculiari
840 1761 1009 1813 opera
1062 1743 1151 1796 hic
1199 1743 1334 1797 liber
1379 1764 1410 1796 a
1458 1743 1670 1812 multiS‚
1721 1743 1767 1797 Ι.
1815 1743 1919 1796 Fr.
1956 1743 2005 1796 F
2022 1742 2066 1795 i-

374 1813 637 1882 scher0‚
677 1813 792 1867 Ph.
817 1812 1246 1867 Buttmanno
1283 1824 1339 1868 et
1367 1815 1471 1868 Fr.
1495 1813 1798 1868 Gedicki
1819 1835 1870 1884 ο,
1907 1814 2065 1868 Hel-

369 1883 503 1954 dio,
543 1885 683 1954 aliis,
722 1892 988 1938 tractatus
1019 1893 1121 1954 est,
1163 1905 1393 1955 quorum
1418 1906 1449 1939 o
1492 1905 1581 1938 era
1605 1894 1974 1939 memorantur
2009 1886 2065 1939 in

368 1954 733 2010 Wilhelmi
757 1955 855 2009 En
874 1957 1226 2029 gelmanni
1250 1958 1460 2012 Bibliot
1503 1998 1514 2009 .
1544 1956 1665 2012 Scri
1709 1965 1886 2012 torum
1908 1957 2064 2010 Clas-

369 2027 606 2081 sicorum
630 2028 787 2100 Lips.
815 2031 970 2083 1847.
998 2031 1046 2083 8.
1072 2049 1126 2099 p.
1162 2031 1253 2082 169
1278 2047 1398 2099 sqq.
1438 2038 1493 2082 et
1522 1978 1800 2100 Supplem.
1826 2048 1873 2081 a⁶
1905 2030 2060 2083 1853.

363 2118 418 2170 p.
456 2101 524 2152 45
565 2118 688 2170 sqq,
735 2099 831 2153 ubi
885 2100 1048 2153 etiam
1086 2101 1392 2171 singulares
1430 2107 1914 2154 commentationes
1952 2119 2064 2153 me-

363 2178 605 2225 moratas
641 2171 910 2240 invenies,
949 2172 1149 2241 quibus
1184 2172 1385 2244 singuli
1422 2170 1642 2242 quidam
1671 2170 1916 2225 Critonis
1954 2171 2064 2225 loci

365 2243 588 2296 tractati
618 2250 762 2296 sunt.
802 2244 1177 2297 Accesserunt
1199 2263 1373 2315 nuper
1410 2243 1675 2298 editiones
1711 2243 1778 2297 R.
1802 2243 1868 2296 B.
1907 2243 2061 2297 Hir-

365 2313 594 2387 schigi
636 2322 693 2368 et
730 2313 1129 2369 Christiani
1167 2313 1439 2380 Cronis,
1482 2315 1548 2368 de
1578 2315 1776 2385 quibus
1799 2336 1850 2369 v.
1881 2313 2059 2368 Praef.

364 2383 434 2437 ad
471 2385 639 2457 Apol.
679 2385 833 2440 Socr.
