2158 3718
261 104 380 176 '288

214 274 250 314 E
279 247 450 316 πᾶλιν
490 259 755 331 ἑμβοξλλει
769 277 780 289 ·

276 346 452 417 μέσου
499 344 789 412 καθιέναι,
837 344 980 413 πέρα
1026 339 1078 395 δ’
1129 338 1225 395 οὔ·

1005 119 1325 164 PLATONIS

848 255 1096 312 δυνατὸν
1135 255 1188 309 δ’
1229 259 1382 311 ἔστιν
1419 255 1727 327 ἑκατέρωσε
1755 257 1924 327 ’μέχρι
1959 260 2062 310 τοῦ

1290 339 1527 405 ἄναντες
1572 339 1680 411 γαρ
1728 340 2063 412 ἀμφοτέροις

275 439 392 494 τοῖς
429 425 668 500 ῥὲύμασι
703 426 764 481 τὸ
805 427 1156 497 ἑκατέρωθεν
1194 428 1444 495 γίγνεται
1479 426 1661 497 μέρος.

421 519 535 583 Cap.
575 517 694 566 LXI.

278 601 372 653 καὶ
410 594 741 652 παντοδαποὶ
779 595 1027 666 ρεύματα
1067 596 1212 651 ἐστι·

1179 508 1191 528 ἱ
1228 507 1256 527 >l

757 509 835 565 Τα
862 511 966 612 μὲν
992 504 1099 564 οὖν
1127 512 1194 580 δη
1222 514 1365 564 αλλα
1403 511 1585 564 πολλα
1622 531 1682 564 τε
1720 510 1813 564 καὶ
1849 509 2063 580 μεγαλα

1277 614 1542 664 τυγχανει
1579 594 1632 648 δ’
1673 615 1783 666 αρα
1821 593 1958 649 ὄντα
1999 595 2062 648 ἐν

391 771 438 810 Ε.
473 782 726 816 αναντες
755 763 858 835 γὰρ
890 760 1263 835 αμφοτέροις]
1295 767 1392 810 Bas.
1415 771 1440 808 2
1470 767 2001 833 B0d1.Ven.‚.‘=‹;‘HVind.
2026 766 2068 807 Τ

278 820 483 874 ἄναντες
512 821 602 880 γὰρ
631 820 749 878 πρὸς
779 818 1083 880 ἀμφοτέροις,
1115 826 1229 866 unde
1260 825 1399 866 Herm.
1424 823 1588 864 effinxit
1609 837 1814 872 αναντες
1835 817 1925 879 γάρ
1946 837 2060 872 πως.

277 885 375 948 Alii,
406 883 535 923 veluti
558 882 686 926 Coisl.
709 884 807 924 Vat.
838 883 934 926 Par.
959 883 994 924 G
1023 884 1170 923 Ambr.
1201 883 1359 923 omisso
1391 893 1596 928 αναντες
1624 882 1833 946 scriptum
1864 880 2065 922 exhibent

274 932 395 1006 πρὸς
423 935 514 1005 γὰρ
543 932 848 1006 αμφοτέροις

890 940 1074 992 Elegans
1097 947 1161 980 est
1181 939 1423 980 coniectura
1444 936 1696 978 Heindorfii:
1739 928 1944 984 ἄναντες
1973 929 2064 990 γὰρ

275 991 434 1050 πρόσω
455 988 760 1050 αμφοτέροις.
784 997 1049 1046 Quamquam
1071 991 1187 1050 πρός
1210 1009 1262 1036 ex
1284 996 1538 1048 glossemate
1559 994 1613 1034 ad
1636 988 1830 1041 ἔναντες
1851 993 2064 1046 adscripto

280 1061 428 1094 natum
450 1053 631 1096 videtur.

278 1208 434 1236 sensu·
514 1205 627 1234 cum
688 1207 741 1234 se
802 1194 1128 1236 demiserunt

278 1265 428 1304 quam
464 1250 592 1292 sieri
628 1258 808 1303 potest
847 1251 1127 1295 altissime.

278 1309 383 1349 Nam
404 1305 652 1377 καθιέναι,
672 1315 717 1346 ut
732 1303 1017 1361 μεθιέναι,’
996 1305 1126 1362 εφιέ·

277 1379 359 1407 ναι
365 1359 608 1419 ,αφιέναι,
625 1358 820 1416 ἐξιέναι,
843 1365 1129 1432 intransitiva,

278 1434 406 1472 quam
423 1430 587 1470 vocant,
612 1420 921 1474 significatione
939 1424 1041 1476 poni
1063 1425 1128 1462 ni-

276 1478 333 1520 hil
356 1479 481 1519 habet
501 1477 766 1518 insolentiae.
791 1491 833 1520 v.
855 1478 890 1517 H
903 1480 979 1518 ein
994 1480 1019 1519 d
1032 1492 1055 1520 o
1067 1479 1125 1519 rf.

213 1556 215 1558 ·
277 1537 331 1575 ad
353 1535 524 1575 Theaet.
550 1547 593 1588 p.
609 1534 747 1575 1683.
778 1535 952 1578 Reisk.
977 1537 1126 1577 adAe-

276 1591 411 1634 schin.
436 1604 478 1644 p.
494 1592 562 1632 38.
595 1592 817 1634 Lobeck.
843 1592 898 1632 ad
915 1593 1129 1635 Aiae.248

278 1657 319 1688 et
347 1656 494 1688 nostra
522 1647 577 1687 ad
604 1647 773 1700 Protag
806 1661 848 1701 p
872 1649 954 1690 336
975 1650 1028 1693 A.
1070 1648 1130 1688 De

277 1706 383 1757 Rep.
406 1705 522 1747 VIII.
543 1717 585 1757 p.
611 1703 692 1745 563
716 1705 766 1748 A.

333 1762 383 1801 E.
417 1754 675 1802 δυνατὸν
697 1752 746 1801 δ’
772 1753 978 1803 ἔστιν’
954 1775 1027 1803 εκ.
1032 1760 1046 1814 ]
1067 1775 1128 1806 sc.

277 1811 460 1869 αὐτοῖς,
503 1817 570 1857 iis
611 1806 956 1866 fluminibus,
999 1831 1130 1870 quae

277 1881 471 1914 teriam
513 1874 566 1912 in
608 1873 782 1914 orbem
833 1875 1031 1914 ambire
1083 1884 1130 1916 et

276 1936 582 1984 serpentum
610 1931 783 1970 instar
812 1932 1129 1972 circumvol-

277 1989 331 2027 vi
353 1987 544 2030 solent.
584 1987 698 2028 Haec
718 1988 1128 2040 igitur·utri11que

277 2044 322 2096 (a
344 2056 530 2098 superna
553 2045 787 2098 etxinterna
809 2044 946 2098 parte)
969 2046 1021 2086 ad
1042 2058 1128 2086 me·

277 2101 395 2141 dium
434 2106 598 2140 tantum
639 2108 862 2153 penetrare
898 2114 1027 2155 posse
1063 2102 1125 2141 di·

278 2168 444 2207 cuntur,
473 2164 701 2211 propterea
722 2158 838 2209 quod
859 2159 1024 2210 utrique
1046 2159 1127 2198 flu—

277 2222 391 2266 ento,
413 2213 508 2256 h.e.
532 2220 622 2254 tum
646 2214 696 2266 ei,
720 2215 834 2266 qnod
856 2217 907 2256 ab
928 2215 1126 2255 inferiore

276 2279 397 2324 parte
423 2278 561 2311 terrae
587 2270 642 2311 ad
672 2272 933 2323 superiorem
956 2272 1014 2321 fit,
1038 2278 1126 2312 tum

278 2328 363 2379 illi,
396 2327 511 2378 quod
541 2339 564 2366 a
593 2333 714 2380 parte
743 2329 964 2382 superiore
985 2329 1040 2369 ad
1061 2329 1124 2368 in-

278 2383 477 2424 feriorem
506 2383 653 2438 fertur,
685 2385 809 2425 nimis
840 2386 1020 2426 arduum
1049 2385 1129 2425 iter

278 2442 335 2481 sit
363 2441 419 2481 ad
453 2441 669 2493 regionem
705 2441 948 2482 adversam.
991 2442 1129 2483 Causa

279 2499 336 2536 rei
374 2498 417 2536 in
445 2505 619 2551 promtu
649 2506 728 2542 est,
772 2496 876 2538 Cum
908 2499 1017 2539 enim
1049 2500 1127 2538 tlu-

278 2555 393 2592 mina
432 2554 505 2593 illa
544 2561 700 2594 terram
740 2555 900 2595 ambire
949 2555 1125 2604 soleant,

277 2623 430 2663 parum
458 2609 615 2650 habent
641 2611 793 2650 virium
825 2612 879 2651 ad
900 2620 1125 2664 penetran-

281 2667 358 2706 das
379 2667 600 2706 interiores
631 2675 766 2707 terrae
789 2668 999 2719 regiones.
1043 2668 1127 2707 Lo-

276 2735 353 2762 cus
383 2723 435 2761 ab
465 2722 559 2761 aliis
589 2723 888 2776 interpretibus
918 2723 1006 2763 fere
1028 2737 1127 2776 pes-

276 2778 384 2817 sime
407 2785 470 2817 est
491 2779 744 2820 intellectus.

338 2835 438 2887 Cap.
461 2833 572 2876 LXI.
612 2849 676 2876 τυ
687 2847 893 2889 γχανει
932 2827 981 2875 δ’
1019 2826 1126 2888 ἄρα

277 2882 438 2960 ὅντα]
470 2850 713 2931 Pryoclns
723 2894 762 2931 in
796 2891 950 2956 Re.mp
979 2905 1020 2945 p.
1045 2894 1126 2933 396

275 2942 301 2989 ὁ
340 2940 391 2989 ἐν
425 2945 488 3012 τῷ
525 2946 741 2989 Φαίδωνι
777 2941 1036 3002 Σωκράτης
1071 2971 1127 2977 --

278 3002 362 3046 καὶ
384 3003 479 3046 τῶν
497 3003 725 3069 ποταμῶν
748 2997 942 3045 ἐκεῖθεν
962 3006 1031 3054 (ab
1045 3003 1125 3044 Ho-

278 3063 432 3126 mero)
457 3054 545 3129 τῂν
586 3055 804 3128 ἱστορίαν
839 3060 1122 3126 παρειληφε.

278 3115 362 3182 ’καὶ
378 3131 468 3186 γαρ
485 3131 559 3160 οτι
575 3131 767 3159 παντων
784 3110 912 3158 ἐστὶν
930 3110 1126 3185 ,,Ὡκεα-

279 3171 360 3222 νὸς
389 3189 475 3228 μεν
504 3173 687 3225 πρῶτα,
726 3167 810 3215 τὸν
838 3165 996 3222 οὔπως
1026 3170 1125 3216 ἔστι

277 3230 519 3295 περῆσαιιι
551 3227 988 3298 (Ο(1.λ.157).καὶ
1017 3229 1125 3298 περὶ

279 3286 372 3328 τῶν
395 3279 552 3331 αλλων
581 3280 822 3351 ὥςαύτως·
867 3288 1125 3352 „Koonvto9

278 3337 338 3385 θ’
374 3334 426 3392 ὃς
463 3338 523 3399 δὴ
555 3337 743 3399 Στυγὸς
780 3335 975 3408 ὕδατός
995 3337 1124 3385 ἐστιν

279 3360 536 3472 απορρὥξ“
577 3400 673 3450 (Od.
714 3414 755 3444 κ.
786 3401 916 3466 51.4)
952 3391 1123 3465 Ὅθεν,

279 3452 435 3512 οἶμαι,
463 3455 546 3500 καὶ
576 3452 599 3499 ὁ
623 3450 882 3512 Σωκρατης
912 3451 1123 3511 Στύγιον

1217 1186 1368 1235 αὐτὸν
1396 1191 1722 1246 προςείρηκεν.
1762 1191 1938 1232 Multum
1962 1203 2066 1231 sane

1214 1250 1400 1303 fallatur,
1439 1251 1476 1290 si
1511 1251 1606 1301 quis
1638 1248 1747 1288 hanc
1776 1248 1962 1289 Platonis
1993 1248 2067 1288 de-

1216 1307 1491 1360 scriptionem
1523 1306 1785 1346 Homericam
1807 1317 1903 1346 esse
1930 1310 2065 1358 putet.

1215 1365 1304 1404 Etsi
1329 1364 1441 1403 enim
1463 1361 1742 1415 philosophus
1771 1362 1826 1402 ad
1846 1361 2068 1402 Homerica

1217 1421 1419 1474 respexit,
1442 1420 1627 1459 maxime
1648 1419 1702 1458 ad
1731 1416 1883 1470 odyss.
1906 1418 1962 1458 X.
1984 1418 2067 1459 508

1217 1490 1326 1528 sqq.‚
1363 1477 1437 1516 ubi
1475 1489 1526 1515 ex
1564 1475 1728 1515 Oceano
1766 1475 1989 1515 devenitur
2022 1475 2067 1514 in

1218 1533 1312 1575 Orci
1342 1534 1485 1573 sedem
1514 1532 1826 1572 tenebricosam
1856 1538 1896 1571 et
1923 1529 2067 1571 Ache—

1215 1590 1350 1630 rontis
1386 1589 1549 1629 flumini
1584 1589 1814 1629 miscentur
1847 1587 2068 1642 Pyriphle-

1216 1646 1372 1700 gethon
1406 1653 1446 1686 et
1468 1644 1667 1717 Cocytus,
1700 1645 1773 1696 qui
1801 1654 1866 1684 est
1895 1643 2068 1698 Stygiae

1217 1715 1353 1755 aquae
1375 1695 1620 1756 απορρωξ,
1649 1709 1791 1742 tamen
1815 1701 1957 1742 omnia
1978 1701 2066 1742 fere

1217 1760 1460 1800 informavit
1488 1760 1622 1811 aliter,
1657 1758 1781 1799 sicuti
1803 1758 1867 1799 vel
1894 1763 2067 1812 propte-

1218 1829 1291 1856 rea
1312 1817 1451 1856 facere
1469 1823 1639 1856 coactus
1656 1815 1748 1864 fuit,
1773 1814 1888 1866 quod
1910 1824 2065 1854 terram

1219 1874 1365 1913 statuit
1429 1886 1523 1912 esse
1579 1872 1799 1925 globosam
1867 1871 2067 1923 quodque

1218 1942 1386 1970 omnem
1415 1929 1523 1969 hanc
1554 1928 1883 1981 descriptionem
1912 1936 2066 1968 attem-

1215 1987 1378 2040 peravit
1423 1997 1656 2039 poenarum
1697 1992 1738 2024 et
1777 1985 2065 2038 praemiorum

1217 2043 1505 2097 descriptioni,
1546 2054 1654 2093 quae
1691 2042 1842 2082 animis
1877 2050 2069 2082 mortuo-

1215 2113 1309 2139 rum
1351 2101 1568 2152 obtingere
1607 2098 1753 2141 voluit.
1806 2098 1881 2138 Est
1919 2105 2063 2139 autem

1215 2165 1511 2209 argumentum
1541 2156 1621 2196 loci
1646 2155 1713 2205 qui
1741 2154 1934 2206 sequitur
1970 2154 2067 2196 hoc.

1215 2214 1402 2253 Primum
1434 2212 1604 2263 quidem
1633 2212 1750 2252 Plato
1783 2211 1973 2252 similiter
2002 2218 2068 2252 at-

1216 2283 1298 2322 que
1326 2270 1534 2310 Homerus
1573 2268 1786 2310 Oceanum
1825 2267 1950 2310 finxit
1991 2281 2068 2309 ex-

1214 2336 1396 2366 tremum
1437 2327 1582 2367 orbem
1630 2333 1839 2366 terrarum
1888 2337 2068 2376 eumque

1217 2384 1481 2452 superiorem
1538 2382 1746 2452 undique
1826 2381 2067 2434 cingentem

1218 2433 1466 2492 (ἔξωτατω
1527 2433 1699 2493 ρέοντα
1758 2434 2062 2493 περικύκλῳ).

1218 2496 1296 2538 Cui
1337 2509 1358 2535 e
1398 2496 1571 2548 regione
1611 2495 1756 2549 posuit
1782 2480 2064 2535 Acherontem

1217 2544 1337 2607 (οἷχη
1370 2527 1566 2605 ρέοντα)
1594 2554 1636 2591 in
1675 2550 1899 2605 superficie
1929 2558 2065 2591 terrae

1214 2610 1374 2649 inferae
1404 2610 1524 2649 nobis
1556 2609 1735 2648 adversa
1764 2620 1838 2661 per
1866 2607 1959 2647 loca
1990 2607 2067 2646 de-

1216 2673 1328 2705 serta
1357 2665 1557 2705 fluentem
1586 2677 1635 2703 ac
1665 2664 1818 2703 deinde
1849 2676 1926 2716 per
1960 2664 2068 2704 sub-

1215 2732 1406 2761 terranea
1455 2722 1497 2760 in
1546 2721 1744 2773 paludem
1786 2720 2066 2768 Acherusiam

1216 2778 1533 2830 demigrantem,
1555 2777 1610 2816 ad
1632 2789 1756 2828 quam
1779 2776 1970 2829 plerique
1993 2777 2063 2816 de-

1214 2834 1459 2874 functorum
1489 2834 1619 2873 animi
1654 2833 1879 2874 deveniant
1916 2839 1955 2873 et
1991 2833 2065 2872 nbi

1214 2904 1289 2944 per
1308 2890 1452 2930 satalia
1476 2890 1684 2940 quaedam
1705 2896 1947 2943 temporum
1969 2902 2066 2930 cur-

1212 2947 1345 2987 ricula
1376 2947 1444 2988 vel
1467 2947 1659 2999 longiora
1685 2946 1755 2986 illa
1782 2946 1846 2986 vel
1865 2946 2058 2986 breviora

1215 3004 1463 3044 commorati
1502 3016 1651 3043 rursus
1683 3004 1726 3042 in
1766 3003 2062 3055 generationes

1214 3061 1458 3100 animalium
1480 3061 1734 3102 relabantur.
1757 3059 1946 3099 Tertium
1961 3070 2061 3099 vero

1214 3118 1387 3157 fluvium
1405 3116 1846 3171 Pyriphlegethontem
1868 3115 2000 3156 voluit
2021 3115 2063 3154 in

1214 3175 1353 3214 medio
1382 3175 1491 3213 inter
1519 3174 1596 3214 hos
1627 3171 1758 3226 (inter
1788 3173 2000 3214 Oceanum
2024 3178 2064 3211 et

1212 3229 1518 3281 Acherontem)
1551 3238 1592 3269 et
1613 3229 1783 3280 quidem
1816 3240 1965 3267 versus
1989 3240 2059 3267 su·

1212 3300 1388 3340 pernam
1432 3295 1567 3326 teriae
1606 3293 1764 3339 partem
1798 3277 2060 3337 ἐκβάλλειν,

1212 3343 1254 3384 1ι.
1278 3357 1313 3386 e
1349 3357 1402 3383 ex
1430 3343 1598 3383 tar-tiris
1636 3354 1709 3394 per
1743 3348 1873 3381 totam
1904 3348 2060 3379 teriam

1212 3401 1395 3440 mediam
1426 3399 1665 3453 patentibus
1702 3396 1766 3451 (p.
1800 3398 1878 3437 112
1901 3395 1960 3461 A)
1997 3395 2058 3436 ef-

1212 3456 1334 3497 fundi
1365 3464 1403 3498 et
1432 3456 1644 3510 profluere
1665 3462 1792 3507 atque
1813 3445 1953 3509 ἐγγὺς
1975 3451 2060 3505 τῆς
