2158 3718
254 132 362 186 210

980 133 1305 178 PLATONIS

256 274 416 327 νέναι
462 291 523 326 τε
571 273 665 326 καὶ
713 273 1188 341 κατανενοηκέναι
1228 273 1423 342 μόνοι,
1463 272 1549 326 ὅτι
1588 272 1721 327 οὔτε
1758 277 1874 327 τῶν
1911 294 2054 345 πρα-

255 357 485 427 γμάτων
540 353 778 420 οὐδενὸς
834 354 1007 411 οὐδὲν
1062 353 1219 424 ὑγιὲς
1272 354 1408 411 οὐδὲ
1463 358 1699 426 βέβαιον
1747 356 1882 412 οὔτε
1937 362 2055 412 τῶν

257 442 465 511 λόγων,
506 436 649 495 ἄλλα
685 441 869 494 πάντα
906 439 974 493 τὰ
1012 440 1169 509 ὄντα,
1209 439 1454 510 ἀτεχνῶς
1492 439 1676 510 ὥςπερ
1705 442 1770 496 ἐν
1795 440 2053 513 Εὐρίπῳ,

256 526 375 581 ἄνω
422 527 517 580 καὶ
563 526 713 580 κάτω
762 527 1063 596 στρέφεται
1109 525 1204 578 καὶ
1251 525 1461 595 χρόνον
1506 524 1716 579 οὐδένα
1756 526 1821 580 ἐν
1859 526 2056 580 οὐδενὶ

256 611 428 680 μένει.

505 610 676 664 Πάνυ
702 609 826 679 -μὲν
871 603 1008 678 οὖν,
1058 610 1203 678 ἔφην
1243 610 1387 678 ἐγώ,
1436 607 1622 680 ἀληθῆ
1661 611 1857 679 λέγεις.

1938 610 2055 664 Οὐ-

258 698 421 764 κοῦν,
461 688 506 748 03
547 694 798 762 Φαίδων,
838 694 967 763 ἔφη,
1007 691 1238 763 οἰκτρὸν
1276 692 1349 746 ἂν
1389 697 1472 763 εἰή
1510 693 1573 747 τὸ
1613 695 1826 764 πάθος,
1867 695 1919 747 εἰ
1955 694 2079 748 ὅν-’

257 799 352 843 τος
399 779 469 848 δή
514 798 668 841 τινος
713 776 968 848 ἀληθοῦς
1014 779 1108 831 καὶ
1153 779 1390 847 βεβαίου
1437 778 1612 847 λόγου
1660 780 1755 832 καὶ
1802 780 2056 833 δυνατοῦ

202 875 236 916 D
259 865 634 931 κατανοῆσαι,
674 863 866 916 ἔπειτα
903 860 998 915 διὰ
1034 860 1098 915 τὸ
1138 863 1594 933 παραγίγνεσθαι
1629 863 1908 927 τοιούτοις
1944 863 2058 916 τισὶ

260 949 451 1016 λόγοις
506 954 625 1010 τοῖς
679 945 875 1010 αὐτοῖς
927 947 1054 1002 τοτὲ
1099 947 1204 1017 μὲν
1250 940 1523 1000 δοκοῦσιν
1569 944 1843 1016 ἀληθέσιν
1891 944 2057 1017 εἶναι,

265 1121 464 1162 omittunt
486 1117 615 1161 Coisl.
637 1119 738 1163 Vat.
759 1119 873 1172 Aug.
895 1119 1006 1162 Ven.
1027 1120 1069 1160 Λ
1088 1119 1218 1163 vind.
1242 1118 1281 1160 Φ
1302 1119 1397 1159 Par.
1423 1117 1657 1161 CEGHIL
1678 1120 1828 1160 Ambr.
1851 1119 1961 1163 Flor.
1984 1131 2010 1159 a
2030 1118 2057 1159 b

261 1190 284 1217 c
304 1177 332 1217 d
353 1177 367 1217 i
389 1189 431 1217 m
460 1177 557 1218 Zitt.
599 1174 769 1216 Abiecit
798 1176 923 1216 etiam
943 1175 1175 1219 BekkeruS.
1207 1174 1293 1216 Sed
1315 1186 1411 1216 cum
1433 1176 1555 1216 Bodl.
1578 1177 1685 1217 Tub.
1707 1177 1817 1217 Ven.
1840 1174 1946 1223 ΞΠ
1963 1188 2057 1216 eam

260 1240 459 1274 tueantur
491 1240 532 1274 et
561 1245 615 1273 ex
643 1233 696 1272 iis
718 1231 1011 1273 defensionem
1032 1239 1223 1285 paratam
1244 1231 1410 1281 habeat,
1444 1245 1554 1283 quae
1574 1233 1630 1274 ad
1650 1231 1898 1285 Phaedn‘p.
1922 1233 2004 1273 242
2025 1232 2059 1273 Β

261 1291 315 1331 de
335 1290 418 1331 hoc
437 1302 522 1330 usu
542 1289 790 1331 vocularum
812 1300 862 1330 τε
883 1287 972 1330 καί
989 1289 1326 1341 observavimus,
1349 1290 1497 1341 procul
1521 1290 1649 1330 dubio
1672 1289 1900 1330 retinenda
1921 1296 2001 1330 est.

374 1387 489 1416 ανω
528 1371 629 1415 καὶ
668 1365 836 1425 κάτω]
878 1371 968 1414 καί
983 1385 1067 1415 om.
1089 1373 1188 1414 Vat.
1211 1374 1321 1413 Veu.
1338 1374 1380 1415 Λ
1408 1373 1520 1414 Flor.
1543 1374 1614 1413 ab
1638 1373 1759 1413 cim
1787 1373 1884 1416 Par.
1908 1372 2058 1415 CEHI

258 1431 409 1474 Ambr.
443 1437 484 1470 et
494 1443 578 1496 pl.
601 1429 732 1471 Coisl.
753 1430 848 1473 Par.
873 1428 923 1470 G.
965 1429 1202 1480 Utrumque
1221 1429 1388 1471 Platom
1407 1429 1627 1481 frequens,
1660 1436 1700 1470 et
1723 1421 1828 1471 ἅνω
1859 1424 1987 1471 κάτω
2018 1438 2060 1470 et

260 1478 361 1530 ἀνω
381 1483 497 1529 καὶ
488 1481 631 1528 κάτω.
654 1499 698 1530 v.
721 1487 775 1527 ad
796 1486 978 1527 Phaedr.
999 1499 1043 1540 p.
1066 1487 1151 1528 278
1171 1486 1221 1526 D.

374 1562 544 1619 ὄντος
586 1564 680 1623 δή]
725 1570 855 1612 Coisl.
884 1571 982 1612 Vat.
1019 1572 1133 1625 Aug.
1167 1569 1280 1614 Flor.
1304 1570 1331 1611 d
1368 1571 1441 1611 alii
1479 1583 1564 1612 non
1604 1572 1733 1625 pauci
1766 1583 1845 1625 pro
1883 1564 1946 1624 δή
1980 1570 2057 1611 ha-

259 1630 361 1670 bent
385 1640 452 1683 γε.

375 1707 580 1754 ἔπειτα
613 1704 729 1764 διά]
749 1710 1015 1776 Stephanus
1044 1723 1238 1777 eumque
1273 1712 1411 1752 secuti
1447 1712 1629 1753 editoies
1665 1717 1765 1765 post
1796 1707 1963 1754 ἔπειτα
1991 1711 2059 1752 in-

261 1776 487 1811 serue1unt
517 1769 645 1809 verba
674 1761 848 1809 τούτου
878 1760 1091 1809 ἐκπεσών
1123 1759 1300 1821 απορῇ,
1334 1781 1443 1821 quae
1472 1781 1612 1819 neque
1641 1769 1686 1809 in
1716 1769 1842 1810 codd.
1864 1781 1968 1811 mss.
1992 1781 2060 1810 re-

260 1833 381 1880 perta
412 1833 513 1866 sunt
542 1836 683 1876 neque
704 1825 941 1899 sententiae
960 1825 1070 1865 bene
1091 1834 1348 1878 congruunt.

319 1986 561 2046 (2⁶3st
580 1985 1117 2048 s'vEdqcncpJEratEu-

260 2052 379 2105 ripus
407 2049 565 2090 fretum
591 2050 703 2090 inter
730 2050 949 2091 Boeotiam
970 2057 1011 2090 et
1030 2050 1116 2091 Eu·

259 2109 427 2159 boeam,
459 2107 583 2147 cuius
613 2107 756 2147 undae
792 2107 950 2160 septies
979 2107 1049 2148 die
1078 2112 1119 2147 et

263 2172 387 2205 nocte
416 2163 688 2229 reciprocare
723 2163 986 2205 dicebantur.
1028 2163 1119 2204 Vo-

260 2220 458 2262 cabulum
479 2212 689 2274 ἆτεχνῶς
710 2219 996 2261 locutionibus
1016 2232 1117 2274 pro-

259 2277 520 2319 verbialibus
551 2276 742 2317 additum
779 2277 988 2331 exemplis
1017 2277 1119 2317 illu-

260 2334 492 2375 stravimus
514 2333 570 2374 ad
590 2333 680 2374 Ion.
702 2347 746 2387 p.
769 2334 854 2376 534
875 2334 926 2375 Ε.

317 2410 434 2460 ἅνω
461 2414 564 2458 καὶ
591 2413 747 2459 κάτω
782 2414 1116 2472 στρέφεται]

259 2475 303 2520 h.
329 2487 367 2517 e.
405 2474 579 2515 omnia
621 2486 743 2515 esse
775 2475 989 2516 incerta
1024 2487 1119 2515 nec

259 2532 523 2586 praebere
542 2530 704 2573 ullam
726 2532 997 2572 scientiae
1019 2531 1119 2571 fir-

260 2589 497 2629 mitatem
519 2596 568 2628 et
589 2589 967 2633 constantiam.
1008 2587 1119 2629 Male

257 2645 388 2699 igitur
427 2645 481 2685 de
514 2645 715 2685 Heracliti
754 2645 910 2698 placito
951 2645 1116 2698 cogita-

261 2708 377 2767 runt,
400 2702 474 2752 qui
496 2703 638 2741 omnia
658 2708 866 2755 perpetua
894 2701 1002 2742 dixit
1022 2701 1115 2753 agi-

260 2758 424 2799 tatione
444 2757 559 2800 ferri.
598 2758 842 2799 Formulam
871 2748 988 2800 ἅνω
1018 2753 1118 2798 καὶ

259 2808 411 2858 κάτω
452 2810 843 2868 στρέφεσθαι,
905 2826 1118 2854 sursum

262 2873 510 2914 deorsum
531 2871 684 2920 ferri,
707 2877 874 2924 praeter
894 2869 1000 2910 alios
1021 2869 1118 2909 illu-

262 2929 412 2971 stravit
438 2927 762 2980 wesseling.
793 2927 848 2968 ad
877 2926 1032 2967 Herod.
1073 2938 1118 2980 p.

322 3066 583 3113 δυνατοῦ
612 3064 1003 3122 κατανοῆσαι]
1037 3068 1118 3108 Fu·

264 3134 390 3167 erunt
428 3126 501 3178 qui
540 3126 584 3165 in
622 3125 778 3167 talibus
817 3125 1002 3165 activum
1042 3136 1118 3178 pro

264 3183 439 3237 passivo
478 3183 667 3236 positum
703 3182 902 3224 dicerent.
942 3181 1118 3224 Iniuria.

264 3239 372 3280 Nam
401 3240 610 3280 sententia
638 3239 743 3279 haec
773 3244 858 3280 est:
891 3244 938 3278 et
967 3250 1119 3288 quem

266 3296 386 3349 quis
415 3296 595 3349 possit
625 3306 950 3349 cognoscere
971 3302 1018 3334 et
1038 3295 1121 3334 in-

265 3351 542 3420 tellegere.
582 3351 652 3394 Sic
673 3351 783 3393 infra
802 3364 847 3405 p.
869 3352 923 3393 92
944 3350 980 3390 D
1002 3344 1122 3392 ὑπό-

266 3408 406 3458 θεσις
427 3403 543 3475 αξία
566 3402 923 3461 αποδέξασθαι,
942 3408 1065 3461 dign
1078 3419 1118 3459 a,

266 3478 416 3518 quam
448 3467 563 3518 quis
594 3466 839 3519 accipiat.
884 3477 925 3505 v.
955 3464 1115 3508 Zeun.

1205 1994 1416 2047 adviger.

1203 2051 1330 2092 riton.
1391 2063 1434 2103 p.
1473 2051 1558 2093 469
1605 2058 1647 2091 et

1205 2108 1429 2148 Brunck.
1451 2107 1506 2147 ad
1523 2105 1914 2161 Soph.Phi1.1167.
1935 2106 2063 2147 Mat-

1206 2164 1418 2215 thiae§.
1439 2164 1584 2205 535b.
1607 2165 1737 2207 Anm.
1758 2162 2060 2204 Buttmann.

1207 2221 1248 2271 §
1271 2222 1366 2262 140.
1389 2221 1431 2263 2.
1456 2219 1520 2260 De
1543 2215 1748 2262 ἔπειτα
1769 2226 1870 2273 post
1887 2219 2062 2274 partici-

1207 2278 1328 2331 pium
1348 2276 1466 2317 illato
1488 2290 1530 2320 v.
1553 2277 1672 2344 adp.
1696 2276 1819 2319 ΊΟΕ.

1262 2333 1312 2376 D.
1336 2329 1540 2375 ἔπειτα
1562 2327 1747 2374 διὰτὸ
1767 2344 1976 2387 παραγ.
2000 2330 2060 2386 τ.]

1206 2390 1768 2431 Nonnemiserandum
1797 2388 1987 2439 fuelit,
2018 2389 2065 2429 si

1207 2447 1351 2499 quis,
1389 2447 1606 2487 etiamsi
1639 2447 1709 2487 sit
1737 2457 1866 2486 vera
1896 2456 2062 2498 quae-

1208 2504 1322 2543 dam
1363 2510 1414 2544 et
1454 2511 1599 2543 certa
1645 2504 1807 2552 ratio,
1863 2510 2063 2554 tamen,

1208 2561 1338 2611 quia
1395 2561 1443 2599 iu
1497 2560 1767 2600 eiusmodi
1815 2559 2063 2600 rationes

1207 2617 1499 2670 inciderit,
1540 2629 1675 2668 quae
1713 2615 1850 2656 alias
1901 2627 2064 2656 verae

1205 2673 1480 2722 videntur,
1529 2672 1666 2713 alias
1713 2670 1910 2721 falsae,
1961 2684 2064 2712 non

1204 2730 1377 2781 ipsum
1418 2741 1471 2768 se
1513 2739 1605 2768 nec
1635 2739 1777 2768 suam
1814 2728 2064 2768 inertiam

1205 2790 1443 2837 accuset,
1474 2785 1569 2825 sed
1598 2784 1809 2824 tandem
1842 2791 2064 2838 propter

1205 2841 1509 2883 molestiam
1552 2836 1657 2892 (διὰ
1693 2834 1748 2882 τὸ
1789 2833 1975 2894 αλγεῖν)
2017 2846 2067 2882 et

1206 2910 1334 2952 prae
1374 2898 1757 2962 indignatione
1796 2897 2003 2950 culpam
2039 2909 2065 2937 a

1207 2967 1264 2995 se
1291 2954 1344 2994 in
1374 2954 1612 2995 rationes
1642 2953 1888 2994 studiose
1928 2964 2066 2993 amo·

1206 3011 1376 3051 liatur
1417 3022 1476 3051 ac
1505 3010 1805 3052 transferat
1835 3016 1915 3050 etc.
1962 3010 2064 3050 Per·

1239 3079 1353 3108 eram
1412 3068 1542 3121 igitur
1599 3065 1907 3130 Stephanus
1966 3072 2066 3119 post

1226 3121 1374 3166 ’πειτα
1413 3124 1580 3165 addidit
1618 3125 1748 3164 verba
1786 3116 1961 3164 τούτου
1989 3115 2063 3164 ἐκ·

1205 3174 1364 3223 πεσὼν
1392 3173 1573 3245 απορῇ,
1614 3180 1686 3232 qui
1715 3191 1885 3233 pannus
1914 3187 1962 3219 ut
1987 3177 2063 3218 fir-

1207 3239 1319 3278 mius
1379 3238 1658 3288 tenaciusque
1717 3242 1980 3284 assueretm,
2041 3247 2066 3275 e

1207 3294 1447 3360 Mudgii
1472 3293 1715 3334 coniectura
1771 3290 2063 3331 Fischerus

1206 3357 1306 3391 ante
1333 3345 1398 3404 μὴ
1423 3342 1597 3392 ἔαυτόν
1617 3362 1689 3397 τις
1710 3343 1907 3403 αἰτιῷτο
1935 3347 2061 3387 addi-

1207 3408 1268 3448 dit
1287 3406 1376 3449 καί
1398 3407 1473 3447 illo
1498 3398 1654 3459 απορῇ
1678 3405 1855 3458 insuper
1875 3404 1918 3443 in
1942 3396 2059 3444 οἷπο-

1205 3466 1283 3518 ροῖ
1302 3469 1572 3505 commutato.

1439 2006 1484 2048 Ρ.
1505 1995 1602 2038 187.
1634 1993 1853 2035 Dorvill.
1875 1993 1930 2034 ad
1951 1992 2061 2034 Cha·

1705 2051 1789 2092 526
1838 2050 1904 2091 ed.
1944 2049 2062 2104 Lips.
