2158 3718
240 56 312 142 50
627 72 630 75 ’
865 91 1358 138 PRoLEeoMENA

242 228 592 299 (ἀθάνατον),
632 237 1043 300 quemadmodum
1070 237 1142 294 id,
1171 237 1301 302 quod
1326 237 1485 287 ideam
1512 238 1646 302 paris
1671 253 1768 287 non
1796 240 2016 304 recipiat,

240 305 402 370 impar
428 306 632 356 dicatur.
686 307 875 358 Deinde
902 307 1212 358 concluditur
1237 308 1346 366 hoc,
1376 309 1592 359 animum
1622 311 1823 359 omnino
1850 311 2017 361 interi-

239 379 317 425 tus
356 391 462 427 esse
497 382 746 441 expertem
786 374 1174 444 (ἀνώλεθρον),
1212 379 1632 444 quandoquidem,
1669 382 1711 430 si
1755 381 2020 447 quidquam

241 445 389 504 aliud,
427 454 562 498 certe
599 448 742 506 illud,
790 449 921 514 quod
966 449 1244 499 immortale
1281 465 1338 500 ac
1381 453 1736 515 sempiternum
1764 451 2017 510 habeatur,

240 517 561 568 dissolutione
599 525 646 568 et
678 520 879 569 interitu
912 519 1123 568 liberum
1160 522 1322 585 putari
1349 528 1595 586 oporteat,
1634 522 1681 571 id
1712 523 1841 586 quod
1869 523 1947 572 dei
1973 528 2020 572 et

238 588 378 638 ideae
404 591 529 639 vitae
557 591 1027 639 commemoratione
1063 591 1398 641 confirmatur.
1449 593 1536 642 His
1562 609 1678 642 vero
1705 594 1768 644 ita
1796 592 2019 658 explora-

171 705 174 708 .
242 660 300 708 tis
327 660 636 710 concluditur
659 663 1086 726 appropinquante
1107 668 1268 711 morte
1293 662 1549 713 mortalem
1580 663 1777 728 quidem
1804 663 2020 715 hominis

239 735 429 794 partem
457 733 678 787 interire,
708 732 791 780 sed
819 738 1010 795 partem
1039 733 1141 781 eius
1167 733 1495 783 immortalem
1521 735 1724 784 interitu
1750 736 2019 785 immunem

244 816 448 851 manere
475 801 686 867 ideoque
712 809 952 866 perpetuo
981 817 1087 852 esse
1115 803 1416 855 duraturam.
1844 805 1846 810 ’

379 886 511 936 Haec
545 886 694 950 igitur
732 887 959 938 Socrates
1003 888 1062 938 de
1106 887 1278 938 ultimo
1324 888 1699 940 immortalitatis
1742 892 2018 941 animorum

239 963 545 1021 argumento.
585 957 734 1008 Cuius
761 959 959 1024 quidem
988 959 1316 1023 explicatione
1343 959 1662 1026 philosophus
1690 961 1885 1011 tandem
1912 977 2019 1011 rem

238 1043 295 1077 eo
340 1029 587 1093 provexit,
637 1034 688 1078 ut
731 1031 830 1079 iam
867 1030 927 1079 ad
965 1045 1211 1080 summum
1251 1030 1446 1080 culmen
1486 1047 1542 1081 ac
1579 1032 1822 1096 fastigium
1860 1034 2019 1082 omnis

235 1097 576 1165 philosophiae
603 1099 766 1149 educti
791 1101 1058 1151 videamur.
1109 1101 1339 1151 Prohavit
1366 1104 1495 1151 enim
1531 1103 1837 1167 firmavitque
1871 1103 2017 1152 fidem

235 1169 614 1220 immortalitatis
650 1172 795 1220 etiam
832 1188 891 1221 ex
928 1172 1110 1222 ultimis
1144 1188 1314 1223 rerum
1351 1174 1608 1239 principiis
1634 1173 1708 1223 vel
1735 1175 1880 1229 ideis,
1911 1175 2015 1238 qui-

235 1239 329 1289 bus
371 1242 525 1304 ipsius
558 1241 736 1291 iudicio
772 1242 891 1291 nihil
926 1249 998 1293 est
1032 1245 1082 1292 in
1125 1242 1431 1308 philosophia
1475 1246 1672 1307 gravius
1717 1251 1799 1295 aut
1842 1244 2018 1295 celsius

237 1326 444 1376 eamque
481 1313 721 1362 rationem
759 1327 920 1371 suam,
959 1329 1055 1378 qua
1088 1314 1204 1363 hinc
1239 1316 1543 1379 potissimum
1572 1317 1620 1363 in
1650 1332 1704 1365 ea
1730 1331 1786 1366 re
1813 1316 2016 1366 demon-

237 1382 436 1431 stranda
480 1384 731 1448 profectus
771 1391 870 1442 est,
918 1385 1037 1434 dixit
1080 1379 1382 1443 ὑπόθεσιν,
1430 1392 1693 1450 propterea
1736 1387 1865 1452 quod
1910 1402 2015 1436 eam

235 1453 468 1517 principii
502 1453 610 1503 loco
648 1456 826 1518 posuit.
878 1456 1074 1505 Tribuit
1100 1462 1262 1505 autem
1290 1456 1426 1507 Plato
1453 1457 1566 1507 huic
1591 1463 1843 1523 postremo
1871 1473 2014 1522 argu-

235 1531 401 1573 mento
428 1539 696 1589 sanequam
723 1525 1007 1589 plurimum.
1062 1527 1115 1576 Id
1143 1528 1274 1592 quod
1312 1527 1580 1578 clarissime
1607 1545 1666 1578 ex
1694 1544 1750 1578 eo
1777 1530 2016 1594 perspici-

238 1600 339 1652 tur,
379 1596 510 1660 quod
535 1595 654 1645 illud
682 1611 781 1645 non
808 1598 956 1647 modo
984 1597 1155 1647 ultimo
1181 1597 1291 1647 loco
1318 1600 1505 1662 posuit,
1544 1615 1714 1649 verum
1750 1602 1895 1650 etiam
1923 1599 2018 1650 tale

233 1664 383 1715 voluit
419 1681 549 1723 esse,
589 1668 726 1716 cuius
767 1670 813 1717 vi
850 1675 897 1718 et
929 1671 1164 1733 gravitate
1192 1684 1362 1719 omnes
1389 1669 1717 1720 dubitationes
1744 1678 1791 1721 et
1817 1677 2014 1721 contro-

235 1737 422 1786 versiae
466 1738 527 1786 de
562 1739 927 1789 immortalitate
964 1742 1199 1790 excitatae
1237 1739 1382 1803 plane
1419 1749 1862 1792 summoverentur.
1913 1742 2015 1792 Nec

232 1807 456 1872 profecto
493 1808 750 1873 quisquam
785 1817 919 1860 recte
954 1812 1132 1861 infitias
1175 1812 1319 1860 iverit
1361 1813 1554 1876 pondus
1591 1813 1693 1862 eius
1728 1820 1873 1878 atque
1909 1829 2014 1862 mo-

233 1883 457 1927 mentum
493 1879 551 1927 ad
587 1878 726 1929 litem
754 1879 1076 1930 dirimendam
1103 1883 1272 1945 utique
1299 1898 1405 1932 esse
1432 1884 1797 1947 gravissimum,
1837 1890 1890 1933 ut
1914 1899 2015 1933 non

232 1954 421 1998 temere
449 1949 565 1999 hinc
593 1950 738 2000 etiam
764 1949 1191 2018 Augustinus1)
1219 1954 1510 2018 profecerit,
1542 1956 1680 2004 cuius
1708 1970 1818 2004 cum
1846 1955 2013 2020 dispu-

234 2020 416 2070 tatione
443 2022 659 2070 conferri
685 2024 869 2086 poterit
895 2024 1038 2072 etiam
1067 2023 1206 2073 locus
1233 2024 1483 2074 Ciceronis
1511 2041 1535 2075 e
1562 2026 1787 2076 Phaedro
1816 2041 2014 2091 expres-

232 2088 382 2156 sus2).
434 2090 555 2141 Nam
602 2091 688 2141 uhi
720 2093 911 2143 Platoni
957 2096 1288 2155 concesseris,
1327 2096 1457 2160 quod
1504 2112 1562 2146 ex
1605 2097 1855 2146 doctrinae
1896 2112 2013 2147 suae
2092 2112 2095 2115 ’

230 2162 424 2211 ratione
451 2164 639 2221 statuit,
669 2164 803 2214 ideas
835 2180 1009 2215 revera
1037 2181 1143 2216 esse
1168 2167 1326 2231 iisque
1367 2169 1610 2216 contineri
1637 2170 1742 2217 eius
1769 2168 1898 2233 quod
1923 2183 2013 2232 per

233 2248 287 2282 se
315 2239 506 2284 constet
530 2234 626 2283 vim
664 2250 719 2284 ac
754 2242 982 2286 naturam
1011 2253 1067 2287 ac
1101 2243 1360 2302 praeterea
1387 2237 1589 2302 largitus
1616 2239 1769 2289 fueris
1795 2240 2012 2288 animum

231 2305 510 2354 necessario
550 2306 694 2355 vitam
730 2306 821 2356 sibi
858 2307 1137 2358 adiunctam
1174 2308 1357 2373 habere
1399 2311 1601 2375 eiusque
1637 2311 2011 2375 participatione

232 2390 403 2425 carere
438 2391 538 2425 non
574 2392 744 2442 posse,
786 2388 919 2428 certe
949 2380 1022 2428 vix
1047 2381 1269 2445 reperies
1296 2381 1425 2445 quod
1452 2382 1501 2429 in
1529 2382 1708 2431 summi
1732 2381 2012 2446 philosophi

231 2448 654 2510 argumentatione
688 2448 894 2499 moleste
934 2450 1089 2509 feraS,
1127 2451 1218 2499 nisi
1254 2451 1380 2500 forte
1406 2451 1524 2500 illud
1554 2453 1714 2517 ipsum
1739 2452 2010 2517 reprehen-

232 2516 387 2574 deriS,
427 2518 561 2582 quod
587 2520 802 2569 animum
828 2522 952 2570 vitae
980 2536 1084 2571 esse
1121 2523 1409 2586 participem
1437 2525 1668 2572 sumserit
1691 2525 1855 2588 potius
1882 2522 2010 2573 arbi·

229 2589 323 2637 trio
361 2603 473 2646 su0,
512 2605 659 2654 quam
694 2590 886 2641 idoneis
916 2591 1326 2642 demonstraverit
1351 2593 1636 2643 rationibus,
1689 2596 1750 2643 At
1774 2595 2008 2644 nimirum

229 2658 422 2708 videtur
447 2659 768 2724 philosophus
806 2662 898 2711 hoc
932 2663 1041 2711 ideo
1079 2665 1322 2726 posuisse,
1363 2666 1474 2728 quia
1511 2666 1709 2714 remita
1737 2680 1789 2715 se
1824 2665 2008 2715 habere

230 2734 332 2777 tum
370 2745 429 2790 ex
463 2731 801 2794 superioribus
843 2733 1218 2783 immortalitatis
1262 2736 1564 2798 argumentis
1599 2734 1817 2800 intellegi
1852 2735 2005 2795 licuit,

228 2803 332 2847 tum
379 2799 574 2850 abunde
610 2801 999 2852 demonstratum
1036 2810 1109 2853 est
1143 2806 1193 2853 in
1231 2804 1456 2854 Phaedro
1472 2803 1534 2868 3),
1575 2821 1720 2870 quem
1760 2807 2007 2871 dialogum

228 2884 330 2918 non
355 2870 421 2919 ita
447 2870 600 2920 multo
639 2879 750 2922 ante
788 2873 1102 2923 Phaedonem
1139 2877 1189 2924 in
1228 2875 1398 2940 vulgus
1427 2877 1607 2926 editum
1637 2870 1743 2927 esse
1768 2893 2006 2944 perquam

229 2947 303 2990 est
327 2940 603 2992 verisimile.
643 2941 782 2999 Quod
810 2960 925 2994 vero
950 2944 1232 3008 Strato⁴)‚
1263 2947 1298 2997 G
1317 2946 1746 3012 ottleberus5),
1771 2949 2005 2999 Tenue-

342 3153 383 3204 1)
413 3153 485 3195 De
515 3154 706 3197 immort.
741 3157 878 3198 anim.
911 3159 935 3209 ἓ
969 3161 1021 3201 14
1052 3174 1123 3213 sq.

339 3210 383 3262 2)
416 3212 555 3254 Tusa.
588 3213 624 3255 Ι.
657 3215 728 3259 23.

338 3268 385 3314 3)
415 3267 530 3320 Pag.
561 3270 643 3309 245
670 3269 710 3309 A
738 3283 806 3322 sq.
852 3271 1070 3314 Eiusdem
1100 3275 1168 3315 rei
1201 3275 1636 3319 demonstrationem
1670 3278 1806 3321 etiam
1838 3282 2001 3334 postea

227 3321 461 3364 subtiliter
491 3326 695 3366 instituit
723 3328 773 3367 in
803 3327 889 3381 Lg.
920 3330 974 3369 X.
1006 3344 1048 3383 p.
1081 3333 1163 3373 895
1184 3331 1240 3383 E,
1272 3335 1355 3373 896
1377 3335 1428 3378 Α.

338 3380 386 3429 4)
417 3380 549 3433 Apud
582 3381 838 3437 Olympiod.
870 3399 911 3438 p.
947 3388 1028 3428 150
1059 3387 1127 3430 ed.
1162 3389 1358 3432 Finckh.

339 3437 382 3492 5)
414 3437 727 3485 Animadvers,
761 3442 807 3480 in
838 3442 1009 3486 phaed,
1044 3457 1085 3497 p.
1122 3447 1213 3485 196.
