2222 3762
405 169 475 219 44
881 165 1435 221 PROLEGOMEN
1443 169 1495 221 A
1535 170 1643 222 AI)

403 309 535 362 item
585 306 656 360 ad
703 306 1080 363 illustrandam
1127 308 1245 360 eius
1299 311 1701 365 accusationem
1747 320 1910 382 atque
1941 316 2108 370 simul

406 379 566 448 etiam
604 377 1127 432 condemnationem.
1199 378 1290 431 Ex
1313 398 1421 448 quo
1455 382 1819 437 verisimiliter
1844 386 2100 458 colligere

404 451 548 518 licet,
594 450 756 503 etiam
779 450 925 503 hunc
960 449 1197 502 libellum
1237 450 1383 503 circa
1422 459 1669 524 tempora
1700 455 1793 507 illa
1828 458 2102 526 periculo-

406 523 638 589 sissima,
667 521 772 574 hoc
811 530 910 588 est,
936 540 1043 573 non
1070 521 1147 573 ita
1186 522 1356 574 multo
1385 533 1510 594 post
1543 544 1702 594 quam
1742 546 1868 580 reus
1907 530 2100 600 capitis

403 593 677 664 supplicio
717 593 820 644 fuit
856 591 1268 661 condemnatus,
1313 595 1515 666 scripto
1555 597 1868 651 mandatum
1906 619 2042 654 esse.

548 666 744 732 Itaque
783 663 867 716 his
907 662 1126 732 quidem
1162 664 1240 717 ita
1268 664 1575 736 disputatis
1613 669 1745 747 quid
1785 670 1850 723 de
1890 672 2101 741 Apolo-

405 737 526 808 giae
564 742 914 806 argumente,
966 735 1225 803 consilio,
1279 743 1394 790 arte
1443 737 1677 808 denique
1727 749 1781 794 et
1830 744 2102 815 composi-

403 809 551 861 tione
590 804 1010 861 existimandum
1049 807 1144 874 sit,
1177 807 1328 860 ,satis
1379 809 1751 879 appariturum
1806 832 1928 868 esse
1979 834 2102 887 spe-

404 898 601 932 ramus,
676 877 798 932 Nec
834 897 964 930 vero
987 877 1094 930 iam
1123 898 1260 949 opus
1299 879 1408 932 erit·
1439 881 1731 935 defendere
1769 887 2101 940 arrrumentis

403 950 652 1020 pluribus
701 949 889 1019 scripti
936 948 1099 1001 fidem
1147 958 1202 1002 et
1251 952 1646 1006 auctoritatem.
1722 929 1870 1008 Illud
1921 964 2103 1010 tamen

402 1042 514 1074 non
577 1038 1043 1091 supervacaneum
1093 1021 1194 1074 erit
1254 1021 1630 1092 admonuisse,
1692 1021 1883 1080 notuin
1933 1028 2103 1082 fuisse

403 1093 645 1146 libellum
682 1093 789 1146 iam
824 1092 1138 1162 Aristoteli,
1190 1093 1338 1163 quod
1380 1104 1642 1164 quantum
1681 1096 1750 1149 ad
1788 1100 1904 1153 eius
1938 1099 2104 1153 fidem

406 1163 689 1223 tutandam
741 1165 952 1232 valeat,
1006 1165 1098 1217 vix
1146 1173 1274 1237 eget
1311 1165 1697 1221 admonitione.
1773 1169 1829 1224 Is
1867 1171 2009 1224 enim
2047 1173 2102 1223 in

403 1236 713 1294 Rhetoricis
749 1236 834 1290 bis
872 1237 1168 1291 sententias
1208 1237 1472 1307 quasdam
1505 1248 1770 1293 memorat
1792 1260 1860 1294 ex
1895 1241 2000 1296 hoc
2037 1243 2103 1295 li-

402 1309 545 1362 bello
585 1307 890 1373 desumt‘as3
929 1307 1079 1377 quod
1112 1309 1243 1362 licet
1274 1328 1571 1380 suppresso
1597 1311 1844 1366 Platonis
1883 1314 2103 1366 nomine

403 1380 526 1448 fiat,
566 1387 747 1432 tamen
783 1380 946 1434 huius
986 1381 1336 1451 scriptionem
1377 1379 1567 1434 re'vera
1603 1382 1931 1454 significari,
1981 1404 2104 1455 per-

403 1452 588 1523 pensis
623 1472 803 1505 rerum
839 1453 1125 1506 momentis
1165 1453 1433 1521 omnibus,
1473 1473 1631 1508 nemo
1670 1463 1870 1509 temere
1900 1456 2103 1510 infitias

402 1523 576 1577 iverit.
649 1523 795 1577 Nam
843 1523 1066 1578 Rhetor.
1113 1524 1239 1579 Lib.
1290 1525 1367 1577 II.
1414 1533 1550 1579 sect.
1603 1527 1687 1580 23.
1723 1547 1776 1598 p.
1821 1529 1976 1582 1398.
2015 1527 2100 1582 ed.

404 1595 644 1649 Bekker.
683 1596 849 1659 ἄλλος
887 1597 1155 1667 (ἔλεγχος)
1195 1599 1250 1664 ἐξ
1290 1595 1559 1668 ὁρισμοῦ,
1600 1596 1720 1651 οἷον
1761 1597 1848 1653 ὅτι
1887 1598 1950 1654 τὸ
1990 1602 2102 1654 δαι-

404 1666 607 1739 μόνιον
646 1666 810 1729 οὐδέν
848 1673 996 1721 ἐστιν
1033 1667 1156 1722 ἀλλ’
1198 1665 1233 1735 ἢ
1273 1666 1416 1732 θεὸς
1453 1664 1487 1734 ἢ
1525 1671 1672 1723 θεοῦ
1695 1673 1882 1740 ἔργον·
1923 1678 2106 1726 καίτοι

408 1738 557 1804 ὅςτις
595 1738 768 1793 οἴει-αιΙ
803 1742 952 1793 θεοῦ
988 1742 1150 1811 ἔργον
1186 1739 1343 1803 εἶναι,
1382 1743 1584 1794 τοῦτον
1622 1740 1835 1812 ἀνάγκη
1874 1744 2105 1798 οἴεσθαι

408 1815 499 1865 καὶ
551 1808 728 1873 θεοὺς
777 1811 943 1865 eheu:
996 1811 1193 1881 quibus
1242 1812 1423 1866 verbis
1473 1819 1723 1884 apertum
1774 1822 1857 1869 est
1903 1815 2104 1886 respici

405 1884 501 1936 illa
537 1882 845 1954 Apologiae
883 1905 935 1955 p.
976 1887 1060 1937 27.
1095 1883 1162 1936 B.
1208 1881 1271 1936 C.
1310 1885 1381 1938 D.
1419 1884 1486 1937 E.
1562 1883 1772 1938 Ibidem
1809 1907 1939 1940 vero
1978 1887 2102 1940 Lib.

407 1955 515 2009 111.
556 1962 689 2008 sect.
734 1956 815 2008 18.
851 1977 905 2028 p.
950 1959 1104 2009 1419.
1145 1955 1308 2009 etiam
1346 1955 1480 2010 haec
1517 1957 1801 2028 leguntur:
1851 1957 2103 2028 πυθόμε-

408 2048 509 2082 νον
559 2025 663 2096 γάρ
715 2031 797 2080 aaz
843 2026 946 2094 ’τὴν
992 2036 1127 2096 μίαν
1177 2026 1450 2096 πρότασιν
1497 2028 1574 2097 μὴ
1625 2032 1978 2100 προςερωτᾶν
2039 2029 2102 2084 τὸ

411 2095 677 2172 φανερόν,
715 2098 854 2152 ἀλλὰ
890 2096 953 2153 τὸ
998 2103 1367 2168 συμπέρασμα
1405 2107 1594 2166 εἰπεῖν,
1634 2103 1758 2156 οἷον
1793 2100 2106 2173 Σωκράτης

409 2171 672 2237 Μελήτου
712 2170 778 2225 οὐ
819 2169 1352 2245 φάσκοντοςαύτόν
1379 2168 1556 2235 θεοὺς
1591 2175 1836 2243 νομίζει-ν
1872 2175 2103 2245 εἴρηκεν,

410 2249 455 2297 εὶ
495 2240 790 2313 δαιμόνιόν
823 2265 876 2296 τι
915 2246 1095 2313 λέγοι,
1137 2241 1560 2313 ὁμολογήσατος
1598 2247 1656 2299 δὲ
1693 2244 1882 2316 ἤρετο,
1921 2251 1967 2299 εἰ
2008 2245 2107 2316 οὐχ

411 2319 464 2368 οὶ
505 2318 766 2386 δαίμονες
813 2313 938 2381 ἤτοι
988 2318 1144 2369 θεῶν
1193 2319 1385 2378 παῖὸες
1437 2316 1544 2370 εἶεν
1580 2313 1616 2382 ἢ
1653 2315 1822 2372 θεῖόν
1860 2334 1942 2371 τι·
2003 2317 2105 2391 φή-

411 2406 613 2449 σαντος
651 2390 746 2455 (ἳὲ,
799 2391 947 2442 ἔστιν
986 2381 1114 2449 οὖν,
1153 2389 1292 2459 ἔφη,
1349 2385 1500 2452 ‹ig-teg·
1550 2391 1703 2442 θεῶν
1754 2391 1862 2457 μὲν7
1905 2393 2108 2451 παῖδας

411 2458 582 2511 οἴεται
621 2459 793 2527 εἶναι,
837 2454 1012 2521 θεοὺς
1047 2460 1105 2511 δὲ
1145 2457 1237 2522 οὕς
1288 2477 1426 2527 quae
1459 2457 1527 2511 ad
1570 2459 1800 2513 eundem
1835 2459 1987 2512 illum
2025 2460 2106 2512 lo-

411 2547 533 2582 cum
580 2529 892 2602 Apologiae
937 2536 1188 2599 spectare
1242 2529 1636 2600 propemodum
1689 2532 1745 2583 in
1793 2530 1980 2585 oculos
2022 2531 2106 2584 in-

410 2601 595 2657 currit.
682 2626 684 2629 ·

556 2670 668 2726 Sed
714 2671 802 2724 hic
852 2671 1071 2740 quidem
1120 2671 1533 2742 Prolegomenis
1573 2674 1774 2727 nostris
1813 2674 2105 2743 aliquando

409 2743 574 2796 finem
622 2743 875 2796 statuisse
926 2744 1233 2796 consultum
1283 2743 1397 2797 erit.
1474 2743 1734 2817 Superest
1790 2753 1851 2798 ut
1888 2745 2105 2799 codices

411 2815 765 2884 manuscripti
804 2814 1154 2867 enumerandi
1193 2817 1332 2882 sint,
1382 2833 1448 2867 ex
1487 2816 1685 2884 quibus
1722 2818 1974 2871 lectionis
2012 2837 2105 2871 va-

410 2886 574 2939 rietas
613 2886 795 2939 verbis
832 2886 1081 2939 Platonis
1121 2886 1367 2939 subiecta
1404 2888 1660 2941 manavit.

611 3055 932 3134 Recensus
987 3057 1255 3134 codicum
1306 3077 1487 3134 manu
1541 3059 1926 3155 scriptorum,

866 3187 933 3236 ad
969 3188 1282 3251 Apologiam
1317 3201 1663 3242 excussorum.

528 3310 1024 3366 ¹Clarckianus
1073 3330 1116 3364 s·
1167 3310 1615 3370 Bodleianus.
1666 3313 1952 3369 Coislin.
1999 3317 2102 3386 (Ι)

414 3383 641 3437 Venet
697 3403 744 3436 a.
783 3387 905 3453 ΛΞ,
938 3390 1010 3452 et,
1048 3383 1139 3452 qui
1162 3382 1318 3436 nobis
1341 3383 1375 3436 b
1400 3387 1647 3457 signatus
1673 3394 1773 3456 est,
1797 3386 1872 3440 ΙΙ.
1900 3386 2100 3441 Vind.
