<?xml version="1.0" encoding="UTF-8"?>
<!DOCTYPE html PUBLIC "-//W3C//DTD XHTML 1.0 Transitional//EN"
    "http://www.w3.org/TR/xhtml1/DTD/xhtml1-transitional.dtd">
<html xmlns="http://www.w3.org/1999/xhtml" xml:lang="en" lang="en">
 <head>
  <title>
</title>
<meta http-equiv="Content-Type" content="text/html;charset=utf-8" />
  <meta name='ocr-system' content='tesseract 3.04.00' />
  <meta name='ocr-capabilities' content='ocr_page ocr_carea ocr_par ocr_line ocrx_word'/>
</head>
<body>
  <div class='ocr_page' id='page_1' title='image "./operaomniarecens01platuoft/operaomniarecens01platuoft_0599.png"; bbox 0 0 2158 3718; ppageno 0'>
   <div class='ocr_carea' id='block_1_1' title="bbox 153 0 362 51">
    <p class='ocr_par' dir='ltr' id='par_1_1' title="bbox 153 0 362 51">
     <span class='ocr_line' id='line_1_1' title="bbox 153 0 362 51; baseline 0 3667"><span class='ocrx_word' id='word_1_1' title='bbox 153 0 362 51; x_wconf 95' lang='lat' dir='ltr'><em> </em></span> 
     </span>
    </p>
   </div>
   <div class='ocr_carea' id='block_1_2' title="bbox 785 134 1254 192">
    <p class='ocr_par' dir='ltr' id='par_1_2' title="bbox 785 134 1254 192">
     <span class='ocr_line' id='line_1_2' title="bbox 785 134 1254 192; baseline 0.006 -15"><span class='ocrx_word' id='word_1_2' title='bbox 785 134 1044 177; x_wconf 80' lang='lat' dir='ltr'><strong>PHAEDO</strong></span> <span class='ocrx_word' id='word_1_3' title='bbox 1077 149 1123 192; x_wconf 76' lang='lat' dir='ltr'><em>p.</em></span> <span class='ocrx_word' id='word_1_4' title='bbox 1157 137 1254 180; x_wconf 83' lang='lat'><strong>106.</strong></span> 
     </span>
    </p>
   </div>
   <div class='ocr_carea' id='block_1_3' title="bbox 1784 132 1905 190">
    <p class='ocr_par' dir='ltr' id='par_1_3' title="bbox 1784 132 1905 190">
     <span class='ocr_line' id='line_1_3' title="bbox 1784 132 1905 190; baseline 0.008 -1"><span class='ocrx_word' id='word_1_5' title='bbox 1784 132 1905 190; x_wconf 78' lang='lat'><em>263</em></span> 
     </span>
    </p>
   </div>
   <div class='ocr_carea' id='block_1_4' title="bbox 249 255 1927 343">
    <p class='ocr_par' dir='ltr' id='par_1_4' title="bbox 249 255 1927 343">
     <span class='ocr_line' id='line_1_4' title="bbox 249 255 1927 343; baseline 0.001 -16"><span class='ocrx_word' id='word_1_6' title='bbox 249 278 365 343; x_wconf 83' lang='lat' dir='ltr'><strong>Cap.</strong></span> <span class='ocrx_word' id='word_1_7' title='bbox 406 275 500 326; x_wconf 91' lang='lat' dir='ltr'><em>LV.</em></span> <span class='ocrx_word' id='word_1_8' title='bbox 572 275 641 325; x_wconf 87' lang='grc' dir='ltr'><em>Τί</em></span> <span class='ocrx_word' id='word_1_9' title='bbox 674 265 807 336; x_wconf 80' lang='grc' dir='ltr'><em>οὖν;</em></span> <span class='ocrx_word' id='word_1_10' title='bbox 847 270 910 325; x_wconf 85' lang='grc' dir='ltr'><em>τὸ</em></span> <span class='ocrx_word' id='word_1_11' title='bbox 948 271 1021 342; x_wconf 89' lang='grc' dir='ltr'><em>μὴ</em></span> <span class='ocrx_word' id='word_1_12' title='bbox 1062 273 1368 342; x_wconf 81' lang='grc' dir='ltr'><em>δεχόμενον</em></span> <span class='ocrx_word' id='word_1_13' title='bbox 1406 255 1652 343; x_wconf 22' lang='grc' dir='ltr'><em>τήνυτοῦ</em></span> <span class='ocrx_word' id='word_1_14' title='bbox 1691 272 1927 342; x_wconf 20' lang='grc' dir='ltr'><em>ἅρτίουῤ</em></span> 
     </span>
    </p>
   </div>
   <div class='ocr_carea' id='block_1_5' title="bbox 104 353 1620 427">
    <p class='ocr_par' dir='ltr' id='par_1_5' title="bbox 104 353 1620 427">
     <span class='ocr_line' id='line_1_5' title="bbox 104 353 1620 427; baseline 0 -17"><span class='ocrx_word' id='word_1_15' title='bbox 104 358 267 412; x_wconf 76' lang='grc' dir='ltr'><em>ἰδέαν</em></span> <span class='ocrx_word' id='word_1_16' title='bbox 310 359 370 410; x_wconf 89' lang='grc' dir='ltr'><em>τί</em></span> <span class='ocrx_word' id='word_1_17' title='bbox 411 359 522 410; x_wconf 83' lang='grc' dir='ltr'><em>νῦν</em></span> <span class='ocrx_word' id='word_1_18' title='bbox 567 353 636 425; x_wconf 78' lang='grc' dir='ltr'><em>δὴ</em></span> <span class='ocrx_word' id='word_1_19' title='bbox 686 354 1070 426; x_wconf 70' lang='grc' dir='ltr'><em>ὦνομάζομενς</em></span> <span class='ocrx_word' id='word_1_20' title='bbox 1125 355 1443 427; x_wconf 65' lang='lat' dir='ltr'><em>’Avoiomov²</em></span> <span class='ocrx_word' id='word_1_21' title='bbox 1494 359 1620 427; x_wconf 83' lang='grc' dir='ltr'><em>ἔφη.</em></span> 
     </span>
    </p>
   </div>
   <div class='ocr_carea' id='block_1_6' title="bbox 1705 356 1891 412">
    <p class='ocr_par' dir='ltr' id='par_1_6' title="bbox 1705 356 1891 412">
     <span class='ocr_line' id='line_1_6' title="bbox 1705 356 1891 412; baseline 0.011 -2"><span class='ocrx_word' id='word_1_22' title='bbox 1705 356 1779 410; x_wconf 86' lang='grc' dir='ltr'><em>Τὸ</em></span> <span class='ocrx_word' id='word_1_23' title='bbox 1830 359 1891 412; x_wconf 75' lang='grc' dir='ltr'><em>δὲ</em></span> 
     </span>
    </p>
   </div>
   <div class='ocr_carea' id='block_1_7' title="bbox 108 439 1888 512">
    <p class='ocr_par' dir='ltr' id='par_1_7' title="bbox 108 439 1888 512">
     <span class='ocr_line' id='line_1_7' title="bbox 108 439 1888 512; baseline 0 -17"><span class='ocrx_word' id='word_1_24' title='bbox 108 443 330 495; x_wconf 81' lang='grc' dir='ltr'><em>δίκαιον</em></span> <span class='ocrx_word' id='word_1_25' title='bbox 375 439 448 510; x_wconf 85' lang='grc' dir='ltr'><em>μὴ</em></span> <span class='ocrx_word' id='word_1_26' title='bbox 496 439 801 509; x_wconf 81' lang='grc' dir='ltr'><em>δεχόμενον</em></span> <span class='ocrx_word' id='word_1_27' title='bbox 848 441 940 493; x_wconf 85' lang='grc' dir='ltr'><em>καὶ</em></span> <span class='ocrx_word' id='word_1_28' title='bbox 990 439 1022 494; x_wconf 83' lang='grc' dir='ltr'><em>ὃ</em></span> <span class='ocrx_word' id='word_1_29' title='bbox 1068 439 1140 494; x_wconf 74' lang='grc' dir='ltr'><em>ἂν</em></span> <span class='ocrx_word' id='word_1_30' title='bbox 1184 439 1460 511; x_wconf 84' lang='grc' dir='ltr'><em>μουσικὸν</em></span> <span class='ocrx_word' id='word_1_31' title='bbox 1506 440 1580 511; x_wconf 82' lang='grc' dir='ltr'><em>μή</em></span> <span class='ocrx_word' id='word_1_32' title='bbox 1639 443 1888 512; x_wconf 82' lang='grc' dir='ltr'><em>δέχηται;</em></span> 
     </span>
    </p>
   </div>
   <div class='ocr_carea' id='block_1_8' title="bbox 87 522 1056 595">
    <p class='ocr_par' dir='ltr' id='par_1_8' title="bbox 87 522 1056 595">
     <span class='ocr_line' id='line_1_8' title="bbox 87 522 1056 595; baseline -0.001 -16"><span class='ocrx_word' id='word_1_33' title='bbox 87 524 403 595; x_wconf 82' lang='grc' dir='ltr'><em>”Αμουσον,</em></span> <span class='ocrx_word' id='word_1_34' title='bbox 453 525 588 593; x_wconf 77' lang='grc' dir='ltr'><strong><em>ἔφη,</em></strong></span> <span class='ocrx_word' id='word_1_35' title='bbox 637 522 699 577; x_wconf 85' lang='grc' dir='ltr'><em>τὸ</em></span> <span class='ocrx_word' id='word_1_36' title='bbox 739 524 802 578; x_wconf 77' lang='grc' dir='ltr'><em>δὲ</em></span> <span class='ocrx_word' id='word_1_37' title='bbox 840 522 1056 578; x_wconf 77' lang='grc' dir='ltr'><em>ἄδικον.</em></span> 
     </span>
    </p>
   </div>
   <div class='ocr_carea' id='block_1_9' title="bbox 1133 521 1294 578">
    <p class='ocr_par' dir='ltr' id='par_1_9' title="bbox 1133 521 1294 578">
     <span class='ocr_line' id='line_1_9' title="bbox 1133 521 1294 578; baseline -0.006 0"><span class='ocrx_word' id='word_1_38' title='bbox 1133 521 1270 578; x_wconf 83' lang='grc' dir='ltr'><em>Εἶεν</em></span> <span class='ocrx_word' id='word_1_39' title='bbox 1285 543 1294 553; x_wconf 90' lang='grc'><em>·</em></span> 
     </span>
    </p>
   </div>
   <div class='ocr_carea' id='block_1_10' title="bbox 105 606 1889 681">
    <p class='ocr_par' dir='ltr' id='par_1_10' title="bbox 105 606 1889 681">
     <span class='ocr_line' id='line_1_10' title="bbox 105 606 1889 681; baseline 0 -18"><span class='ocrx_word' id='word_1_40' title='bbox 105 610 180 680; x_wconf 86' lang='grc' dir='ltr'><em>μὴ</em></span> <span class='ocrx_word' id='word_1_41' title='bbox 219 609 460 678; x_wconf 78' lang='grc' dir='ltr'><em>δέχηται,</em></span> <span class='ocrx_word' id='word_1_42' title='bbox 500 610 558 660; x_wconf 85' lang='grc' dir='ltr'><em>τί</em></span> <span class='ocrx_word' id='word_1_43' title='bbox 590 611 900 677; x_wconf 81' lang='grc' dir='ltr'><em>καλοῦμεν;</em></span> <span class='ocrx_word' id='word_1_44' title='bbox 938 606 1267 677; x_wconf 75' lang='grc' dir='ltr'><em>Ἀθάνατον,</em></span> <span class='ocrx_word' id='word_1_45' title='bbox 1297 611 1423 679; x_wconf 81' lang='grc' dir='ltr'><em>ἔφη.</em></span> <span class='ocrx_word' id='word_1_46' title='bbox 1480 608 1712 681; x_wconf 80' lang='grc' dir='ltr'><em>Οὐκοῦν</em></span> <span class='ocrx_word' id='word_1_47' title='bbox 1739 609 1889 680; x_wconf 83' lang='grc' dir='ltr'><em>ψυχὴ</em></span> 
     </span>
    </p>
   </div>
   <div class='ocr_carea' id='block_1_11' title="bbox 103 691 900 930">
    <p class='ocr_par' dir='ltr' id='par_1_11' title="bbox 103 691 900 930">
     <span class='ocr_line' id='line_1_11' title="bbox 106 691 900 762; baseline 0 -16"><span class='ocrx_word' id='word_1_48' title='bbox 106 691 177 746; x_wconf 84' lang='grc' dir='ltr'><em>οὐ</em></span> <span class='ocrx_word' id='word_1_49' title='bbox 215 693 434 762; x_wconf 81' lang='grc' dir='ltr'><em>δέχεται</em></span> <span class='ocrx_word' id='word_1_50' title='bbox 470 692 751 757; x_wconf 71' lang='grc' dir='ltr'><em>θάνατονς</em></span> <span class='ocrx_word' id='word_1_51' title='bbox 796 691 900 746; x_wconf 75' lang='grc' dir='ltr'><em>Οὔ.</em></span> 
     </span>
     <span class='ocr_line' id='line_1_12' title="bbox 105 795 297 831; baseline 0 -1"><span class='ocrx_word' id='word_1_52' title='bbox 105 795 297 831; x_wconf 80' lang='grc' dir='ltr'><em>νατον.</em></span> 
     </span>
     <span class='ocr_line' id='line_1_13' title="bbox 103 859 530 930; baseline 0 -16"><span class='ocrx_word' id='word_1_53' title='bbox 103 859 140 930; x_wconf 79' lang='grc' dir='ltr'><em>ἢ</em></span> <span class='ocrx_word' id='word_1_54' title='bbox 187 865 305 924; x_wconf 75' lang='grc' dir='ltr'><em>πῶς</em></span> <span class='ocrx_word' id='word_1_55' title='bbox 351 862 530 925; x_wconf 69' lang='grc' dir='ltr'><em>δοκεῖ]</em></span> 
     </span>
    </p>
   </div>
   <div class='ocr_carea' id='block_1_12' title="bbox 375 691 1941 933">
    <p class='ocr_par' dir='ltr' id='par_1_12' title="bbox 375 691 1941 933">
     <span class='ocr_line' id='line_1_14' title="bbox 953 691 1941 765; baseline 0.003 -20"><span class='ocrx_word' id='word_1_56' title='bbox 953 692 1264 747; x_wconf 80' lang='grc' dir='ltr'><em>Ἀθάνατον</em></span> <span class='ocrx_word' id='word_1_57' title='bbox 1290 691 1400 762; x_wconf 77' lang='grc' dir='ltr'><em>ἄρα</em></span> <span class='ocrx_word' id='word_1_58' title='bbox 1436 692 1470 763; x_wconf 81' lang='grc' dir='ltr'>ἡ</span> <span class='ocrx_word' id='word_1_59' title='bbox 1510 694 1662 764; x_wconf 80' lang='grc' dir='ltr'><em>ψυχή</em></span> <span class='ocrx_word' id='word_1_60' title='bbox 1674 718 1686 759; x_wconf 86' lang='grc'><strong>;</strong></span> <span class='ocrx_word' id='word_1_61' title='bbox 1726 694 1889 748; x_wconf 78' lang='grc' dir='ltr'><em>Ἀθά-</em></span> <span class='ocrx_word' id='word_1_62' title='bbox 1939 761 1941 765; x_wconf 71' lang='lat'>‚</span> 
     </span>
     <span class='ocr_line' id='line_1_15' title="bbox 375 773 1889 848; baseline 0.001 -18"><span class='ocrx_word' id='word_1_63' title='bbox 375 773 540 845; x_wconf 82' lang='grc' dir='ltr'><em>Εἶεν,</em></span> <span class='ocrx_word' id='word_1_64' title='bbox 581 780 715 846; x_wconf 82' lang='grc' dir='ltr'><em>ἔφη·</em></span> <span class='ocrx_word' id='word_1_65' title='bbox 769 781 934 830; x_wconf 85' lang='grc' dir='ltr'><em>τοῦτο</em></span> <span class='ocrx_word' id='word_1_66' title='bbox 973 777 1078 847; x_wconf 75' lang='grc' dir='ltr'><em>μὲν</em></span> <span class='ocrx_word' id='word_1_67' title='bbox 1117 775 1184 847; x_wconf 82' lang='grc' dir='ltr'><em>δὴ</em></span> <span class='ocrx_word' id='word_1_68' title='bbox 1225 775 1624 847; x_wconf 80' lang='grc' dir='ltr'><em>ἀποδεδεῖχθαι</em></span> <span class='ocrx_word' id='word_1_69' title='bbox 1663 782 1889 848; x_wconf 76' lang='grc' dir='ltr'><em>φῶμεν;</em></span> 
     </span>
     <span class='ocr_line' id='line_1_16' title="bbox 590 856 1740 933; baseline 0.003 -19"><span class='ocrx_word' id='word_1_70' title='bbox 590 862 701 914; x_wconf 80' lang='grc' dir='ltr'><em>Καὶ</em></span> <span class='ocrx_word' id='word_1_71' title='bbox 746 862 895 931; x_wconf 77' lang='grc' dir='ltr'><em>μάλα</em></span> <span class='ocrx_word' id='word_1_72' title='bbox 940 882 1004 930; x_wconf 81' lang='grc' dir='ltr'><em>γε</em></span> <span class='ocrx_word' id='word_1_73' title='bbox 1053 864 1285 929; x_wconf 76' lang='grc' dir='ltr'><em>ἱκανῶς,</em></span> <span class='ocrx_word' id='word_1_74' title='bbox 1342 856 1386 915; x_wconf 75' lang='grc' dir='ltr'><em>ὦ</em></span> <span class='ocrx_word' id='word_1_75' title='bbox 1426 862 1740 933; x_wconf 75' lang='grc' dir='ltr'><em>Σώκρατες.</em></span> 
     </span>
    </p>
   </div>
   <div class='ocr_carea' id='block_1_13' title="bbox 1827 866 1897 916">
    <p class='ocr_par' dir='ltr' id='par_1_13' title="bbox 1827 866 1897 916">
     <span class='ocr_line' id='line_1_17' title="bbox 1827 866 1897 916; baseline 0 0"><span class='ocrx_word' id='word_1_76' title='bbox 1827 866 1897 916; x_wconf 89' lang='grc' dir='ltr'><em>Τί</em></span> 
     </span>
    </p>
   </div>
   <div class='ocr_carea' id='block_1_14' title="bbox 102 938 1891 1048">
    <p class='ocr_par' dir='ltr' id='par_1_14' title="bbox 102 938 1891 1048">
     <span class='ocr_line' id='line_1_18' title="bbox 102 938 1891 1048; baseline 0.001 -50"><span class='ocrx_word' id='word_1_77' title='bbox 102 938 241 1014; x_wconf 80' lang='grc' dir='ltr'><em>οὖν,</em></span> <span class='ocrx_word' id='word_1_78' title='bbox 288 939 324 1014; x_wconf 74' lang='grc' dir='ltr'><strong><em>ἦ</em></strong></span> <span class='ocrx_word' id='word_1_79' title='bbox 363 943 417 997; x_wconf 88' lang='grc' dir='ltr'><em>δ’</em></span> <span class='ocrx_word' id='word_1_80' title='bbox 458 943 546 1014; x_wconf 80' lang='grc' dir='ltr'><em>ὅς,</em></span> <span class='ocrx_word' id='word_1_81' title='bbox 598 939 645 998; x_wconf 83' lang='grc' dir='ltr'><em>ω’</em></span> <span class='ocrx_word' id='word_1_82' title='bbox 691 947 897 1014; x_wconf 80' lang='grc' dir='ltr'><em>Κέβης;</em></span> <span class='ocrx_word' id='word_1_83' title='bbox 949 946 1000 998; x_wconf 81' lang='grc' dir='ltr'><em>εἰ</em></span> <span class='ocrx_word' id='word_1_84' title='bbox 1043 950 1119 1017; x_wconf 77' lang='grc' dir='ltr'><em>τῷ</em></span> <span class='ocrx_word' id='word_1_85' title='bbox 1167 944 1413 1048; x_wconf 81' lang='grc' dir='ltr'><em>ἀναρτίῳ</em></span> <span class='ocrx_word' id='word_1_86' title='bbox 1462 945 1772 1014; x_wconf 74' lang='grc' dir='ltr'><em>ἀναγκαῖον</em></span> <span class='ocrx_word' id='word_1_87' title='bbox 1818 941 1891 1016; x_wconf 82' lang='grc' dir='ltr'><em>ἦν</em></span> 
     </span>
    </p>
   </div>
   <div class='ocr_carea' id='block_1_15' title="bbox 102 1024 1991 1128">
    <p class='ocr_par' dir='ltr' id='par_1_15' title="bbox 102 1024 1991 1128">
     <span class='ocr_line' id='line_1_19' title="bbox 102 1024 1991 1128; baseline 0.003 -46"><span class='ocrx_word' id='word_1_88' title='bbox 102 1027 414 1099; x_wconf 74' lang='grc' dir='ltr'><em>ἀνωλέθρῳ</em></span> <span class='ocrx_word' id='word_1_89' title='bbox 462 1026 634 1097; x_wconf 78' lang='grc' dir='ltr'><em>εἶναι,</em></span> <span class='ocrx_word' id='word_1_90' title='bbox 683 1028 821 1082; x_wconf 74' lang='grc' dir='ltr'><em>ἄλλο</em></span> <span class='ocrx_word' id='word_1_91' title='bbox 871 1049 924 1081; x_wconf 85' lang='grc' dir='ltr'><em>τι</em></span> <span class='ocrx_word' id='word_1_92' title='bbox 972 1049 1039 1081; x_wconf 88' lang='grc' dir='ltr'><em>τα</em></span> <span class='ocrx_word' id='word_1_93' title='bbox 1084 1031 1212 1128; x_wconf 84' lang='grc' dir='ltr'><em>τρία</em></span> <span class='ocrx_word' id='word_1_94' title='bbox 1256 1028 1292 1098; x_wconf 77' lang='grc' dir='ltr'><em>ἢ</em></span> <span class='ocrx_word' id='word_1_95' title='bbox 1341 1027 1640 1099; x_wconf 72' lang='grc' dir='ltr'><em>ἀνώλεθρα</em></span> <span class='ocrx_word' id='word_1_96' title='bbox 1678 1030 1750 1084; x_wconf 80' lang='grc' dir='ltr'><em>ὅέν</em></span> <span class='ocrx_word' id='word_1_97' title='bbox 1788 1024 1886 1100; x_wconf 82' lang='grc' dir='ltr'><em>ἧν;</em></span> <span class='ocrx_word' id='word_1_98' title='bbox 1907 1048 1991 1088; x_wconf 81' lang='grc'><em>106</em></span> 
     </span>
    </p>
   </div>
   <div class='ocr_carea' id='block_1_16' title="bbox 99 1109 1892 1267">
    <p class='ocr_par' dir='ltr' id='par_1_16' title="bbox 99 1109 1892 1267">
     <span class='ocr_line' id='line_1_20' title="bbox 103 1109 1892 1184; baseline 0.001 -19"><span class='ocrx_word' id='word_1_99' title='bbox 103 1116 239 1176; x_wconf 82' lang='grc' dir='ltr'><em>Πως</em></span> <span class='ocrx_word' id='word_1_100' title='bbox 274 1132 382 1181; x_wconf 79' lang='grc' dir='ltr'><em>γαρ</em></span> <span class='ocrx_word' id='word_1_101' title='bbox 421 1110 517 1176; x_wconf 85' lang='grc' dir='ltr'><em>ου’;</em></span> <span class='ocrx_word' id='word_1_102' title='bbox 579 1109 811 1166; x_wconf 78' lang='grc' dir='ltr'><em>Οὐκοῦν</em></span> <span class='ocrx_word' id='word_1_103' title='bbox 852 1114 903 1165; x_wconf 81' lang='grc' dir='ltr'><em>εἰ</em></span> <span class='ocrx_word' id='word_1_104' title='bbox 946 1113 1039 1166; x_wconf 81' lang='grc' dir='ltr'><em>καὶ</em></span> <span class='ocrx_word' id='word_1_105' title='bbox 1076 1110 1138 1164; x_wconf 81' lang='grc' dir='ltr'><em>τὸ</em></span> <span class='ocrx_word' id='word_1_106' title='bbox 1180 1111 1434 1182; x_wconf 79' lang='grc' dir='ltr'><em>ἄθερμον</em></span> <span class='ocrx_word' id='word_1_107' title='bbox 1472 1111 1782 1182; x_wconf 75' lang='grc' dir='ltr'><em>ἀναγκαῖον</em></span> <span class='ocrx_word' id='word_1_108' title='bbox 1820 1109 1892 1184; x_wconf 83' lang='grc' dir='ltr'><em>ἧν</em></span> 
     </span>
     <span class='ocr_line' id='line_1_21' title="bbox 99 1193 1889 1267; baseline 0.002 -18"><span class='ocrx_word' id='word_1_109' title='bbox 99 1194 437 1267; x_wconf 73' lang='grc' dir='ltr'><em>ἀνώλεθρον</em></span> <span class='ocrx_word' id='word_1_110' title='bbox 476 1193 639 1264; x_wconf 83' lang='grc' dir='ltr'><em>εἶναι,</em></span> <span class='ocrx_word' id='word_1_111' title='bbox 681 1195 850 1250; x_wconf 84' lang='grc' dir='ltr'><em>ὁπότε</em></span> <span class='ocrx_word' id='word_1_112' title='bbox 889 1216 970 1259; x_wconf 78' lang='grc' dir='ltr'><em>τις</em></span> <span class='ocrx_word' id='word_1_113' title='bbox 1010 1196 1102 1249; x_wconf 82' lang='grc' dir='ltr'><em>ε’πι</em></span> <span class='ocrx_word' id='word_1_114' title='bbox 1139 1196 1303 1264; x_wconf 81' lang='grc' dir='ltr'><em>χιόνα</em></span> <span class='ocrx_word' id='word_1_115' title='bbox 1339 1196 1558 1267; x_wconf 80' lang='grc' dir='ltr'><em>θερμὸν</em></span> <span class='ocrx_word' id='word_1_116' title='bbox 1599 1199 1889 1267; x_wconf 76' lang='grc' dir='ltr'><em>ἐπαγάγοι,</em></span> 
     </span>
    </p>
   </div>
   <div class='ocr_carea' id='block_1_17' title="bbox 219 1348 1889 1407">
    <p class='ocr_par' dir='ltr' id='par_1_17' title="bbox 219 1348 1889 1407">
     <span class='ocr_line' id='line_1_22' title="bbox 219 1348 1889 1407; baseline 0.001 -12"><span class='ocrx_word' id='word_1_117' title='bbox 219 1355 321 1407; x_wconf 85' lang='lat' dir='ltr'><strong>cap.</strong></span> <span class='ocrx_word' id='word_1_118' title='bbox 345 1355 432 1397; x_wconf 93' lang='lat' dir='ltr'><em>LV.</em></span> <span class='ocrx_word' id='word_1_119' title='bbox 467 1354 526 1395; x_wconf 86' lang='grc' dir='ltr'><em>τί</em></span> <span class='ocrx_word' id='word_1_120' title='bbox 541 1353 646 1395; x_wconf 80' lang='grc' dir='ltr'><em>νῦν</em></span> <span class='ocrx_word' id='word_1_121' title='bbox 669 1348 754 1407; x_wconf 86' lang='grc' dir='ltr'><em>δή]</em></span> <span class='ocrx_word' id='word_1_122' title='bbox 778 1354 896 1397; x_wconf 90' lang='lat' dir='ltr'><strong>Bodl.</strong></span> <span class='ocrx_word' id='word_1_123' title='bbox 919 1354 1029 1396; x_wconf 90' lang='lat' dir='ltr'><strong>Ven.</strong></span> <span class='ocrx_word' id='word_1_124' title='bbox 1044 1354 1094 1395; x_wconf 92' lang='grc' dir='ltr'><strong><em>Π</em></strong></span> <span class='ocrx_word' id='word_1_125' title='bbox 1111 1353 1162 1396; x_wconf 83' lang='grc' dir='ltr'><em>τί</em></span> <span class='ocrx_word' id='word_1_126' title='bbox 1185 1353 1275 1397; x_wconf 77' lang='grc' dir='ltr'><em>νῦν</em></span> <span class='ocrx_word' id='word_1_127' title='bbox 1294 1354 1449 1396; x_wconf 76' lang='grc' dir='ltr'><em>ταῦτα</em></span> <span class='ocrx_word' id='word_1_128' title='bbox 1479 1354 1704 1396; x_wconf 85' lang='lat' dir='ltr'>manifesto</span> <span class='ocrx_word' id='word_1_129' title='bbox 1730 1369 1889 1397; x_wconf 80' lang='lat' dir='ltr'><strong>errore.</strong></span> 
     </span>
    </p>
   </div>
   <div class='ocr_carea' id='block_1_18' title="bbox 100 1417 1890 1534">
    <p class='ocr_par' dir='ltr' id='par_1_18' title="bbox 100 1417 1890 1524">
     <span class='ocr_line' id='line_1_23' title="bbox 100 1417 1890 1478; baseline 0.002 -14"><span class='ocrx_word' id='word_1_130' title='bbox 100 1446 106 1449; x_wconf 80' lang='lat'><em>-</em></span> <span class='ocrx_word' id='word_1_131' title='bbox 216 1425 263 1466; x_wconf 88' lang='lat' dir='ltr'><em>E.</em></span> <span class='ocrx_word' id='word_1_132' title='bbox 298 1417 531 1466; x_wconf 78' lang='grc' dir='ltr'><em>Οὐκοῦν</em></span> <span class='ocrx_word' id='word_1_133' title='bbox 569 1418 742 1478; x_wconf 80' lang='grc' dir='ltr'><em>ψυχή]</em></span> <span class='ocrx_word' id='word_1_134' title='bbox 787 1418 815 1478; x_wconf 84' lang='grc' dir='ltr'>ἡ</span> <span class='ocrx_word' id='word_1_135' title='bbox 848 1432 946 1465; x_wconf 77' lang='lat' dir='ltr'><strong>aute</strong></span> <span class='ocrx_word' id='word_1_136' title='bbox 973 1417 1108 1478; x_wconf 79' lang='grc' dir='ltr'><em>ψυχή</em></span> <span class='ocrx_word' id='word_1_137' title='bbox 1135 1424 1262 1477; x_wconf 80' lang='lat' dir='ltr'>vulgo</span> <span class='ocrx_word' id='word_1_138' title='bbox 1293 1426 1478 1476; x_wconf 86' lang='lat' dir='ltr'><strong>positum</strong></span> <span class='ocrx_word' id='word_1_139' title='bbox 1510 1437 1593 1472; x_wconf 84' lang='lat' dir='ltr'><em>om</em></span> <span class='ocrx_word' id='word_1_140' title='bbox 1625 1426 1754 1469; x_wconf 85' lang='lat' dir='ltr'>Coisl</span> <span class='ocrx_word' id='word_1_141' title='bbox 1796 1428 1890 1472; x_wconf 85' lang='lat' dir='ltr'><strong>Vat.</strong></span> 
     </span>
     <span class='ocr_line' id='line_1_24' title="bbox 102 1480 1889 1534; baseline 0.001 -12"><span class='ocrx_word' id='word_1_142' title='bbox 102 1480 599 1522; x_wconf 70' lang='lat' dir='ltr'><strong>Vind.÷1⁵Pa1-.GGHL</strong></span> <span class='ocrx_word' id='word_1_143' title='bbox 622 1482 768 1521; x_wconf 86' lang='lat' dir='ltr'><strong>Ambr.</strong></span> <span class='ocrx_word' id='word_1_144' title='bbox 793 1485 906 1534; x_wconf 82' lang='lat' dir='ltr'><strong>Aug.</strong></span> <span class='ocrx_word' id='word_1_145' title='bbox 931 1481 1039 1523; x_wconf 85' lang='lat' dir='ltr'><strong>Flor.</strong></span> <span class='ocrx_word' id='word_1_146' title='bbox 1063 1481 1245 1520; x_wconf 84' lang='lat' dir='ltr'>acdim.</span> <span class='ocrx_word' id='word_1_147' title='bbox 1291 1481 1523 1522; x_wconf 83' lang='lat' dir='ltr'><strong>Servarunt</strong></span> <span class='ocrx_word' id='word_1_148' title='bbox 1546 1482 1725 1523; x_wconf 85' lang='lat' dir='ltr'><strong>Bekker.</strong></span> <span class='ocrx_word' id='word_1_149' title='bbox 1749 1485 1889 1524; x_wconf 85' lang='lat' dir='ltr'><strong>Turio.</strong></span> 
     </span>
    </p>
   </div>
   <div class='ocr_carea' id='block_1_19' title="bbox 102 1532 1600 1590">
    <p class='ocr_par' dir='ltr' id='par_1_19' title="bbox 102 1532 1600 1590">
     <span class='ocr_line' id='line_1_25' title="bbox 102 1532 1600 1590; baseline 0 -13"><span class='ocrx_word' id='word_1_150' title='bbox 102 1538 246 1580; x_wconf 89' lang='lat' dir='ltr'><strong>Herm.</strong></span> <span class='ocrx_word' id='word_1_151' title='bbox 285 1537 422 1578; x_wconf 83' lang='lat' dir='ltr'>Etiam</span> <span class='ocrx_word' id='word_1_152' title='bbox 444 1548 545 1576; x_wconf 87' lang='lat' dir='ltr'><em>mox</em></span> <span class='ocrx_word' id='word_1_153' title='bbox 565 1532 594 1590; x_wconf 83' lang='grc' dir='ltr'>ἡ</span> <span class='ocrx_word' id='word_1_154' title='bbox 618 1537 768 1577; x_wconf 81' lang='lat' dir='ltr'><strong>deest</strong></span> <span class='ocrx_word' id='word_1_155' title='bbox 759 1550 800 1576; x_wconf 78' lang='grc' dir='ltr'><em>ιι]</em></span> <span class='ocrx_word' id='word_1_156' title='bbox 823 1538 923 1579; x_wconf 87' lang='lat' dir='ltr'><strong>Vat.</strong></span> <span class='ocrx_word' id='word_1_157' title='bbox 946 1538 1041 1577; x_wconf 80' lang='lat' dir='ltr'><strong>Par.</strong></span> <span class='ocrx_word' id='word_1_158' title='bbox 1060 1536 1177 1578; x_wconf 89' lang='lat' dir='ltr'><em>CHL</em></span> <span class='ocrx_word' id='word_1_159' title='bbox 1198 1538 1344 1579; x_wconf 85' lang='lat' dir='ltr'><strong>Ambr.</strong></span> <span class='ocrx_word' id='word_1_160' title='bbox 1369 1538 1478 1582; x_wconf 88' lang='lat' dir='ltr'>Flor</span> <span class='ocrx_word' id='word_1_161' title='bbox 1502 1550 1524 1577; x_wconf 94' lang='lat' dir='ltr'><strong>c</strong></span> <span class='ocrx_word' id='word_1_162' title='bbox 1546 1550 1600 1580; x_wconf 91' lang='lat' dir='ltr'><em>m.</em></span> 
     </span>
    </p>
   </div>
   <div class='ocr_carea' id='block_1_20' title="bbox 101 1597 1893 1829">
    <p class='ocr_par' dir='ltr' id='par_1_20' title="bbox 101 1597 1893 1829">
     <span class='ocr_line' id='line_1_26' title="bbox 216 1597 1893 1662; baseline 0.001 -16"><span class='ocrx_word' id='word_1_163' title='bbox 216 1607 264 1648; x_wconf 90' lang='lat' dir='ltr'><em>P.</em></span> <span class='ocrx_word' id='word_1_164' title='bbox 290 1607 387 1648; x_wconf 83' lang='lat'><strong>106.</strong></span> <span class='ocrx_word' id='word_1_165' title='bbox 421 1597 559 1647; x_wconf 77' lang='grc' dir='ltr'><em>ἄλλο</em></span> <span class='ocrx_word' id='word_1_166' title='bbox 589 1620 641 1647; x_wconf 85' lang='grc' dir='ltr'><em>τι</em></span> <span class='ocrx_word' id='word_1_167' title='bbox 669 1599 735 1647; x_wconf 79' lang='grc' dir='ltr'><em>τὰ</em></span> <span class='ocrx_word' id='word_1_168' title='bbox 765 1606 895 1662; x_wconf 86' lang='grc' dir='ltr'><em>τρία</em></span> <span class='ocrx_word' id='word_1_169' title='bbox 926 1598 1185 1660; x_wconf 61' lang='grc' dir='ltr'><em>ἤ]Βο1ς1ςοι·</em></span> <span class='ocrx_word' id='word_1_170' title='bbox 1212 1597 1240 1660; x_wconf 81' lang='grc' dir='ltr'><strong><em>ἦ</em></strong></span> <span class='ocrx_word' id='word_1_171' title='bbox 1263 1607 1419 1647; x_wconf 88' lang='lat' dir='ltr'>delevit</span> <span class='ocrx_word' id='word_1_172' title='bbox 1440 1620 1534 1646; x_wconf 91' lang='lat' dir='ltr'><em>cum</em></span> <span class='ocrx_word' id='word_1_173' title='bbox 1556 1608 1650 1649; x_wconf 78' lang='lat' dir='ltr'><strong>Par.</strong></span> <span class='ocrx_word' id='word_1_174' title='bbox 1675 1609 1830 1649; x_wconf 84' lang='lat' dir='ltr'>EGHI</span> <span class='ocrx_word' id='word_1_175' title='bbox 1853 1618 1893 1648; x_wconf 81' lang='lat' dir='ltr'><em>et</em></span> 
     </span>
     <span class='ocr_line' id='line_1_27' title="bbox 101 1662 1889 1718; baseline 0.001 -15"><span class='ocrx_word' id='word_1_176' title='bbox 101 1676 167 1717; x_wconf 87' lang='lat' dir='ltr'><em>pr.</em></span> <span class='ocrx_word' id='word_1_177' title='bbox 188 1664 298 1704; x_wconf 89' lang='lat' dir='ltr'><strong>Ven.</strong></span> <span class='ocrx_word' id='word_1_178' title='bbox 320 1662 431 1704; x_wconf 91' lang='grc' dir='ltr'><em>ΛΠ.</em></span> <span class='ocrx_word' id='word_1_179' title='bbox 473 1662 679 1703; x_wconf 86' lang='lat' dir='ltr'>Omittunt</span> <span class='ocrx_word' id='word_1_180' title='bbox 701 1664 829 1703; x_wconf 83' lang='lat' dir='ltr'>etiam</span> <span class='ocrx_word' id='word_1_181' title='bbox 851 1665 961 1717; x_wconf 83' lang='lat' dir='ltr'><strong>Aug.</strong></span> <span class='ocrx_word' id='word_1_182' title='bbox 983 1664 1092 1707; x_wconf 89' lang='lat' dir='ltr'>Flor</span> <span class='ocrx_word' id='word_1_183' title='bbox 1117 1664 1142 1701; x_wconf 88' lang='lat' dir='ltr'>b</span> <span class='ocrx_word' id='word_1_184' title='bbox 1166 1663 1192 1705; x_wconf 89' lang='lat' dir='ltr'><em>i.</em></span> <span class='ocrx_word' id='word_1_185' title='bbox 1238 1665 1280 1703; x_wconf 91' lang='lat' dir='ltr'><em>In</em></span> <span class='ocrx_word' id='word_1_186' title='bbox 1307 1663 1432 1704; x_wconf 88' lang='lat' dir='ltr'><strong>Coisl.</strong></span> <span class='ocrx_word' id='word_1_187' title='bbox 1455 1663 1549 1704; x_wconf 84' lang='lat' dir='ltr'><strong>Par.</strong></span> <span class='ocrx_word' id='word_1_188' title='bbox 1574 1663 1608 1704; x_wconf 93' lang='lat' dir='ltr'>G</span> <span class='ocrx_word' id='word_1_189' title='bbox 1631 1665 1740 1704; x_wconf 91' lang='lat' dir='ltr'><strong>Ven.</strong></span> <span class='ocrx_word' id='word_1_190' title='bbox 1762 1663 1808 1711; x_wconf 75' lang='grc' dir='ltr'><strong>Ξ</strong></span> <span class='ocrx_word' id='word_1_191' title='bbox 1826 1678 1889 1718; x_wconf 89' lang='lat' dir='ltr'><em>pr.</em></span> 
     </span>
     <span class='ocr_line' id='line_1_28' title="bbox 102 1711 1892 1784; baseline 0.001 -25"><span class='ocrx_word' id='word_1_192' title='bbox 102 1726 146 1759; x_wconf 86' lang='lat' dir='ltr'><em>et</em></span> <span class='ocrx_word' id='word_1_193' title='bbox 172 1732 256 1763; x_wconf 87' lang='lat' dir='ltr'><strong>rec.</strong></span> <span class='ocrx_word' id='word_1_194' title='bbox 278 1719 387 1759; x_wconf 89' lang='lat' dir='ltr'><strong>Ven.</strong></span> <span class='ocrx_word' id='word_1_195' title='bbox 411 1720 451 1760; x_wconf 85' lang='lat' dir='ltr'><strong>A</strong></span> <span class='ocrx_word' id='word_1_196' title='bbox 478 1719 631 1759; x_wconf 84' lang='lat' dir='ltr'><em>vocula</em></span> <span class='ocrx_word' id='word_1_197' title='bbox 661 1727 757 1771; x_wconf 87' lang='lat' dir='ltr'><strong>post</strong></span> <span class='ocrx_word' id='word_1_198' title='bbox 785 1711 901 1760; x_wconf 76' lang='grc' dir='ltr'><em>ἄλλο</em></span> <span class='ocrx_word' id='word_1_199' title='bbox 932 1733 977 1760; x_wconf 90' lang='grc' dir='ltr'><em>τι</em></span> <span class='ocrx_word' id='word_1_200' title='bbox 1007 1720 1273 1784; x_wconf 79' lang='lat' dir='ltr'>interposita,</span> <span class='ocrx_word' id='word_1_201' title='bbox 1305 1721 1416 1760; x_wconf 86' lang='lat' dir='ltr'>sicut</span> <span class='ocrx_word' id='word_1_202' title='bbox 1446 1721 1651 1774; x_wconf 87' lang='lat' dir='ltr'>scriptum</span> <span class='ocrx_word' id='word_1_203' title='bbox 1682 1734 1726 1761; x_wconf 86' lang='grc' dir='ltr'><em>ο</em></span> <span class='ocrx_word' id='word_1_204' title='bbox 1707 1728 1752 1761; x_wconf 88' lang='lat' dir='ltr'>t</span> <span class='ocrx_word' id='word_1_205' title='bbox 1778 1722 1892 1774; x_wconf 75' lang='lat' dir='ltr'><strong>apud</strong></span> 
     </span>
     <span class='ocr_line' id='line_1_29' title="bbox 103 1775 1532 1829; baseline 0 -13"><span class='ocrx_word' id='word_1_206' title='bbox 103 1775 351 1817; x_wconf 81' lang='lat' dir='ltr'><strong>stobaeum.</strong></span> <span class='ocrx_word' id='word_1_207' title='bbox 395 1775 549 1828; x_wconf 78' lang='lat' dir='ltr'>Optimi</span> <span class='ocrx_word' id='word_1_208' title='bbox 571 1775 698 1827; x_wconf 82' lang='lat' dir='ltr'>igitur</span> <span class='ocrx_word' id='word_1_209' title='bbox 718 1775 815 1815; x_wconf 85' lang='lat' dir='ltr'>libri</span> <span class='ocrx_word' id='word_1_210' title='bbox 836 1783 1049 1827; x_wconf 80' lang='lat' dir='ltr'><strong>receptam</strong></span> <span class='ocrx_word' id='word_1_211' title='bbox 1073 1777 1325 1829; x_wconf 81' lang='lat' dir='ltr'>scripturam</span> <span class='ocrx_word' id='word_1_212' title='bbox 1347 1783 1532 1820; x_wconf 82' lang='lat' dir='ltr'><strong>tuentur.</strong></span> 
     </span>
    </p>
   </div>
   <div class='ocr_carea' id='block_1_21' title="bbox 97 1837 1892 2093">
    <p class='ocr_par' dir='ltr' id='par_1_21' title="bbox 97 1837 1892 2068">
     <span class='ocr_line' id='line_1_30' title="bbox 217 1837 1889 1899; baseline -0.001 -12"><span class='ocrx_word' id='word_1_213' title='bbox 217 1837 760 1899; x_wconf 79' lang='grc' dir='ltr'><em>θερμόνέπαγοὶγοι]</em></span> <span class='ocrx_word' id='word_1_214' title='bbox 807 1845 932 1886; x_wconf 85' lang='lat' dir='ltr'><strong>Coisl.</strong></span> <span class='ocrx_word' id='word_1_215' title='bbox 953 1846 1050 1885; x_wconf 83' lang='lat' dir='ltr'><strong>Vat.</strong></span> <span class='ocrx_word' id='word_1_216' title='bbox 1082 1845 1191 1885; x_wconf 88' lang='lat' dir='ltr'><strong>Flor.</strong></span> <span class='ocrx_word' id='word_1_217' title='bbox 1215 1857 1240 1884; x_wconf 84' lang='lat' dir='ltr'>a</span> <span class='ocrx_word' id='word_1_218' title='bbox 1262 1846 1287 1885; x_wconf 90' lang='lat' dir='ltr'>d</span> <span class='ocrx_word' id='word_1_219' title='bbox 1317 1838 1498 1899; x_wconf 77' lang='grc' dir='ltr'><em>ἐποῖγει,</em></span> <span class='ocrx_word' id='word_1_220' title='bbox 1535 1846 1754 1888; x_wconf 85' lang='lat' dir='ltr'>Heindorf</span> <span class='ocrx_word' id='word_1_221' title='bbox 1778 1848 1889 1888; x_wconf 87' lang='lat' dir='ltr'><strong>coni.</strong></span> 
     </span>
     <span class='ocr_line' id='line_1_31' title="bbox 98 1895 1891 1956; baseline -0.001 -12"><span class='ocrx_word' id='word_1_222' title='bbox 98 1895 292 1956; x_wconf 69' lang='grc' dir='ltr'><em>ἐπῆγεν.</em></span> <span class='ocrx_word' id='word_1_223' title='bbox 314 1902 460 1942; x_wconf 80' lang='lat' dir='ltr'><strong>Paullo</strong></span> <span class='ocrx_word' id='word_1_224' title='bbox 478 1910 576 1941; x_wconf 84' lang='lat' dir='ltr'><strong>ante</strong></span> <span class='ocrx_word' id='word_1_225' title='bbox 593 1902 718 1944; x_wconf 87' lang='lat' dir='ltr'><strong>codd.</strong></span> <span class='ocrx_word' id='word_1_226' title='bbox 731 1902 850 1941; x_wconf 89' lang='lat' dir='ltr'><strong>Bodl.</strong></span> <span class='ocrx_word' id='word_1_227' title='bbox 864 1902 967 1943; x_wconf 86' lang='lat' dir='ltr'><strong>Tub.</strong></span> <span class='ocrx_word' id='word_1_228' title='bbox 983 1903 1091 1944; x_wconf 90' lang='lat' dir='ltr'><strong>Ven.</strong></span> <span class='ocrx_word' id='word_1_229' title='bbox 1103 1901 1294 1943; x_wconf 87' lang='lat' dir='ltr'><strong>HVind.</strong></span> <span class='ocrx_word' id='word_1_230' title='bbox 1311 1901 1352 1942; x_wconf 78' lang='grc' dir='ltr'><em>Τ</em></span> <span class='ocrx_word' id='word_1_231' title='bbox 1370 1903 1462 1941; x_wconf 86' lang='lat' dir='ltr'><strong>Par.</strong></span> <span class='ocrx_word' id='word_1_232' title='bbox 1476 1901 1599 1942; x_wconf 88' lang='lat' dir='ltr'>CHlL</span> <span class='ocrx_word' id='word_1_233' title='bbox 1611 1904 1720 1955; x_wconf 88' lang='lat' dir='ltr'><strong>Aug.</strong></span> <span class='ocrx_word' id='word_1_234' title='bbox 1733 1903 1891 1954; x_wconf 79' lang='lat' dir='ltr'>aliique</span> 
     </span>
     <span class='ocr_line' id='line_1_32' title="bbox 105 1950 1887 2022; baseline 0 -24"><span class='ocrx_word' id='word_1_235' title='bbox 105 1971 187 1998; x_wconf 90' lang='lat' dir='ltr'><em>non</em></span> <span class='ocrx_word' id='word_1_236' title='bbox 212 1959 341 2022; x_wconf 80' lang='lat' dir='ltr'><strong>pauci</strong></span> <span class='ocrx_word' id='word_1_237' title='bbox 358 1957 512 1998; x_wconf 87' lang='lat' dir='ltr'><strong>habent</strong></span> <span class='ocrx_word' id='word_1_238' title='bbox 532 1950 585 1998; x_wconf 83' lang='grc' dir='ltr'><em>τὸ</em></span> <span class='ocrx_word' id='word_1_239' title='bbox 607 1950 807 2010; x_wconf 78' lang='grc' dir='ltr'><em>θερμόν.</em></span> <span class='ocrx_word' id='word_1_240' title='bbox 838 1958 944 2006; x_wconf 85' lang='lat' dir='ltr'><em>Quin</em></span> <span class='ocrx_word' id='word_1_241' title='bbox 970 1956 1099 1998; x_wconf 89' lang='lat' dir='ltr'><strong>Coisl.</strong></span> <span class='ocrx_word' id='word_1_242' title='bbox 1122 1958 1217 2000; x_wconf 81' lang='lat' dir='ltr'><strong>Par.</strong></span> <span class='ocrx_word' id='word_1_243' title='bbox 1242 1957 1276 1998; x_wconf 90' lang='lat' dir='ltr'>G</span> <span class='ocrx_word' id='word_1_244' title='bbox 1297 1959 1445 1998; x_wconf 90' lang='lat' dir='ltr'><strong>Ambr.</strong></span> <span class='ocrx_word' id='word_1_245' title='bbox 1468 1958 1577 1997; x_wconf 88' lang='lat' dir='ltr'><strong>Flor.</strong></span> <span class='ocrx_word' id='word_1_246' title='bbox 1603 1959 1643 2009; x_wconf 90' lang='lat' dir='ltr'><em>d,</em></span> <span class='ocrx_word' id='word_1_247' title='bbox 1668 1971 1775 2001; x_wconf 87' lang='lat' dir='ltr'><strong>corr.</strong></span> <span class='ocrx_word' id='word_1_248' title='bbox 1792 1960 1887 2002; x_wconf 84' lang='lat' dir='ltr'><em>Vat‚</em></span> 
     </span>
     <span class='ocr_line' id='line_1_33' title="bbox 97 2006 1892 2093; baseline 0.001 -38"><span class='ocrx_word' id='word_1_249' title='bbox 97 2007 156 2056; x_wconf 73' lang='grc' dir='ltr'><em>τὸ</em></span> <span class='ocrx_word' id='word_1_250' title='bbox 184 2006 384 2093; x_wconf 81' lang='grc' dir='ltr'><em>ψυχρόν.</em></span> <span class='ocrx_word' id='word_1_251' title='bbox 427 2014 639 2054; x_wconf 82' lang='lat' dir='ltr'>Videlicet</span> <span class='ocrx_word' id='word_1_252' title='bbox 670 2014 769 2053; x_wconf 84' lang='lat' dir='ltr'>boni</span> <span class='ocrx_word' id='word_1_253' title='bbox 798 2014 1063 2066; x_wconf 81' lang='lat' dir='ltr'>grammatici</span> <span class='ocrx_word' id='word_1_254' title='bbox 1094 2026 1177 2053; x_wconf 89' lang='lat' dir='ltr'><em>non</em></span> <span class='ocrx_word' id='word_1_255' title='bbox 1207 2020 1438 2066; x_wconf 84' lang='lat' dir='ltr'><strong>potuerunt</strong></span> <span class='ocrx_word' id='word_1_256' title='bbox 1473 2025 1739 2064; x_wconf 80' lang='lat' dir='ltr'><strong>concoquere</strong></span> <span class='ocrx_word' id='word_1_257' title='bbox 1775 2015 1892 2056; x_wconf 86' lang='lat' dir='ltr'>istud</span> 
     </span>
    </p>
   </div>
   <div class='ocr_carea' id='block_1_22' title="bbox 96 2143 959 3492">
    <p class='ocr_par' dir='ltr' id='par_1_22' title="bbox 96 2143 953 2486">
     <span class='ocr_line' id='line_1_34' title="bbox 151 2143 951 2221; baseline -0.001 -26.985"><span class='ocrx_word' id='word_1_258' title='bbox 151 2153 265 2221; x_wconf 85' lang='lat' dir='ltr'><strong>Gap.</strong></span> <span class='ocrx_word' id='word_1_259' title='bbox 287 2153 378 2194; x_wconf 91' lang='lat' dir='ltr'><em>LV.</em></span> <span class='ocrx_word' id='word_1_260' title='bbox 407 2153 458 2192; x_wconf 87' lang='lat' dir='ltr'><em>E.</em></span> <span class='ocrx_word' id='word_1_261' title='bbox 483 2143 776 2204; x_wconf 84' lang='grc' dir='ltr'><em>”,Αμουσον</em></span> <span class='ocrx_word' id='word_1_262' title='bbox 818 2148 951 2205; x_wconf 72' lang='grc' dir='ltr'><em>ἔφη,</em></span> 
     </span>
     <span class='ocr_line' id='line_1_35' title="bbox 99 2200 953 2276; baseline -0.002 -25.99"><span class='ocrx_word' id='word_1_263' title='bbox 99 2203 166 2250; x_wconf 78' lang='grc' dir='ltr'><em>τὸ</em></span> <span class='ocrx_word' id='word_1_264' title='bbox 201 2204 262 2250; x_wconf 89' lang='grc' dir='ltr'><em>δε</em></span> <span class='ocrx_word' id='word_1_265' title='bbox 292 2200 520 2276; x_wconf 74' lang='grc' dir='ltr'><em>ἄδικον]</em></span> <span class='ocrx_word' id='word_1_266' title='bbox 550 2209 720 2248; x_wconf 85' lang='lat' dir='ltr'><strong>Plenius</strong></span> <span class='ocrx_word' id='word_1_267' title='bbox 751 2209 837 2248; x_wconf 76' lang='lat' dir='ltr'>dici</span> <span class='ocrx_word' id='word_1_268' title='bbox 858 2218 953 2276; x_wconf 83' lang='lat' dir='ltr'><strong>pot-</strong></span> 
     </span>
     <span class='ocr_line' id='line_1_36' title="bbox 102 2257 955 2331; baseline -0.001 -25.994"><span class='ocrx_word' id='word_1_269' title='bbox 102 2271 194 2306; x_wconf 79' lang='lat' dir='ltr'>erat</span> <span class='ocrx_word' id='word_1_270' title='bbox 228 2258 279 2306; x_wconf 81' lang='grc' dir='ltr'><em>τὰ</em></span> <span class='ocrx_word' id='word_1_271' title='bbox 311 2259 397 2317; x_wconf 76' lang='grc' dir='ltr'><em>μὲν</em></span> <span class='ocrx_word' id='word_1_272' title='bbox 428 2257 664 2331; x_wconf 67' lang='grc' dir='ltr'><em>ἄμουσον,</em></span> <span class='ocrx_word' id='word_1_273' title='bbox 696 2258 748 2304; x_wconf 83' lang='grc' dir='ltr'><em>τὸ</em></span> <span class='ocrx_word' id='word_1_274' title='bbox 773 2261 826 2305; x_wconf 91' lang='grc' dir='ltr'><em>δε</em></span> <span class='ocrx_word' id='word_1_275' title='bbox 850 2261 955 2304; x_wconf 85' lang='grc' dir='ltr'><em>α’δι-</em></span> 
     </span>
     <span class='ocr_line' id='line_1_37' title="bbox 103 2314 953 2373; baseline -0.005 -10"><span class='ocrx_word' id='word_1_276' title='bbox 103 2335 206 2363; x_wconf 71' lang='grc' dir='ltr'><em>κον.</em></span> <span class='ocrx_word' id='word_1_277' title='bbox 231 2321 316 2362; x_wconf 88' lang='lat' dir='ltr'><em>Sed</em></span> <span class='ocrx_word' id='word_1_278' title='bbox 337 2321 390 2361; x_wconf 90' lang='lat' dir='ltr'><em>de</em></span> <span class='ocrx_word' id='word_1_279' title='bbox 412 2314 570 2360; x_wconf 83' lang='lat' dir='ltr'>omisso</span> <span class='ocrx_word' id='word_1_280' title='bbox 594 2315 618 2361; x_wconf 85' lang='grc' dir='ltr'>ὁ</span> <span class='ocrx_word' id='word_1_281' title='bbox 641 2315 730 2373; x_wconf 85' lang='grc' dir='ltr'><em>μέν</em></span> <span class='ocrx_word' id='word_1_282' title='bbox 753 2327 953 2372; x_wconf 60' lang='lat' dir='ltr'><strong>sequente</strong></span> 
     </span>
     <span class='ocr_line' id='line_1_38' title="bbox 96 2373 953 2429; baseline -0.005 -10"><span class='ocrx_word' id='word_1_283' title='bbox 96 2373 130 2419; x_wconf 78' lang='grc' dir='ltr'><em>ὁ</em></span> <span class='ocrx_word' id='word_1_284' title='bbox 162 2374 217 2419; x_wconf 87' lang='grc' dir='ltr'><em>δέ</em></span> <span class='ocrx_word' id='word_1_285' title='bbox 246 2390 285 2417; x_wconf 87' lang='lat' dir='ltr'><em>v.</em></span> <span class='ocrx_word' id='word_1_286' title='bbox 327 2377 382 2417; x_wconf 80' lang='lat' dir='ltr'><em>ad</em></span> <span class='ocrx_word' id='word_1_287' title='bbox 411 2377 581 2429; x_wconf 84' lang='lat' dir='ltr'><strong>Protag.</strong></span> <span class='ocrx_word' id='word_1_288' title='bbox 610 2389 652 2429; x_wconf 92' lang='lat' dir='ltr'><em>p.</em></span> <span class='ocrx_word' id='word_1_289' title='bbox 685 2379 767 2417; x_wconf 88' lang='lat'><em>330</em></span> <span class='ocrx_word' id='word_1_290' title='bbox 791 2376 828 2416; x_wconf 92' lang='lat' dir='ltr'><strong>A</strong></span> <span class='ocrx_word' id='word_1_291' title='bbox 858 2377 953 2416; x_wconf 88' lang='lat' dir='ltr'><strong>coll.</strong></span> 
     </span>
     <span class='ocr_line' id='line_1_39' title="bbox 105 2433 810 2486; baseline 0.001 -12"><span class='ocrx_word' id='word_1_292' title='bbox 105 2435 381 2476; x_wconf 88' lang='lat' dir='ltr'><strong>Hermann.</strong></span> <span class='ocrx_word' id='word_1_293' title='bbox 406 2433 461 2472; x_wconf 85' lang='lat' dir='ltr'><em>ad</em></span> <span class='ocrx_word' id='word_1_294' title='bbox 480 2434 623 2485; x_wconf 76' lang='lat' dir='ltr'><strong>Viget.</strong></span> <span class='ocrx_word' id='word_1_295' title='bbox 648 2446 690 2486; x_wconf 92' lang='lat' dir='ltr'><strong>p.</strong></span> <span class='ocrx_word' id='word_1_296' title='bbox 714 2433 810 2475; x_wconf 87' lang='grc'><strong>699.</strong></span> 
     </span>
    </p>

    <p class='ocr_par' dir='ltr' id='par_1_23' title="bbox 100 2487 959 2823">
     <span class='ocr_line' id='line_1_40' title="bbox 165 2487 955 2542; baseline -0.005 -11"><span class='ocrx_word' id='word_1_297' title='bbox 165 2488 222 2531; x_wconf 84' lang='grc' dir='ltr'><em>τί</em></span> <span class='ocrx_word' id='word_1_298' title='bbox 257 2487 566 2542; x_wconf 78' lang='grc' dir='ltr'><em>καλοῦμεν]</em></span> <span class='ocrx_word' id='word_1_299' title='bbox 609 2500 708 2540; x_wconf 89' lang='lat' dir='ltr'><em>quo</em></span> <span class='ocrx_word' id='word_1_300' title='bbox 746 2489 955 2529; x_wconf 86' lang='lat' dir='ltr'><strong>nomine</strong></span> 
     </span>
     <span class='ocr_line' id='line_1_41' title="bbox 100 2543 955 2599; baseline 0.001 -15"><span class='ocrx_word' id='word_1_301' title='bbox 100 2547 385 2587; x_wconf 78' lang='lat' dir='ltr'><em>vocamus?</em></span> <span class='ocrx_word' id='word_1_302' title='bbox 419 2553 462 2584; x_wconf 82' lang='lat' dir='ltr'><em>ut</em></span> <span class='ocrx_word' id='word_1_303' title='bbox 489 2544 632 2599; x_wconf 82' lang='lat' dir='ltr'><strong>paullo</strong></span> <span class='ocrx_word' id='word_1_304' title='bbox 663 2552 764 2585; x_wconf 84' lang='lat' dir='ltr'><strong>ante</strong></span> <span class='ocrx_word' id='word_1_305' title='bbox 791 2544 842 2586; x_wconf 86' lang='grc' dir='ltr'><em>τί</em></span> <span class='ocrx_word' id='word_1_306' title='bbox 867 2543 955 2586; x_wconf 79' lang='grc' dir='ltr'><em>νῦν</em></span> 
     </span>
     <span class='ocr_line' id='line_1_42' title="bbox 100 2594 955 2655; baseline -0.005 -12"><span class='ocrx_word' id='word_1_307' title='bbox 100 2595 169 2655; x_wconf 78' lang='grc' dir='ltr'><em>δὴ</em></span> <span class='ocrx_word' id='word_1_308' title='bbox 207 2594 533 2655; x_wconf 76' lang='grc' dir='ltr'><em>ὦνομαζομεν;</em></span> <span class='ocrx_word' id='word_1_309' title='bbox 571 2614 610 2641; x_wconf 77' lang='grc' dir='ltr'><em>ν.</em></span> <span class='ocrx_word' id='word_1_310' title='bbox 640 2601 955 2642; x_wconf 79' lang='lat' dir='ltr'><strong>Valckenar.</strong></span> 
     </span>
     <span class='ocr_line' id='line_1_43' title="bbox 101 2653 959 2722; baseline 0 -25"><span class='ocrx_word' id='word_1_311' title='bbox 101 2659 162 2699; x_wconf 82' lang='lat' dir='ltr'><em>ad</em></span> <span class='ocrx_word' id='word_1_312' title='bbox 183 2658 343 2699; x_wconf 77' lang='lat' dir='ltr'><strong>Plioen.</strong></span> <span class='ocrx_word' id='word_1_313' title='bbox 367 2659 435 2700; x_wconf 90' lang='grc'><em>12</em></span> <span class='ocrx_word' id='word_1_314' title='bbox 449 2657 657 2722; x_wconf 78' lang='lat' dir='ltr'><strong>Sympos.</strong></span> <span class='ocrx_word' id='word_1_315' title='bbox 680 2669 722 2709; x_wconf 91' lang='lat' dir='ltr'><em>p.</em></span> <span class='ocrx_word' id='word_1_316' title='bbox 746 2658 826 2699; x_wconf 77' lang='lat'><em>212</em></span> <span class='ocrx_word' id='word_1_317' title='bbox 853 2658 882 2697; x_wconf 89' lang='lat' dir='ltr'>C</span> <span class='ocrx_word' id='word_1_318' title='bbox 916 2653 959 2698; x_wconf 82' lang='grc' dir='ltr'><em>εἰ</em></span> 
     </span>
     <span class='ocr_line' id='line_1_44' title="bbox 100 2705 956 2778; baseline -0.002 -21.985"><span class='ocrx_word' id='word_1_319' title='bbox 100 2709 162 2756; x_wconf 76' lang='grc' dir='ltr'><em>δὲ</em></span> <span class='ocrx_word' id='word_1_320' title='bbox 197 2705 226 2755; x_wconf 79' lang='grc' dir='ltr'>ὅ</span> <span class='ocrx_word' id='word_1_321' title='bbox 260 2727 322 2778; x_wconf 68' lang='lat'>&#39;¹³¹2</span> <span class='ocrx_word' id='word_1_322' title='bbox 332 2706 472 2754; x_wconf 72' lang='grc' dir='ltr'><em>κάὶ”</em></span> <span class='ocrx_word' id='word_1_323' title='bbox 443 2726 538 2777; x_wconf 82' lang='grc' dir='ltr'><em>οπῃ</em></span> <span class='ocrx_word' id='word_1_324' title='bbox 566 2713 747 2766; x_wconf 85' lang='grc' dir='ltr'><em>χαίρεις</em></span> <span class='ocrx_word' id='word_1_325' title='bbox 776 2706 956 2766; x_wconf 76' lang='grc' dir='ltr'><em>ὀνομά-</em></span> 
     </span>
     <span class='ocr_line' id='line_1_45' title="bbox 103 2762 613 2835; baseline -0.004 -22.971"><span class='ocrx_word' id='word_1_326' title='bbox 103 2770 216 2822; x_wconf 80' lang='grc' dir='ltr'><em>ζων,</em></span> <span class='ocrx_word' id='word_1_327' title='bbox 239 2768 378 2811; x_wconf 83' lang='grc' dir='ltr'><em>τοῦτο</em></span> <span class='ocrx_word' id='word_1_328' title='bbox 397 2762 613 2835; x_wconf 82' lang='grc' dir='ltr'><em>ὀνόμαζε</em></span> 
     </span>
    </p>

    <p class='ocr_par' dir='ltr' id='par_1_24' title="bbox 167 2818 956 2891">
     <span class='ocr_line' id='line_1_46' title="bbox 167 2818 956 2891; baseline -0.003 -24"><span class='ocrx_word' id='word_1_329' title='bbox 167 2818 399 2867; x_wconf 74' lang='grc' dir='ltr'><em>Οὐκοῦν</em></span> <span class='ocrx_word' id='word_1_330' title='bbox 431 2822 588 2891; x_wconf 78' lang='grc' dir='ltr'><em>ψυχὴ</em></span> <span class='ocrx_word' id='word_1_331' title='bbox 627 2838 694 2866; x_wconf 92' lang='grc' dir='ltr'><em>ου</em></span> <span class='ocrx_word' id='word_1_332' title='bbox 723 2823 787 2879; x_wconf 88' lang='grc' dir='ltr'><em>δ.]</em></span> <span class='ocrx_word' id='word_1_333' title='bbox 814 2825 956 2890; x_wconf 85' lang='lat' dir='ltr'>Olym-</span> 
     </span>
    </p>

    <p class='ocr_par' dir='ltr' id='par_1_25' title="bbox 140 2875 958 2935">
     <span class='ocr_line' id='line_1_47' title="bbox 140 2875 958 2935; baseline 0.004 -16"><span class='ocrx_word' id='word_1_334' title='bbox 140 2881 225 2924; x_wconf 89' lang='lat' dir='ltr'>iod</span> <span class='ocrx_word' id='word_1_335' title='bbox 249 2894 292 2933; x_wconf 87' lang='lat' dir='ltr'><em>p.</em></span> <span class='ocrx_word' id='word_1_336' title='bbox 317 2883 394 2922; x_wconf 84' lang='grc'><em>191</em></span> <span class='ocrx_word' id='word_1_337' title='bbox 418 2875 446 2935; x_wconf 83' lang='grc' dir='ltr'>ἡ</span> <span class='ocrx_word' id='word_1_338' title='bbox 470 2875 721 2933; x_wconf 80' lang='grc' dir='ltr'><em>απόδειξις</em></span> <span class='ocrx_word' id='word_1_339' title='bbox 742 2875 958 2934; x_wconf 83' lang='grc' dir='ltr'><em>πρόεισιν</em></span> 
     </span>
    </p>

    <p class='ocr_par' dir='ltr' id='par_1_26' title="bbox 110 2929 958 3269">
     <span class='ocr_line' id='line_1_48' title="bbox 139 2929 958 3002; baseline 0.001 -25"><span class='ocrx_word' id='word_1_340' title='bbox 139 2950 167 2977; x_wconf 85' lang='grc' dir='ltr'><strong><em>κ</em></strong></span> <span class='ocrx_word' id='word_1_341' title='bbox 189 2934 283 2978; x_wconf 82' lang='grc' dir='ltr'><em>τῶν</em></span> <span class='ocrx_word' id='word_1_342' title='bbox 302 2929 587 2978; x_wconf 76' lang='grc' dir='ltr'><em>ὑποθέσεων</em></span> <span class='ocrx_word' id='word_1_343' title='bbox 592 2936 773 3002; x_wconf 80' lang='grc' dir='ltr'><em>τοιῷδε</em></span> <span class='ocrx_word' id='word_1_344' title='bbox 795 2939 958 2978; x_wconf 80' lang='grc' dir='ltr'><em>συλλο-</em></span> 
     </span>
     <span class='ocr_line' id='line_1_49' title="bbox 110 2982 958 3061; baseline 0.002 -29"><span class='ocrx_word' id='word_1_345' title='bbox 110 2991 284 3058; x_wconf 81' lang='grc' dir='ltr'><em>γισμῷ·</em></span> <span class='ocrx_word' id='word_1_346' title='bbox 317 2986 347 3045; x_wconf 82' lang='grc' dir='ltr'>ἡ</span> <span class='ocrx_word' id='word_1_347' title='bbox 370 2986 502 3045; x_wconf 81' lang='grc' dir='ltr'><em>ψυχὴ</em></span> <span class='ocrx_word' id='word_1_348' title='bbox 526 2982 561 3047; x_wconf 78' lang='grc' dir='ltr'><em>ᾧ</em></span> <span class='ocrx_word' id='word_1_349' title='bbox 584 3006 645 3034; x_wconf 90' lang='grc' dir='ltr'><em>αν</em></span> <span class='ocrx_word' id='word_1_350' title='bbox 665 2984 810 3061; x_wconf 84' lang='grc' dir='ltr'><em>παρη.</em></span> <span class='ocrx_word' id='word_1_351' title='bbox 812 2987 958 3057; x_wconf 82' lang='grc' dir='ltr'><em>ζωὴν</em></span> 
     </span>
     <span class='ocr_line' id='line_1_50' title="bbox 111 3035 958 3114; baseline 0.001 -25"><span class='ocrx_word' id='word_1_352' title='bbox 111 3045 262 3114; x_wconf 74' lang='grc' dir='ltr'><em>τούτῳ</em></span> <span class='ocrx_word' id='word_1_353' title='bbox 292 3035 543 3114; x_wconf 60' lang='grc' dir='ltr'><em>ἐπιφέρει.</em></span> <span class='ocrx_word' id='word_1_354' title='bbox 569 3047 669 3090; x_wconf 80' lang='grc' dir='ltr'><em>πᾶν</em></span> <span class='ocrx_word' id='word_1_355' title='bbox 704 3045 757 3090; x_wconf 88' lang='grc' dir='ltr'><em>δε</em></span> <span class='ocrx_word' id='word_1_356' title='bbox 793 3041 820 3089; x_wconf 77' lang='grc' dir='ltr'>ὃ</span> <span class='ocrx_word' id='word_1_357' title='bbox 857 3043 958 3090; x_wconf 80' lang='grc' dir='ltr'><em>ἐπι-</em></span> 
     </span>
     <span class='ocr_line' id='line_1_51' title="bbox 110 3097 959 3169; baseline 0.001 -24"><span class='ocrx_word' id='word_1_358' title='bbox 110 3100 249 3157; x_wconf 82' lang='grc' dir='ltr'><em>φέρει</em></span> <span class='ocrx_word' id='word_1_359' title='bbox 272 3117 333 3169; x_wconf 85' lang='grc' dir='ltr'><em>τι,</em></span> <span class='ocrx_word' id='word_1_360' title='bbox 363 3097 570 3144; x_wconf 79' lang='grc' dir='ltr'><em>αδεκτόν</em></span> <span class='ocrx_word' id='word_1_361' title='bbox 595 3097 692 3145; x_wconf 80' lang='grc' dir='ltr'><em>ἐστι</em></span> <span class='ocrx_word' id='word_1_362' title='bbox 714 3104 798 3145; x_wconf 84' lang='grc' dir='ltr'><em>τοῦ</em></span> <span class='ocrx_word' id='word_1_363' title='bbox 821 3098 959 3147; x_wconf 74' lang='grc' dir='ltr'><em>ἔναν-</em></span> 
     </span>
     <span class='ocr_line' id='line_1_52' title="bbox 110 3151 958 3214; baseline 0 -13"><span class='ocrx_word' id='word_1_364' title='bbox 110 3159 216 3201; x_wconf 85' lang='grc' dir='ltr'><em>τίου</em></span> <span class='ocrx_word' id='word_1_365' title='bbox 238 3152 384 3214; x_wconf 78' lang='grc' dir='ltr'><em>αὐτῷ.</em></span> <span class='ocrx_word' id='word_1_366' title='bbox 427 3153 456 3212; x_wconf 85' lang='grc' dir='ltr'>ἡ</span> <span class='ocrx_word' id='word_1_367' title='bbox 485 3155 614 3212; x_wconf 86' lang='grc' dir='ltr'><em>ψυχὴ</em></span> <span class='ocrx_word' id='word_1_368' title='bbox 638 3153 732 3213; x_wconf 73' lang='grc' dir='ltr'><em>ἄρα</em></span> <span class='ocrx_word' id='word_1_369' title='bbox 756 3151 958 3208; x_wconf 77' lang='grc' dir='ltr'><em>ἄδεκτός</em></span> 
     </span>
     <span class='ocr_line' id='line_1_53' title="bbox 112 3202 957 3282; baseline 0.001 -25"><span class='ocrx_word' id='word_1_370' title='bbox 112 3209 209 3257; x_wconf 77' lang='grc' dir='ltr'><em>ἐστι</em></span> <span class='ocrx_word' id='word_1_371' title='bbox 231 3214 316 3256; x_wconf 80' lang='grc' dir='ltr'><em>τοῦ</em></span> <span class='ocrx_word' id='word_1_372' title='bbox 338 3202 561 3256; x_wconf 77' lang='grc' dir='ltr'><em>ἐναντίου</em></span> <span class='ocrx_word' id='word_1_373' title='bbox 583 3214 638 3268; x_wconf 84' lang='grc' dir='ltr'><em>τῇ</em></span> <span class='ocrx_word' id='word_1_374' title='bbox 687 3215 774 3269; x_wconf 83' lang='grc' dir='ltr'><em>ωῇ”</em></span> <span class='ocrx_word' id='word_1_375' title='bbox 814 3210 842 3269; x_wconf 83' lang='grc' dir='ltr'>ἡ</span> <span class='ocrx_word' id='word_1_376' title='bbox 865 3224 957 3282; x_wconf 80' lang='grc' dir='ltr'><em>ψυ-</em></span> 
     </span>
    </p>

    <p class='ocr_par' dir='ltr' id='par_1_27' title="bbox 105 3261 959 3492">
     <span class='ocr_line' id='line_1_54' title="bbox 142 3261 957 3338; baseline 0 -26"><span class='ocrx_word' id='word_1_377' title='bbox 142 3286 171 3325; x_wconf 89' lang='grc' dir='ltr'><strong><em>η</em></strong></span> <span class='ocrx_word' id='word_1_378' title='bbox 195 3262 397 3319; x_wconf 80' lang='grc' dir='ltr'><em>αδεκτός</em></span> <span class='ocrx_word' id='word_1_379' title='bbox 419 3265 515 3312; x_wconf 71' lang='grc' dir='ltr'><em>ἔστι</em></span> <span class='ocrx_word' id='word_1_380' title='bbox 544 3270 628 3312; x_wconf 85' lang='grc' dir='ltr'><em>τοῦ</em></span> <span class='ocrx_word' id='word_1_381' title='bbox 676 3271 890 3325; x_wconf 81' lang='grc' dir='ltr'><em>ναντίου,</em></span> <span class='ocrx_word' id='word_1_382' title='bbox 922 3261 957 3338; x_wconf 76' lang='grc' dir='ltr'><em>ᾧ</em></span> 
     </span>
     <span class='ocr_line' id='line_1_55' title="bbox 105 3266 959 3449; baseline 0.001 -26"><span class='ocrx_word' id='word_1_383' title='bbox 105 3266 344 3447; x_wconf 51' lang='lat' dir='ltr'><em>{effigit</em></span> <span class='ocrx_word' id='word_1_384' title='bbox 360 3317 959 3449; x_wconf 47' lang='grc' dir='ltr'><em>θτένρῑετᾞνψῖπνᾶεέ</em></span> 
     </span>
     <span class='ocr_line' id='line_1_56' title="bbox 109 3429 959 3492; baseline 0 -13"><span class='ocrx_word' id='word_1_385' title='bbox 109 3429 315 3487; x_wconf 81' lang='grc' dir='ltr'><em>αδεκτος</em></span> <span class='ocrx_word' id='word_1_386' title='bbox 337 3433 572 3482; x_wconf 76' lang='grc' dir='ltr'><em>θανάτου</em></span> <span class='ocrx_word' id='word_1_387' title='bbox 598 3439 651 3481; x_wconf 79' lang='lat' dir='ltr'><em>cf.</em></span> <span class='ocrx_word' id='word_1_388' title='bbox 671 3439 838 3480; x_wconf 82' lang='lat' dir='ltr'>Maxim.</span> <span class='ocrx_word' id='word_1_389' title='bbox 861 3439 959 3492; x_wconf 77' lang='lat' dir='ltr'><strong>Tyr.</strong></span> 
     </span>
    </p>
   </div>
   <div class='ocr_carea' id='block_1_23' title="bbox 1041 2153 1901 3497">
    <p class='ocr_par' dir='ltr' id='par_1_28' title="bbox 1041 2153 1887 2249">
     <span class='ocr_line' id='line_1_57' title="bbox 1041 2153 1887 2198; baseline 0.004 -7"><span class='ocrx_word' id='word_1_390' title='bbox 1041 2153 1154 2193; x_wconf 84' lang='lat' dir='ltr'><strong>Diss.</strong></span> <span class='ocrx_word' id='word_1_391' title='bbox 1178 2153 1274 2196; x_wconf 93' lang='lat' dir='ltr'><em>XV.</em></span> <span class='ocrx_word' id='word_1_392' title='bbox 1298 2155 1335 2195; x_wconf 82' lang='lat'><em>5.</em></span> <span class='ocrx_word' id='word_1_393' title='bbox 1368 2153 1506 2198; x_wconf 80' lang='lat' dir='ltr'>Alcin,</span> <span class='ocrx_word' id='word_1_394' title='bbox 1538 2154 1677 2194; x_wconf 84' lang='lat' dir='ltr'><strong>Doctr.</strong></span> <span class='ocrx_word' id='word_1_395' title='bbox 1707 2154 1821 2195; x_wconf 84' lang='lat' dir='ltr'><strong>Plat.</strong></span> <span class='ocrx_word' id='word_1_396' title='bbox 1850 2167 1887 2197; x_wconf 91' lang='lat' dir='ltr'><em>c.</em></span> 
     </span>
     <span class='ocr_line' id='line_1_58' title="bbox 1041 2210 1202 2249; baseline 0 -2"><span class='ocrx_word' id='word_1_397' title='bbox 1041 2210 1094 2249; x_wconf 74' lang='lat'><em>25</em></span> <span class='ocrx_word' id='word_1_398' title='bbox 1118 2216 1202 2249; x_wconf 80' lang='lat' dir='ltr'><strong>ext.</strong></span> 
     </span>
    </p>

    <p class='ocr_par' dir='ltr' id='par_1_29' title="bbox 1041 2255 1896 3270">
     <span class='ocr_line' id='line_1_59' title="bbox 1099 2255 1891 2319; baseline 0.005 -16"><span class='ocrx_word' id='word_1_399' title='bbox 1099 2265 1143 2307; x_wconf 91' lang='grc' dir='ltr'>Ρ</span> <span class='ocrx_word' id='word_1_400' title='bbox 1170 2265 1267 2307; x_wconf 87' lang='grc'><strong>106.</strong></span> <span class='ocrx_word' id='word_1_401' title='bbox 1306 2255 1446 2305; x_wconf 81' lang='grc' dir='ltr'><em>αλλο</em></span> <span class='ocrx_word' id='word_1_402' title='bbox 1487 2278 1540 2305; x_wconf 87' lang='grc' dir='ltr'><em>τι</em></span> <span class='ocrx_word' id='word_1_403' title='bbox 1582 2278 1646 2305; x_wconf 78' lang='grc' dir='ltr'><em>τα</em></span> <span class='ocrx_word' id='word_1_404' title='bbox 1688 2265 1819 2319; x_wconf 86' lang='grc' dir='ltr'><em>τρία</em></span> <span class='ocrx_word' id='word_1_405' title='bbox 1860 2257 1891 2319; x_wconf 80' lang='grc' dir='ltr'><em>ἢ</em></span> 
     </span>
     <span class='ocr_line' id='line_1_60' title="bbox 1042 2312 1888 2374; baseline 0.002 -14"><span class='ocrx_word' id='word_1_406' title='bbox 1042 2313 1369 2374; x_wconf 73' lang='grc' dir='ltr'><em>ἀνώλεθρα]</em></span> <span class='ocrx_word' id='word_1_407' title='bbox 1393 2313 1524 2362; x_wconf 72' lang='grc' dir='ltr'><em>’Άλλο</em></span> <span class='ocrx_word' id='word_1_408' title='bbox 1553 2335 1598 2362; x_wconf 85' lang='grc' dir='ltr'><em>τι</em></span> <span class='ocrx_word' id='word_1_409' title='bbox 1620 2312 1651 2374; x_wconf 81' lang='grc' dir='ltr'><strong><em>ἦ</em></strong></span> <span class='ocrx_word' id='word_1_410' title='bbox 1675 2329 1738 2361; x_wconf 87' lang='lat' dir='ltr'><em>est</em></span> <span class='ocrx_word' id='word_1_411' title='bbox 1760 2334 1888 2362; x_wconf 91' lang='lat' dir='ltr'><strong>non-</strong></span> 
     </span>
     <span class='ocr_line' id='line_1_61' title="bbox 1044 2377 1888 2431; baseline 0.004 -16"><span class='ocrx_word' id='word_1_412' title='bbox 1044 2390 1117 2419; x_wconf 89' lang='lat' dir='ltr'><strong>ne</strong></span> <span class='ocrx_word' id='word_1_413' title='bbox 1148 2389 1189 2417; x_wconf 87' lang='lat' dir='ltr'><em>v.</em></span> <span class='ocrx_word' id='word_1_414' title='bbox 1221 2377 1403 2429; x_wconf 83' lang='lat' dir='ltr'><strong>Apolog.</strong></span> <span class='ocrx_word' id='word_1_415' title='bbox 1431 2390 1475 2430; x_wconf 89' lang='lat' dir='ltr'><em>p.</em></span> <span class='ocrx_word' id='word_1_416' title='bbox 1506 2377 1630 2419; x_wconf 84' lang='grc'>241).</span> <span class='ocrx_word' id='word_1_417' title='bbox 1667 2377 1823 2419; x_wconf 88' lang='lat' dir='ltr'><strong>Criton.</strong></span> <span class='ocrx_word' id='word_1_418' title='bbox 1846 2391 1888 2431; x_wconf 93' lang='lat' dir='ltr'><em>p.</em></span> 
     </span>
     <span class='ocr_line' id='line_1_62' title="bbox 1041 2433 1890 2475; baseline 0.002 -2"><span class='ocrx_word' id='word_1_419' title='bbox 1041 2435 1095 2473; x_wconf 83' lang='lat'><em>52</em></span> <span class='ocrx_word' id='word_1_420' title='bbox 1118 2433 1167 2475; x_wconf 92' lang='lat' dir='ltr'>D</span> <span class='ocrx_word' id='word_1_421' title='bbox 1212 2433 1406 2473; x_wconf 81' lang='lat' dir='ltr'><em>Notanda</em></span> <span class='ocrx_word' id='word_1_422' title='bbox 1437 2440 1500 2472; x_wconf 88' lang='lat' dir='ltr'><em>est</em></span> <span class='ocrx_word' id='word_1_423' title='bbox 1535 2446 1635 2474; x_wconf 92' lang='lat' dir='ltr'><strong>vero</strong></span> <span class='ocrx_word' id='word_1_424' title='bbox 1672 2434 1890 2475; x_wconf 83' lang='lat' dir='ltr'><em>collocatio</em></span> 
     </span>
     <span class='ocr_line' id='line_1_63' title="bbox 1043 2484 1891 2554; baseline 0.004 -27"><span class='ocrx_word' id='word_1_425' title='bbox 1043 2490 1281 2535; x_wconf 77' lang='lat' dir='ltr'>veiborum‚</span> <span class='ocrx_word' id='word_1_426' title='bbox 1314 2501 1422 2540; x_wconf 88' lang='lat' dir='ltr'><strong>quae</strong></span> <span class='ocrx_word' id='word_1_427' title='bbox 1451 2503 1503 2529; x_wconf 84' lang='lat' dir='ltr'><strong>ex</strong></span> <span class='ocrx_word' id='word_1_428' title='bbox 1530 2484 1696 2554; x_wconf 82' lang='lat' dir='ltr'>vulgari</span> <span class='ocrx_word' id='word_1_429' title='bbox 1731 2493 1891 2530; x_wconf 83' lang='lat' dir='ltr'>ratione</span> 
     </span>
     <span class='ocr_line' id='line_1_64' title="bbox 1042 2521 1892 2599; baseline 0.004 -15"><span class='ocrx_word' id='word_1_430' title='bbox 1042 2545 1146 2585; x_wconf 82' lang='lat' dir='ltr'><strong>haec</strong></span> <span class='ocrx_word' id='word_1_431' title='bbox 1178 2557 1275 2585; x_wconf 85' lang='lat' dir='ltr'><strong>esse</strong></span> <span class='ocrx_word' id='word_1_432' title='bbox 1303 2546 1504 2585; x_wconf 83' lang='lat' dir='ltr'>debebat·</span> <span class='ocrx_word' id='word_1_433' title='bbox 1547 2521 1663 2587; x_wconf 74' lang='grc' dir='ltr'><em>ἄλλο</em></span> <span class='ocrx_word' id='word_1_434' title='bbox 1691 2559 1736 2587; x_wconf 88' lang='grc' dir='ltr'><em>τι</em></span> <span class='ocrx_word' id='word_1_435' title='bbox 1764 2536 1796 2599; x_wconf 75' lang='grc' dir='ltr'><em>ἢ</em></span> <span class='ocrx_word' id='word_1_436' title='bbox 1831 2540 1892 2587; x_wconf 77' lang='grc' dir='ltr'><em>τὰ</em></span> 
     </span>
     <span class='ocr_line' id='line_1_65' title="bbox 1042 2594 1890 2654; baseline 0.002 -13"><span class='ocrx_word' id='word_1_437' title='bbox 1042 2600 1150 2654; x_wconf 85' lang='grc' dir='ltr'><em>τρια</em></span> <span class='ocrx_word' id='word_1_438' title='bbox 1181 2594 1321 2642; x_wconf 78' lang='grc' dir='ltr'><em>ανωλ.</em></span> <span class='ocrx_word' id='word_1_439' title='bbox 1364 2601 1414 2641; x_wconf 84' lang='lat' dir='ltr'><em>Et</em></span> <span class='ocrx_word' id='word_1_440' title='bbox 1443 2602 1566 2642; x_wconf 89' lang='lat' dir='ltr'>video</span> <span class='ocrx_word' id='word_1_441' title='bbox 1598 2603 1659 2641; x_wconf 90' lang='lat' dir='ltr'>sic</span> <span class='ocrx_word' id='word_1_442' title='bbox 1694 2603 1735 2641; x_wconf 90' lang='lat' dir='ltr'><em>in</em></span> <span class='ocrx_word' id='word_1_443' title='bbox 1774 2602 1890 2643; x_wconf 86' lang='lat' dir='ltr'>libris</span> 
     </span>
     <span class='ocr_line' id='line_1_66' title="bbox 1044 2658 1896 2711; baseline 0.005 -16"><span class='ocrx_word' id='word_1_444' title='bbox 1044 2658 1300 2708; x_wconf 82' lang='lat' dir='ltr'>quibusdam</span> <span class='ocrx_word' id='word_1_445' title='bbox 1336 2658 1539 2711; x_wconf 84' lang='lat' dir='ltr'>scriptum</span> <span class='ocrx_word' id='word_1_446' title='bbox 1578 2665 1761 2701; x_wconf 75' lang='lat' dir='ltr'><strong>exstaie.</strong></span> <span class='ocrx_word' id='word_1_447' title='bbox 1807 2658 1896 2699; x_wconf 83' lang='lat' dir='ltr'><em>Sed</em></span> 
     </span>
     <span class='ocr_line' id='line_1_67' title="bbox 1045 2714 1893 2778; baseline 0.001 -25"><span class='ocrx_word' id='word_1_448' title='bbox 1045 2714 1130 2753; x_wconf 88' lang='lat' dir='ltr'>noli</span> <span class='ocrx_word' id='word_1_449' title='bbox 1166 2714 1357 2754; x_wconf 83' lang='lat' dir='ltr'>dubitare</span> <span class='ocrx_word' id='word_1_450' title='bbox 1390 2714 1442 2753; x_wconf 89' lang='lat' dir='ltr'><em>de</em></span> <span class='ocrx_word' id='word_1_451' title='bbox 1445 2723 1667 2778; x_wconf 80' lang='lat' dir='ltr'><strong>receptae</strong></span> <span class='ocrx_word' id='word_1_452' title='bbox 1698 2714 1893 2755; x_wconf 81' lang='lat' dir='ltr'>lectionis</span> 
     </span>
     <span class='ocr_line' id='line_1_68' title="bbox 1043 2769 1893 2824; baseline 0.001 -15"><span class='ocrx_word' id='word_1_453' title='bbox 1043 2771 1234 2809; x_wconf 85' lang='lat' dir='ltr'><strong>veritate.</strong></span> <span class='ocrx_word' id='word_1_454' title='bbox 1276 2769 1383 2810; x_wconf 82' lang='lat' dir='ltr'><em>Nam</em></span> <span class='ocrx_word' id='word_1_455' title='bbox 1402 2783 1460 2811; x_wconf 91' lang='grc' dir='ltr'><em>τα</em></span> <span class='ocrx_word' id='word_1_456' title='bbox 1484 2770 1592 2824; x_wconf 85' lang='grc' dir='ltr'><em>τρία</em></span> <span class='ocrx_word' id='word_1_457' title='bbox 1613 2771 1714 2822; x_wconf 85' lang='lat' dir='ltr'>quia</span> <span class='ocrx_word' id='word_1_458' title='bbox 1734 2772 1893 2811; x_wconf 86' lang='lat' dir='ltr'>maiore</span> 
     </span>
     <span class='ocr_line' id='line_1_69' title="bbox 1044 2827 1894 2880; baseline 0 -15"><span class='ocrx_word' id='word_1_459' title='bbox 1044 2838 1142 2866; x_wconf 87' lang='lat' dir='ltr'><em>cum</em></span> <span class='ocrx_word' id='word_1_460' title='bbox 1162 2827 1205 2866; x_wconf 89' lang='lat' dir='ltr'>vi</span> <span class='ocrx_word' id='word_1_461' title='bbox 1225 2827 1585 2879; x_wconf 86' lang='lat' dir='ltr'><em>pronuntiandum</em></span> <span class='ocrx_word' id='word_1_462' title='bbox 1603 2835 1681 2880; x_wconf 85' lang='lat' dir='ltr'>est,</span> <span class='ocrx_word' id='word_1_463' title='bbox 1701 2834 1813 2867; x_wconf 85' lang='lat' dir='ltr'>recte</span> <span class='ocrx_word' id='word_1_464' title='bbox 1834 2828 1894 2866; x_wconf 75' lang='lat' dir='ltr'>ita</span> 
     </span>
     <span class='ocr_line' id='line_1_70' title="bbox 1044 2882 1890 2950; baseline 0.001 -28"><span class='ocrx_word' id='word_1_465' title='bbox 1044 2883 1339 2950; x_wconf 77' lang='lat' dir='ltr'>praemittitur,</span> <span class='ocrx_word' id='word_1_466' title='bbox 1381 2882 1474 2922; x_wconf 82' lang='lat' dir='ltr'>Dici</span> <span class='ocrx_word' id='word_1_467' title='bbox 1502 2884 1626 2922; x_wconf 84' lang='lat' dir='ltr'>etiam</span> <span class='ocrx_word' id='word_1_468' title='bbox 1656 2883 1736 2922; x_wconf 90' lang='lat' dir='ltr'><em>hoc</em></span> <span class='ocrx_word' id='word_1_469' title='bbox 1765 2884 1890 2923; x_wconf 70' lang='lat' dir='ltr'>niodo</span> 
     </span>
     <span class='ocr_line' id='line_1_71' title="bbox 1044 2928 1894 3004; baseline 0 -26"><span class='ocrx_word' id='word_1_470' title='bbox 1044 2945 1231 3004; x_wconf 83' lang='lat' dir='ltr'><strong>poterat:</strong></span> <span class='ocrx_word' id='word_1_471' title='bbox 1264 2932 1381 2979; x_wconf 78' lang='grc' dir='ltr'><em>ἄλλο</em></span> <span class='ocrx_word' id='word_1_472' title='bbox 1412 2952 1458 2979; x_wconf 85' lang='grc' dir='ltr'><em>τι</em></span> <span class='ocrx_word' id='word_1_473' title='bbox 1486 2952 1545 2980; x_wconf 87' lang='grc' dir='ltr'><em>τα</em></span> <span class='ocrx_word' id='word_1_474' title='bbox 1567 2939 1674 2992; x_wconf 82' lang='grc' dir='ltr'><em>τριά</em></span> <span class='ocrx_word' id='word_1_475' title='bbox 1696 2952 1756 2979; x_wconf 92' lang='grc' dir='ltr'><em>αν</em></span> <span class='ocrx_word' id='word_1_476' title='bbox 1778 2928 1839 2991; x_wconf 82' lang='grc' dir='ltr'><em>ἦν</em></span> <span class='ocrx_word' id='word_1_477' title='bbox 1861 2929 1894 2990; x_wconf 78' lang='grc' dir='ltr'><em>ἢ</em></span> 
     </span>
     <span class='ocr_line' id='line_1_72' title="bbox 1044 2987 1891 3047; baseline -0.001 -13"><span class='ocrx_word' id='word_1_478' title='bbox 1044 2987 1324 3047; x_wconf 73' lang='grc' dir='ltr'><em>ἄνωλεθρας</em></span> <span class='ocrx_word' id='word_1_479' title='bbox 1379 2995 1420 3034; x_wconf 89' lang='lat' dir='ltr'><em>in</em></span> <span class='ocrx_word' id='word_1_480' title='bbox 1462 3007 1544 3047; x_wconf 92' lang='lat' dir='ltr'><em>quo</em></span> <span class='ocrx_word' id='word_1_481' title='bbox 1586 3006 1707 3035; x_wconf 90' lang='lat' dir='ltr'><strong>nemo</strong></span> <span class='ocrx_word' id='word_1_482' title='bbox 1749 2994 1891 3047; x_wconf 81' lang='lat' dir='ltr'><strong>paullo</strong></span> 
     </span>
     <span class='ocr_line' id='line_1_73' title="bbox 1046 3050 1892 3093; baseline 0.001 -5"><span class='ocrx_word' id='word_1_483' title='bbox 1046 3051 1349 3091; x_wconf 82' lang='lat' dir='ltr'>consideratior</span> <span class='ocrx_word' id='word_1_484' title='bbox 1368 3050 1571 3093; x_wconf 85' lang='lat' dir='ltr'><strong>haerebit.</strong></span> <span class='ocrx_word' id='word_1_485' title='bbox 1603 3052 1716 3090; x_wconf 86' lang='lat' dir='ltr'>Idem</span> <span class='ocrx_word' id='word_1_486' title='bbox 1741 3051 1892 3089; x_wconf 87' lang='lat' dir='ltr'>verbo·</span> 
     </span>
     <span class='ocr_line' id='line_1_74' title="bbox 1044 3097 1893 3170; baseline 0.001 -25"><span class='ocrx_word' id='word_1_487' title='bbox 1044 3119 1139 3146; x_wconf 87' lang='lat' dir='ltr'><em>rum</em></span> <span class='ocrx_word' id='word_1_488' title='bbox 1174 3107 1276 3147; x_wconf 91' lang='lat' dir='ltr'>ordo</span> <span class='ocrx_word' id='word_1_489' title='bbox 1312 3107 1421 3147; x_wconf 83' lang='lat' dir='ltr'>infra</span> <span class='ocrx_word' id='word_1_490' title='bbox 1456 3120 1502 3170; x_wconf 87' lang='lat' dir='ltr'><em>p.</em></span> <span class='ocrx_word' id='word_1_491' title='bbox 1525 3106 1658 3147; x_wconf 90' lang='grc' dir='ltr'><strong>106Ε</strong></span> <span class='ocrx_word' id='word_1_492' title='bbox 1694 3097 1810 3146; x_wconf 69' lang='grc' dir='ltr'><em>ἄλλο</em></span> <span class='ocrx_word' id='word_1_493' title='bbox 1847 3119 1893 3146; x_wconf 82' lang='grc' dir='ltr'><em>τι</em></span> 
     </span>
     <span class='ocr_line' id='line_1_75' title="bbox 1044 3155 1893 3227; baseline -0.002 -24"><span class='ocrx_word' id='word_1_494' title='bbox 1044 3155 1177 3227; x_wconf 85' lang='grc' dir='ltr'><em>ψυχὴ</em></span> <span class='ocrx_word' id='word_1_495' title='bbox 1214 3155 1267 3216; x_wconf 86' lang='grc' dir='ltr'><em>ἤ,</em></span> <span class='ocrx_word' id='word_1_496' title='bbox 1305 3160 1348 3204; x_wconf 82' lang='grc' dir='ltr'><em>εἰ</em></span> <span class='ocrx_word' id='word_1_497' title='bbox 1381 3156 1642 3225; x_wconf 76' lang='grc' dir='ltr'><em>αθανατος</em></span> <span class='ocrx_word' id='word_1_498' title='bbox 1667 3174 1893 3215; x_wconf 87' lang='grc' dir='ltr'><em>τυγχανει</em></span> 
     </span>
     <span class='ocr_line' id='line_1_76' title="bbox 1046 3207 1784 3284; baseline -0.001 -25"><span class='ocrx_word' id='word_1_499' title='bbox 1046 3207 1185 3284; x_wconf 82' lang='grc' dir='ltr'><em>οὖσα,</em></span> <span class='ocrx_word' id='word_1_500' title='bbox 1210 3216 1292 3259; x_wconf 81' lang='grc' dir='ltr'><em>καὶ</em></span> <span class='ocrx_word' id='word_1_501' title='bbox 1315 3212 1590 3270; x_wconf 75' lang='grc' dir='ltr'><em>ανώλεθρος</em></span> <span class='ocrx_word' id='word_1_502' title='bbox 1612 3231 1672 3258; x_wconf 89' lang='grc' dir='ltr'><em>αν</em></span> <span class='ocrx_word' id='word_1_503' title='bbox 1695 3217 1784 3282; x_wconf 78' lang='grc' dir='ltr'><em>εἴη.</em></span> 
     </span>
    </p>

    <p class='ocr_par' dir='ltr' id='par_1_30' title="bbox 1046 3266 1901 3495">
     <span class='ocr_line' id='line_1_77' title="bbox 1103 3266 1891 3327; baseline -0.004 -12"><span class='ocrx_word' id='word_1_504' title='bbox 1103 3267 1275 3316; x_wconf 68' lang='grc' dir='ltr'><em>ὁπότε</em></span> <span class='ocrx_word' id='word_1_505' title='bbox 1336 3289 1424 3322; x_wconf 88' lang='grc' dir='ltr'><em>τις</em></span> <span class='ocrx_word' id='word_1_506' title='bbox 1473 3296 1529 3302; x_wconf 91' lang='grc'><em>--</em></span> <span class='ocrx_word' id='word_1_507' title='bbox 1587 3266 1891 3327; x_wconf 75' lang='grc' dir='ltr'><em>ἐπαγάγοι]</em></span> 
     </span>
     <span class='ocr_line' id='line_1_78' title="bbox 1047 3323 1901 3382; baseline -0.004 -13"><span class='ocrx_word' id='word_1_508' title='bbox 1047 3331 1390 3371; x_wconf 83' lang='lat' dir='ltr'>Heindorsius</span> <span class='ocrx_word' id='word_1_509' title='bbox 1420 3323 1597 3382; x_wconf 78' lang='grc' dir='ltr'><em>ἐπῆγεν</em></span> <span class='ocrx_word' id='word_1_510' title='bbox 1623 3330 1901 3369; x_wconf 82' lang='lat' dir='ltr'><em>scribendum.</em></span> 
     </span>
     <span class='ocr_line' id='line_1_79' title="bbox 1047 3385 1895 3450; baseline -0.002 -26"><span class='ocrx_word' id='word_1_511' title='bbox 1047 3386 1226 3430; x_wconf 86' lang='lat' dir='ltr'><strong>censuit</strong></span> <span class='ocrx_word' id='word_1_512' title='bbox 1285 3387 1374 3427; x_wconf 90' lang='lat' dir='ltr'><em>Non</em></span> <span class='ocrx_word' id='word_1_513' title='bbox 1388 3398 1538 3450; x_wconf 82' lang='lat' dir='ltr'><strong>opus.</strong></span> <span class='ocrx_word' id='word_1_514' title='bbox 1581 3385 1641 3424; x_wconf 92' lang='lat' dir='ltr'><strong>De</strong></span> <span class='ocrx_word' id='word_1_515' title='bbox 1675 3385 1780 3438; x_wconf 89' lang='lat' dir='ltr'><strong>Rep.</strong></span> <span class='ocrx_word' id='word_1_516' title='bbox 1818 3385 1895 3447; x_wconf 64' lang='grc' dir='ltr'><em>11ῐὰ</em></span> 
     </span>
     <span class='ocr_line' id='line_1_80' title="bbox 1046 3430 1895 3497; baseline -0.002 -15"><span class='ocrx_word' id='word_1_517' title='bbox 1046 3454 1092 3494; x_wconf 90' lang='lat' dir='ltr'><em>p.</em></span> <span class='ocrx_word' id='word_1_518' title='bbox 1114 3443 1197 3482; x_wconf 88' lang='grc'><em>406</em></span> <span class='ocrx_word' id='word_1_519' title='bbox 1219 3443 1251 3482; x_wconf 85' lang='grc' dir='ltr'>Ε</span> <span class='ocrx_word' id='word_1_520' title='bbox 1279 3456 1355 3484; x_wconf 82' lang='grc' dir='ltr'><em>οτι</em></span> <span class='ocrx_word' id='word_1_521' title='bbox 1377 3430 1438 3495; x_wconf 83' lang='grc' dir='ltr'><em>ἦν</em></span> <span class='ocrx_word' id='word_1_522' title='bbox 1459 3456 1503 3482; x_wconf 90' lang='grc' dir='ltr'><em>τι</em></span> <span class='ocrx_word' id='word_1_523' title='bbox 1525 3433 1654 3497; x_wconf 78' lang='grc' dir='ltr'><em>αὐτῷ</em></span> <span class='ocrx_word' id='word_1_524' title='bbox 1678 3436 1831 3494; x_wconf 75' lang='grc' dir='ltr'><em>ἔργον,</em></span> <span class='ocrx_word' id='word_1_525' title='bbox 1863 3430 1895 3479; x_wconf 71' lang='grc' dir='ltr'><strong>ὃ</strong></span> 
     </span>
    </p>
   </div>
   <div class='ocr_carea' id='block_1_24' title="bbox 1356 522 1954 583">
    <p class='ocr_par' dir='ltr' id='par_1_31' title="bbox 1356 522 1954 583">
     <span class='ocr_line' id='line_1_81' title="bbox 1356 522 1954 583; baseline 0.01 -6"><span class='ocrx_word' id='word_1_526' title='bbox 1356 522 1388 578; x_wconf 80' lang='grc' dir='ltr'><em>ὃ</em></span> <span class='ocrx_word' id='word_1_527' title='bbox 1435 522 1488 577; x_wconf 89' lang='grc' dir='ltr'><em>δ’</em></span> <span class='ocrx_word' id='word_1_528' title='bbox 1528 524 1600 579; x_wconf 75' lang='grc' dir='ltr'><em>ἂν</em></span> <span class='ocrx_word' id='word_1_529' title='bbox 1635 526 1890 580; x_wconf 79' lang='grc' dir='ltr'><em>θάνατον</em></span> <span class='ocrx_word' id='word_1_530' title='bbox 1919 543 1954 583; x_wconf 86' lang='grc' dir='ltr'>Ε</span> 
     </span>
    </p>
   </div>
  </div>
 </body>
</html>
