2158 3718
1131 0 1171 18 '‘„A
1198 0 1221 14 -..
1237 0 1394 26 *f-wrssf'fmsst-
1410 0 1423 13 2
1434 0 1563 34 wssv†.,;-ffif
1572 0 1869 35 J‘fflssiff**anw
1895 22 1898 26 ι

1488 48 1490 50 ,
1824 30 1926 51 ι’·,ψ

292 105 360 159 38
631 75 633 78 ⁴
934 83 1428 149 PROLEGOMENA

291 250 569 306 Iicavimus,
608 249 787 314 dialogi
823 263 938 314 pars
975 247 1143 306 altera,
1185 262 1309 312 quae
1335 247 1483 298 habet
1509 249 1778 299 actionis
1805 254 2066 308 conten-

290 321 539 371 tionem.
590 320 874 370 Afferuntur
921 325 1083 368 autem
1119 318 1351 384 deinceps
1394 320 1563 384 paucis
1597 319 1758 370 verbis
1799 320 2068 371 interiectis

288 392 382 440 tria
407 390 788 441 immortalitatis
815 395 1102 454 argumenta
1129 390 1220 446 sic',
1248 395 1302 439 ut
1328 390 1387 439 ab
1415 391 1500 447 iis,
1530 406 1654 455 quae
1680 391 1935 441 videantur
1962 396 2068 441 esse

291 462 499 519 leviora,
552 461 804 525 paullatim
855 461 915 510 ad
965 461 1190 524 graviora
1241 465 1287 509 et
1334 461 1689 524 ponderosiora
1749 461 2066 527 procedatur,

292 533 708 598 quemadmodum
731 532 839 581 fieri
864 531 1176 581 meminimus
1200 532 1252 580 in
1278 530 1455 582 fabulis
1481 533 1715 583 scaenicis
1741 534 1862 583 scite
1888 547 1944 583 ac
1970 531 2066 582 sol·

289 602 440 654 lerter
467 602 730 653 elaboratis
746 601 796 665 1).

431 674 653 724 Primum
681 673 879 737 quidem
908 689 933 722 e
968 672 1251 722 naturali
1286 674 1582 723 nascendi
1616 673 1754 737 lege
1782 680 1838 724 et
1864 679 2067 724 exter-

290 761 361 795 na
388 745 790 801 condicione,
821 759 935 809 qua
962 745 1148 794 animi
1174 744 1427 807 vigeant
1456 751 1568 804 (aas
1605 751 1691 794 der
1713 753 1947 796 {iusseren
1975 749 2067 794 Er-

290 820 707 880 sckeinunysform
745 820 833 866 der
872 818 1027 873 Seele)
1058 814 1424 869 demonstratur
1449 815 1585 883 vitae]
1611 821 1658 865 et
1691 818 1862 866 mortis
1888 816 2069 866 vicissi-

292 886 509 937 tudinem
537 885 918 950 haudquaquam
946 901 1054 935 eam
1082 901 1213 943 esse,
1250 886 1381 935 unde
1409 887 1596 936 animos
1624 885 1883 952 aliquando
1910 892 2070 936 morte

289 957 571 1008 absumtum
620 959 680 1007 iri
730 963 812 1007 aut
861 959 1055 1021 penitus
1105 957 1391 1006 interituros
1427 972 1534 1006 esse
1570 957 1866 1007 concludere
1909 955 2068 1008 liceat.

290 1028 426 1087 Quae
464 1029 662 1094 quidem
699 1029 939 1078 sententia
980 1028 1299 1077 confirmatur
1335 1027 1612 1092 dupliciter.
1675 1028 1896 1078 Primum
1942 1029 2071 1078 enlm

290 1100 351 1150 ad
378 1100 719 1149 auctoritatem
746 1100 923 1148 veteris
960 1099 1213 1148 cuiusdam
1250 1098 1310 1147 de
1338 1100 1613 1148 animorum
1640 1099 1931 1164 migratione
1956 1114 2069 1149 nar-

288 1171 493 1220 rationis
520 1171 787 1236 antiquitus
812 1170 1036 1235 proditae
1062 1175 1382 1235 provocatur,
1420 1185 1515 1235 qua
1542 1171 1692 1219 animi
1718 1169 2072 1234 perhibeantur

289 1240 492 1291 alternis
519 1241 704 1290 vicibus
730 1241 876 1290 modo
912 1241 1029 1289 hinc
1065 1256 1091 1290 e
1115 1241 1263 1291 terris
1291 1239 1426 1290 abire
1452 1240 1513 1290 ad
1539 1241 1749 1298 inferos,
1787 1241 1933 1290 modo
1958 1256 2071 1291 rur-

289 1327 374 1363 sus
408 1310 542 1362 illinc
580 1312 641 1361 ad
677 1327 883 1377 superos
917 1311 1097 1360 redire.
1151 1311 1414 1360 Enimvero
1448 1311 1563 1360 inde
1599 1327 1661 1361 ne
1688 1317 1853 1362 morte>
1873 1312 2071 1378 quidem

291 1383 508 1433 animum
553 1383 797 1447 exstingui
841 1382 1102 1447 colligitur,
1149 1384 1262 1448 quia
1307 1383 1347 1432 si
1392 1382 1664 1432 secundum
1690 1389 1906 1432 veterem
1940 1382 2072 1434 illam

290 1455 469 1505 famam
505 1455 655 1504 animi
692 1456 906 1503 viventes
943 1469 1002 1503 ex
1036 1454 1245 1503 mortuis
1281 1459 1572 1511 nascantur,
1613 1468 1720 1503 esse
1754 1455 1888 1519 ipsos
1926 1460 2071 1520 atque

289 1540 585 1591 permanere
619 1540 825 1590 prorsus
860 1539 1064 1574 necesse
1101 1525 1176 1574 sit.
1240 1523 1363 1573 Nam
1390 1525 1431 1573 si
1466 1524 1583 1589 quid
1619 1525 1819 1582 exsistit,
1847 1524 2071 1591 profecto

290 1611 493 1647 necesse
532 1602 606 1646 est
640 1595 761 1645 illud
787 1597 953 1661 ipsum
987 1596 1074 1652 sit,
1119 1595 1250 1645 unde
1279 1595 1480 1645 exsistit.
1533 1595 1637 1645 Hoc
1675 1595 1822 1660 igitur
1856 1596 2072 1662 primum

287 1668 428 1718 istius
463 1668 733 1717 sententiae
768 1667 1134 1716 firmamentum
1171 1665 1441 1730 mythicum
1478 1672 1550 1715 est
1582 1665 1658 1716 vel
1693 1668 1856 1732 potius
1891 1665 1950 1716 ab
1979 1666 2071 1716 Or-

288 1738 446 1803 phicis
473 1743 618 1804 atque
639 1738 979 1803 Pythagoricis
1005 1736 1278 1802 petitum2).
1307 1737 1493 1786 Eodem
1520 1737 1658 1787 Plato
1684 1753 1801 1788 usus
1828 1743 1901 1787 est
1926 1738 2071 1788 etiam

286 1811 339 1858 in
365 1806 652 1874 Μ61101163),
691 1808 777 1858 ubi
811 1808 934 1858 illud
970 1809 1036 1857 ait
1069 1809 1348 1876 proprium*
1368 1823 1475 1858 esse
1510 1809 1624 1858 τῶν
1663 1806 1859 1877 ἱερέων
1893 1825 1952 1859 τε
1979 1807 2073 1859 καὶ

288 1880 403 1931 τῶν
432 1877 653 1944 ἱερειῶν
681 1874 834 1940 ὅσοις
859 1876 1133 1945 μεμέληκε
1153 1875 1281 1946 περὶ
1303 1876 1383 1928 ὠν
1403 1879 1873 1947 μεταχειρίζονται
1899 1875 2073 1944 λόγον

289 1947 428 2017 οἵοις
452 1946 503 1998 τ’
534 1944 679 2001 εἶναι
706 1947 928 2000 διδόναι
963 1956 1108 2016 atque
1146 1951 1290 1999 etiam
1316 1949 1515 2000 Pindari
1541 1950 1809 2001 versiculos
1835 1951 2072 2017 quosdam

290 2037 397 2072 eam
424 2023 475 2071 in
501 2037 607 2071 rem
634 2026 891 2079 memorat,
922 2027 973 2070 ut
991 2021 1085 2071 hoc
1104 2020 1214 2070 loco
1242 2021 1489 2084 aptissime
1516 2021 1662 2072 telam
1688 2022 1759 2071 ibi
1785 2021 2072 2073 derelictam

290 2093 453 2143 denuo
508 2093 725 2142 exordiri
762 2093 997 2142 videatur.
1052 2092 1148 2142 Sed
1184 2092 1314 2157 quod
1351 2098 1524 2143 rursus
1558 2095 1609 2143 in
1646 2093 1737 2143 hac
1773 2109 1919 2144 causa
1953 2110 2071 2145 usus

291 2170 364 2214 est
393 2170 608 2214 vetustae
636 2163 910 2213 traditionis
936 2170 1188 2228 tamquam
1215 2161 1492 2220 involucr0‚
1530 2165 1581 2213 in
1619 2180 1676 2214 eo
1717 2180 1836 2215 sane
1874 2172 2072 2216 secutus
2126 2199 2134 2206 -

289 2241 387 2292 est,
426 2235 557 2300 quod
592 2236 794 2284 minime
835 2233 1028 2299 neglegi
1064 2239 1274 2299 oportet.
1346 2234 1434 2284 Est
1468 2236 1598 2284 enim
1643 2235 1724 2286 ille
1766 2237 2071 2300 migrationis

289 2306 439 2365 orbiS,
464 2320 611 2372 quem
632 2302 882 2371 Orphici4)
912 2303 1126 2355 κύκλον
1151 2301 1424 2369 γενέσεως
1444 2313 1697 2366 vocarunt,
1719 2322 1802 2356 res
1821 2313 2069 2372 tamquam

286 2379 338 2426 in
375 2378 504 2427 facto
542 2377 699 2441 posita
716 2415 727 2433 ‚
774 2391 898 2442 quae
946 2375 1250 2426 dialecticam
1293 2376 1700 2442 disceptationem
1746 2377 1850 2428 fere
1888 2378 2066 2435 eludit;

288 2449 522 2514 quocirca
546 2447 684 2497 Plato
721 2462 829 2497 eam
867 2462 1006 2497 more
1043 2463 1132 2497 suo
1162 2448 1346 2512 pariter
1373 2448 1583 2513 mythica
1610 2449 1798 2499 ratione
1824 2448 2068 2500 illustran-

402 2604 444 2658 1)
476 2605 646 2646 Verum
676 2603 916 2657 perspexit
944 2602 1208 2655 Brandis‚
1239 2602 1499 2644 Handbuch
1531 2603 1572 2647 d.
1596 2603 1763 2646 Gesch.
1797 2605 1837 2647 d.
1862 2605 2068 2652 (31116611.-

286 2661 415 2704 R‘om.
455 2660 628 2701 Philos.
668 2660 728 2703 II.
769 2674 812 2713 p,
844 2661 943 2703 441.
993 2659 1248 2699 Permirum
1288 2663 1357 2700 est
1395 2673 1451 2700 ea
1489 2659 1543 2700 de
1584 2674 1632 2700 re
1671 2662 1891 2703 iudicium
1929 2662 2007 2704 He
2022 2677 2068 2703 r-

288 2718 493 2767 manni,
530 2716 696 2758 Gesch.
728 2729 771 2759 u.
797 2715 917 2768 Syst.
953 2715 993 2756 d.
1025 2715 1145 2758 Plat.
1179 2714 1298 2759 Phil.
1330 2730 1372 2769 p.
1397 2718 1479 2757 528
1501 2729 1584 2768 sq„
1619 2718 1697 2768 qui
1726 2719 1856 2760 varia
1888 2720 2068 2762 immor-

288 2774 488 2815 talitatis
522 2777 797 2826 argumenta
818 2771 1093 2825 respondere
1119 2775 1277 2812 censet
1297 2773 1442 2814 variis
1463 2774 1800 2827 progressibus,
1834 2788 1946 2829 quos
1968 2778 2068 2831 ipse

287 2830 422 2871 Plato
460 2831 508 2870 in
544 2829 838 2883 philosophia
884 2828 1205 2882 cognoscenda
1248 2828 1494 2882 paullatim
1538 2831 1719 2873 fecerit.
1777 2832 1902 2874 Nihil
1949 2835 2069 2874 enim

287 2887 381 2929 illis
415 2899 516 2927 oum
546 2886 616 2926 his
650 2899 883 2926 commune
916 2888 999 2937 est,
1032 2889 1083 2925 ut
1113 2899 1170 2926 ne
1202 2884 1315 2926 illud
1337 2886 1517 2939 quidem
1541 2887 1881 2936 concedendum
1910 2890 2068 2932 videa-

287 2947 375 2995 tur,
409 2942 529 2997 quod
558 2943 891 2996 primaspecie
925 2941 1065 2983 alicui
1096 2942 1300 2995 placeat,
1333 2944 1527 2996 primum
1551 2949 1869 2997 argumentum
1892 2959 1919 2987 a
1942 2950 2068 2988 statu

289 3003 335 3042 et
365 3003 490 3042 motu
521 2999 775 3040 animorum
805 3000 1043 3051 reciproco
1074 2998 1328 3040 desumtum
1359 2999 1454 3041 illis
1486 3002 1769 3054 temporibus
1803 3005 2064 3056 convenire,

289 3057 453 3111 quibus
483 3055 782 3110 philosophus
813 3055 1130 3109 philosophiae
1169 3056 1427 3097 lonicorum
1460 3069 1643 3110 operam
1675 3059 1864 3101 dederit.
1932 3059 2067 3114 [Her-

286 3115 445 3155 manni
484 3113 765 3154 sententiam
802 3116 922 3153 tueri
959 3116 1152 3153 conatus
1187 3117 1258 3153 est
1287 3114 1338 3153 F.
1374 3113 1560 3167 Glo‘el‚
1594 3115 1671 3156 De
1705 3121 2064 3170 argumento-

288 3183 400 3211 rum
431 3171 487 3211 in
517 3170 783 3212 Platonis
814 3169 1115 3211 Phaedone
1150 3171 1534 3213 cohaerentia.
1575 3171 1734 3226 Progr.
1766 3174 2066 3229 Magdeburg.

291 3240 334 3269 a.
368 3228 490 3271 1863.

400 3283 445 3337 2)
480 3226 835 3338 glympiodorus
875 3283 932 3325 ad
962 3297 1064 3337 pag.
1101 3286 1153 3325 70
1176 3283 1234 3337 C,
1269 3284 1325 3325 ad
1358 3298 1491 3338 quem
1523 3285 1673 3326 locum
1702 3287 1837 3341 plura
1866 3288 1915 3328 in
1946 3301 2065 3330 com-

286 3341 526 3383 mentariis
567 3341 871 3394 exposuimus.
934 3339 1006 3383 Of.
1047 3341 1186 3382 etiam
1217 3341 1422 3387 Lobeok.
1463 3342 1688 3396 Aglaoph.
1729 3344 1765 3384 Ι.
1806 3357 1850 3397 p.
1885 3345 1965 3387 797
1997 3359 2063 3399 sq.

399 3398 443 3448 3)
474 3397 587 3451 Pag.
622 3399 674 3438 81
706 3398 760 3441 Β.

396 3453 441 3506 4)
475 3453 666 3495 Proclus
697 3455 745 3494 in
776 3454 887 3497 Tim.
924 3454 977 3494 V.
1012 3467 1053 3507 p.
1087 3457 1183 3495 330.
