2158 3718
788 139 868 175 AD
908 138 1265 177 SYMPOSIUM.
1747 141 1872 178 LVII

190 265 395 348 Iosophi
431 283 600 335 usque
635 266 703 318 fla
743 273 825 318 rat
858 275 909 318 et
933 265 1059 318 infla
1076 320 1092 330 A,
1167 273 1287 318 atus
1315 273 1412 328 est,
1453 271 1721 333 tamquam¹
1747 284 1867 333 suc-

190 345 352 389 currit
397 337 664 405 efficitque
747 355 833 400 00,
881 345 940 388 ut
985 336 1034 390 ei
1149 335 1361 406 quando
1409 335 1651 388 satisfieri
1694 345 1868 404 queat.

189 406 401 460 Etenim
436 406 766 477 philosophia
809 425 973 476 quum
1022 408 1312 461 secundum
1347 405 1625 459 Platonem
1660 424 1769 458 non
1807 407 1874 459 sit

190 486 451 534 certarum
485 478 816 546 quarundam
850 498 1027 531 rerum
1065 479 1338 549 explorata
1363 477 1601 540 scientia,
1640 476 1734 528 sed
1766 496 1872 530 uno

190 549 409 602 studio
457 548 742 618 sapientiae
790 550 1147 614 contineatur,
1194 549 1260 602 de
1305 566 1411 618 qua
1454 566 1512 601 re
1557 567 1606 600 v.
1643 546 1871 600 Phaedr.

186 637 240 688 p.
268 619 387 682 276.
411 619 479 672 A.
507 638 622 689 sqq.
662 622 781 674 278.
807 619 881 673 D.
921 618 1110 690 Symp.
1136 640 1190 691 p.
1212 621 1331 674 204.
1351 619 1423 672 A.
1445 637 1560 688 sqq.
1597 617 1870 672 Phaedon.

225 729 238 742 .
266 691 347 742 64.
372 689 440 742 A.
468 709 581 760 sqq.
622 689 735 744 Gor
777 732 789 743 .
814 711 866 762 p.
895 693 1014 745 482.
1039 693 1110 743 Α.
1138 710 1252 761 sqq.
1291 690 1376 742 De
1401 688 1634 760 Rep.11.
1669 707 1721 758 p.
1750 689 1870 742 375.

184 709 252 813 ἓ.
282 778 393 830 sqq.
430 759 500 814 V.
526 781 578 831 p.
605 711 825 815 4755).
853 780 965 831 sqq.
1002 763 1123 815 485.
1150 761 1237 825 B.,
1275 761 1428 814 facile
1453 759 1767 832 intelligitur
1802 759 1872 811 ad

183 829 326 883 illam
363 832 575 884 omnino
611 833 743 886 haec
779 834 885 886 duo
921 832 1138 901 requiri,
1187 833 1419 903 primum
1456 831 1670 900 quidem
1712 838 1869 883 natu—

182 901 346 954 ralem
381 903 646 971 quendam
682 904 841 956 animi
877 913 1080 956 motum
1112 911 1274 971 atque
1299 902 1596 973 appetitum
1633 909 1686 954 et
1718 901 1871 971 quasi

181 972 429 1037 furorem,
467 991 572 1042 quo
607 993 775 1043 usque
811 975 882 1027 ad
917 974 1235 1044 cognitionis
1273 981 1324 1026 et
1350 973 1599 1026 scientiae
1636 971 1870 1030 studium

182 1043 488 1096 auferamur
533 1063 629 1114 per
669 1053 895 1113 etuoque
939 1045 1150 1098 divinae
1198 1043 1435 1098 veritatis
1485 1043 1748 1096 desiderio
1784 1062 1869 1095 re-

182 1112 448 1182 pleamur,
488 1114 609 1166 dein
650 1134 678 1167 e
714 1115 1083 1178 etiamwartem,
1123 1133 1228 1183 qua
1265 1113 1538 1177 efficiatur,
1576 1122 1637 1166 ut
1673 1113 1742 1164 ad
1778 1132 1866 1165 ea-

180 1202 300 1236 rum
333 1202 511 1237 rerum
546 1185 906 1257 cognitionem
941 1185 1171 1255 aliquam
1206 1183 1484 1255 pervenire
1518 1184 1689 1247 liceat,
1735 1201 1869 1252 qua-

182 1273 301 1307 rum
325 1256 812 1327 cognoscendarum
839 1265 999 1325 atque
1024 1255 1547 1326 contemplandarum
1576 1253 1868 1324 cupiditate

179 1325 385 1378 animus
421 1344 519 1396 pro
555 1327 732 1380 nativa
765 1328 943 1382 indole
982 1347 1078 1380 sua
1114 1337 1303 1396 captus
1341 1334 1565 1379 tenetur.
1610 1325 1685 1378 Et
1719 1324 1869 1378 illum

127 1411 132 1419 ·
179 1396 398 1464 quidem
433 1397 595 1450 animi
639 1399 931 1469 appetitum
972 1397 1317 1468 philosophus
1354 1415 1625 1450 amorem
1659 1415 1866 1449 nuncu-

181 1466 349 1536 pavit,
397 1467 463 1520 de
501 1486 607 1536 quo
644 1469 846 1522 dictum
882 1477 961 1523 est
997 1478 1175 1533 antea3
1227 1478 1394 1522 artem
1431 1476 1608 1520 autem
1647 1468 1695 1520 ei
1733 1475 1866 1519 tam-

180 1556 339 1607 quam
387 1539 660 1609 suppetias
715 1540 972 1594 fe'rentem
1029 1539 1163 1592 dixit
1207 1539 1648 1603 dialecticam,
1707 1556 1867 1606 quam

181 1607 396 1677 quidem
443 1618 496 1662 et
539 1609 712 1680 ipsam
754 1611 925 1664 voluit
969 1610 1270 1664 hominibus
1315 1610 1570 1663 divinitus
1618 1617 1669 1662 et
1714 1609 1867 1677 quasi

180 1679 365 1732 sortito
414 1678 696 1752 obtigisse,
745 1681 902 1735 sicuti
951 1701 1019 1735 ex
1054 1681 1284 1735 Phaedr.
1322 1700 1377 1752 p.
1404 1681 1524 1734 249.
1561 1677 1623 1732 C.
1661 1698 1776 1748 sqq.
1815 1688 1867 1732 et

178 1748 385 1802 Phileb.
410 1769 464 1820 p.
493 1753 575 1805 16.
605 1750 667 1805 C.
693 1752 1023 1825 intelligitur.
1061 1752 1242 1805 Huius
1277 1771 1405 1805 vero
1442 1769 1634 1803 munus
1669 1769 1776 1802 non
1810 1750 1866 1802 in

178 1819 282 1872 alia
315 1839 372 1874 re
408 1822 579 1893 magis
617 1824 864 1887 cernitur,
911 1843 1069 1893 quam
1105 1824 1160 1875 in
1197 1841 1277 1885 00,
1324 1831 1382 1875 ut
1429 1821 1633 1873 aditum
1668 1821 1737 1872 ad
1773 1839 1862 1873 ae-

179 1898 362 1945 ternae
397 1893 636 1947 veritatis
674 1913 919 1964 campum
955 1894 1119 1947 veluti
1156 1893 1360 1964 aperiat
1395 1900 1554 1960 atque
1579 1891 1744 1943 menti
1779 1891 1862 1943 in-

176 1961 326 2014 finito
372 1962 515 2017 illius
565 1965 830 2018 desiderio
873 1973 1158 2035 occupatae
1208 1982 1374 2032 eoque
1417 1962 1679 2016 laboranti
1727 1971 1861 2014 tam-

177 2049 337 2101 quam
376 2033 785 2088 instrumentum
825 2036 964 2088 illius
1009 2034 1408 2105 cognoscendae
1450 2032 1751 2103 suppeditet
1783 2033 1859 2103 (V.

176 2112 389 2172 praeter
420 2104 523 2157 alia
557 2105 787 2159 Phaedr.
822 2126 876 2177 p.
903 2107 1022 2158 249.
1048 2105 1116 2158 Β.
1153 2105 1423 2158 Phaedon.
1461 2123 1515 2174 p.
1543 2104 1626 2157 75.
1664 2102 1731 2155 B.
1769 2122 1860 2155 us-

175 2192 281 2242 que
305 2174 374 2226 ad
400 2175 481 2227 76.
502 2174 568 2227 E.
606 2175 692 2228 De
711 2175 846 2247 Rep.
866 2176 990 2230 VII.
1011 2196 1064 2247 p.
1086 2177 1203 2230 531.
1224 2176 1297 2228 D.
1325 2194 1438 2244 sqq.
1477 2175 1595 2227 534.
1621 2171 1684 2227 C.
1722 2172 1859 2225 Phil.

176 2263 230 2314 p.
259 2245 341 2297 57.
368 2243 434 2296 E.
463 2245 621 2315 sqq.).
661 2246 825 2301 Unde
849 2247 1166 2318 philosophi,
1203 2247 1294 2316 qui
1317 2246 1374 2298 in
1399 2253 1615 2298 aeterna
1638 2244 1860 2297 veritate

179 2317 549 2387 cognoscenda
587 2325 745 2386 atque
771 2319 1095 2388 exploranda
1116 2318 1272 2372 unice
1298 2315 1542 2386 occupati
1569 2323 1707 2379 sunt,
1745 2333 1857 2367 me-

176 2385 278 2438 rito
320 2385 583 2440 habentur
627 2388 966 2442 dialectici
1004 2387 1196 2460 (Soph.
1234 2408 1286 2459 p.
1324 2388 1443 2440 253.
1478 2386 1556 2438 Ε.“
1587 2385 1857 2438 Phaedon.

175 2475 227 2526 p.
255 2457 338 2510 65.
365 2457 434 2510 A.
474 2459 558 2510 67.
583 2457 650 2511 Β.
687 2458 773 2513 Ι)0
796 2459 876 2513 Re
919 2501 931 2512 .
959 2459 1029 2513 V.
1056 2479 1107 2530 p.
1127 2459 1251 2513 475.
1278 2458 1346 2511 B.
1383 2458 1503 2510 476.
1530 2456 1597 2509 B.
1635 2459 1756 2508 477.
1787 2456 1856 2509 A.

175 2527 298 2579 479.
335 2527 405 2579 A.
456 2528 582 2582 VH.
616 2548 670 2599 p.
710 2531 825 2583 521.
913 2571 926 2584 .
964 2531 1084 2584 534.
1113 2528 1177 2584 C.
1203 2530 1315 2600 aL).
1379 2527 1718 2596 Quamquam
1752 2545 1858 2579 non

175 2597 350 2651 minus
385 2598 526 2652 illius
563 2599 794 2654 officium
817 2601 919 2655 hoc
943 2610 1039 2665 est,
1079 2601 1222 2670 quod
1245 2601 1302 2652 in
1327 2599 1650 2663 disserendo,
1688 2616 1852 2666 vquae-

175 2668 368 2734 rend0‚
426 2672 823 2725 sermocinando
879 2681 1137 2726 versatur.
1214 2670 1337 2738 Quo
1385 2670 1600 2740 quidem
1646 2668 1857 2722 nomine

175 2748 503 2811 quantopere
538 2741 658 2812 ipsa
692 2743 977 2797 amatoriae
1023 2742 1331 2814 disciplinae
1377 2740 1648 2804 inserviat,
1694 2758 1858 2808 quum

174 2809 280 2863 iam
317 2829 479 2881 supra
516 2813 836 2883 explicatum
875 2815 961 2879 sit,
997 2814 1098 2868 hoc
1131 2814 1247 2867 1000
1273 2813 1448 2866 denuo
1473 2811 1738 2883 explicare
1765 2829 1853 2863 su-

177 2898 565 3001 }Siervacaneum
601 2883 938 2938 arbitramur.
974 2884 1134 2938 Hanc
1167 2885 1334 2957 igitur
1358 2893 1525 2936 artem
1548 2900 1688 2934 unus
1714 2890 1856 2933 tenet

224 2959 454 3031 ocrates3
493 2955 653 3005 ceteri
689 2963 923 3008 oratores
959 2956 1142 3008 eadem
1178 2974 1394 3025 prorsus
1426 2961 1608 3008 carent
1629 2952 1854 3019 ideoque

177 3030 334 3071 ctiam
370 3021 480 3074 veri
517 3024 709 3077 amoris
746 3025 853 3077 vim
876 3035 1224 3095 naturamque
1249 3025 1462 3078 minime
1487 3029 1851 3091 assequuntur,

176 3091 334 3143 immo
370 3111 436 3144 ne
472 3092 612 3145 illius
650 3094 863 3162 quidem
899 3097 1092 3148 amoris
1128 3096 1373 3161 rationes,
1411 3095 1503 3164 qui
1527 3096 1581 3147 in
1604 3094 1720 3161 ipsa
1743 3090 1852 3142 vita

178 3163 439 3215 communi
477 3172 731 3228 versatur,
781 3167 1052 3218 commode
1087 3167 1302 3220 laudare
1340 3167 1528 3220 sciunt.
1589 3160 1850 3215 Nimirum

125 3287 133 3294 ,
176 3232 384 3302 poetica
420 3234 620 3303 pariter
656 3244 813 3304 atque
850 3237 1107 3290 rhetorica
1132 3237 1368 3291 Platonis
1396 3234 1589 3288 iudicio
1625 3253 1656 3284 a
1692 3250 1848 3284 verae

179 3303 421 3358 scientiae
459 3305 614 3360 laude
653 3315 729 3360 est
767 3305 1101 3373 alienissima,
1152 3309 1304 3363 sicuti
1341 3326 1500 3377 quum
1547 3302 1688 3367 alibi,
1740 3310 1848 3357 tum
