2158 3718
363 134 467 183 19⁰
981 131 1399 185 PLATONlS

361 275 544 349 μόνον
586 279 720 350 ἐμοῦ
763 280 992 352 περιῆν,
1052 272 1194 332 ἀλλὰ
1251 279 1346 332 καὶ
1387 280 1498 333 τῶν
1539 274 1724 336 ἄλλων
1764 276 2048 339 ἁπάντων.

364 360 533 418 ὁπότε
570 366 707 434 γοῦν
750 360 1245 432 ἀναγκασθείημεν
1286 359 1718 437 ἀποληφθέντες
1758 386 1894 431 που,
1953 364 2049 422 οἷοι

225 446 343 495 220
369 443 437 513 δὴ
481 449 571 503 ἐπὶ
613 450 918 519 στρατείας,
960 443 1188 511 ἀσιτεῖν,
1232 445 1395 500 οὐδὲν
1437 438 1579 513 ἦσαν
1626 453 1679 504 οἱ
1705 445 1862 505 ἄλλοι
1906 447 2048 521 πρὸς

362 527 445 587 τὰ
474 531 786 603 noem-spelm
814 533 873 584 ἕν
911 527 952 583 τ’
1002 521 1075 584 αὖ
1118 539 1243 593 ταῖς
1268 528 1515 602 εὐωχίαις
1537 529 1710 602 μόνος
1735 531 2045 589 ἀπολαύειν

363 611 482 680 οἷός
524 614 576 669 τ’
627 608 698 682 ἦν
732 611 802 669 τά
838 612 888 668 τ’
944 609 1106 679 ἄλλα,
1151 616 1242 668 καὶ
1273 618 1449 669 πίνειν
1484 612 1588 670 min·
1607 620 1838 689 ἐθέλων,
1881 616 2035 673 ὁπότ’

363 698 786 768 ἀναγκασθείη,
844 695 1065 762 πάντας
1106 697 1318 771 ἐκράτει
1333 739 1347 763 ,
1401 701 1493 754 καὶ
1543 696 1573 754 ὃ
1617 700 1844 757 πάντων
1886 705 2043 757 θαν-

358 780 746 855 μαστότατον,
800 779 1086 852 Σωκράτη
1125 780 1424 853 μεθύοντα
1467 781 1645 849 οὐδεὶς
1686 782 1907 842 πώποτε
1949 791 2049 841 ἐω-

361 864 516 941 ροὶκει
557 863 904 940 ἀνθρώπων.
948 865 1151 922 τούτου
1188 870 1290 939 μὲν
1333 858 1435 922 οὗν
1473 889 1570 938 μοι
1618 871 1901 924 δοκεῖκαὶ
1944 869 2050 925 αὐ-

360 956 485 1008 τίκα
534 949 564 1008 ὁ
606 954 820 1024 ἔλεγχος
860 954 1112 1008 ἔσεσθαι.
1158 948 1299 1025 πρὸς
1341 953 1398 1006 δὲ
1442 943 1516 1008 αὖ
1559 948 1661 1019 τὰς
1700 955 1802 1008 τοῦ
1839 955 2049 1026 χειμῶ-

388 1031 397 1048 .

478 1170 649 1214 ὄπότε
683 1177 815 1228 γοῦν
857 1172 1066 1230 chelym]
1115 1173 1162 1216 V.
1206 1171 1400 1227 ὁπόταν,
1443 1174 1560 1228 quod
1602 1186 1658 1216 ex
1687 1173 1837 1218 Ambr.
1871 1173 2046 1228 Aug-u.

361 1231 458 1276 Vat.
483 1231 525 1274 d.
546 1243 586 1272 n.
610 1245 643 1275 r.
658 1244 690 1271 s.
728 1231 844 1272 Flor.
870 1245 908 1274 a.
932 1231 974 1272 b·
996 1246 1031 1273 c.
1050 1233 1077 1275 i.
1101 1244 1142 1272 n.
1182 1232 1453 1274 mutavimuS.
1510 1231 1633 1274 Istud
1663 1235 1771 1284 γοῦν
1800 1243 1886 1275 οιιι.
1918 1230 2048 1273 Bodl.

365 1290 497 1332 Coisl
522 1289 617 1331 Vat.
633 1288 685 1330 A.
705 1289 793 1331 Par
818 1288 1020 1331 DEFK.
1042 1290 1188 1341 Ambr.
1216 1290 1326 1342 Ang.
1339 1302 1382 1332 u.
1410 1289 1504 1331 Vat.
1517 1289 1557 1330 d.
1570 1302 1610 1330 n.
1622 1302 1656 1330 r.
1672 1303 1705 1330 s.
1728 1288 1847 1331 Flor.
1862 1302 1899 1330 a.
1913 1289 1953 1330 b.
1966 1289 2042 1332 c.i

363 1359 405 1391 n.
421 1379 434 1400 ,
478 1348 521 1389 in
558 1348 710 1400 quibus
751 1346 870 1387 vides
915 1360 969 1388 ex
1005 1345 1137 1387 ὁπότε
1173 1351 1281 1401 γοῦν
1321 1346 1626 1401 depravatione
1655 1345 1844 1400 quadam
1873 1343 2047 1388 ὁπόταν

365 1405 602 1447 exstitisse.
664 1404 782 1446 Male
812 1405 943 1457 igitur
971 1403 1097 1445 Turr.
1134 1409 1178 1447 et
1209 1404 1358 1446 Herm.
1392 1402 1526 1445 ὁπότ’
1559 1403 1801 1460 ἀναγκασθ
1864 1404 1911 1445 ln
1943 1403 2042 1445 Par.

362 1461 415 1503 F
446 1475 532 1505 rec.
565 1462 722 1515 legitur
750 1458 921 1502 οπόταν
949 1459 990 1501 δ’
1023 1460 1088 1502 ἄν.

480 1517 932 1590 ἀποληφθέντες]
976 1519 1050 1560 Sic
1081 1518 1228 1560 Astius
1259 1518 1448 1560 correxit
1488 1517 1545 1559 ad
1581 1518 1736 1572 interp.
1765 1519 1972 1562 German.
2001 1531 2046 1573 p.

362 1576 443 1622 361
479 1590 545 1630 sq.
603 1577 722 1618 Libri
752 1574 1113 1629 ἀπολειφθέντες.
1173 1575 1395 1618 Heusdius
1416 1575 1607 1630 Specim.
1627 1589 1669 1630 p.
1690 1577 1758 1621 17.
1790 1577 1905 1619 coni.
1934 1574 2047 1617 ἀπο-

363 1635 618 1690 λειφθέντες
647 1635 785 1674 σίτου.
817 1633 1010 1675 Ficinus=
1042 1633 1086 1677 si
1117 1634 1300 1686 quoin
1331 1635 1478 1686 loco,
1509 1638 1566 1675 ut
1600 1633 1866 1676 accidere
1896 1634 2048 1676 solet

363 1693 415 1734 in
446 1693 621 1743 bello,
662 1695 1000 1742 commeatus
1045 1690 1339 1734 deficeret.
1399 1690 1676 1734 Hommelius
1705 1691 1910 1734 librorum
1941 1691 2048 1732 scri-

365 1754 537 1803 pturam
570 1751 629 1790 ita
664 1747 883 1800 defendit,
921 1752 968 1790 ut
1006 1747 1060 1790 ad
1098 1747 1437 1802 ἀπολειφθέντες
1469 1762 1523 1791 ex
1554 1749 1753 1802 sequenti
1784 1747 1951 1791 ἀσιτεῖν
1981 1748 2047 1790 fa-

362 1808 444 1853 cile
485 1807 609 1847 σίτου
649 1807 809 1847 assumi
845 1819 977 1860 posse
1015 1809 1192 1847 statuat.
1261 1805 1321 1848 Et
1361 1806 1424 1848 sic
1467 1807 1611 1848 locum
1665 1806 1875 1850 intellexit
1913 1806 2046 1849 etiam

360 1865 538 1908 Dorvill.
571 1862 625 1905 ad
664 1864 884 1906 cnariton.
915 1877 957 1919 p.
979 1862 1078 1908 378.
1112 1863 1181 1906 ed.
1210 1863 1332 1918 Lips.

416 2002 592 2046 ὁπότε
631 2007 761 2058 γοῦν
789 2002 1003 2059 ἀναγκ.]
1043 2004 1160 2047 Con-

357 2064 502 2106 firmat
550 2067 684 2117 γοῦν,
744 2067 794 2104 ut
839 2062 939 2105 Lat.
1003 2068 1159 2106 certe

358 2121 590 2174 quidem,
623 2119 919 2162 antecedentia
952 2133 1051 2162 cum
1082 2121 1161 2173 ali-

361 2193 444 2233 qua
475 2179 774 2230 restrictione,
813 2177 894 2219 lioc
925 2182 993 2220 est
1021 2179 1081 2220 ita
1112 2183 1162 2219 ut

360 2237 518 2278 indicet
557 2235 639 2278 hoc
689 2240 831 2288 certe,
883 2234 1002 2288 quod
1049 2248 1161 2276 nunc

361 2297 748 2345 commemoretur,
807 2293 1034 2335 veritatem
1084 2306 1162 2334 eo-

358 2365 479 2404 rum,
513 2365 625 2405 quae
655 2356 782 2393 antea
810 2350 924 2392 dicta
956 2351 1057 2402 sint,
1090 2363 1161 2392 sa-

358 2411 414 2452 tis
444 2410 616 2461 testari3
647 2398 725 2451 sed
757 2408 838 2450 alia
868 2409 996 2450 etiam
1029 2421 1162 2462 posse

357 2467 530 2519 afferri,
571 2479 680 2520 quae
719 2470 866 2507 tamen
904 2477 1016 2506 nunc
1055 2467 1160 2507 reti-

356 2525 495 2566 cenda
527 2525 775 2574 videantur,
813 2536 851 2564 v.
886 2522 940 2564 ad
971 2536 1008 2564 c.
1045 2523 1159 2565 VIII.

357 2583 406 2626 C.
463 2582 595 2623 Cuius
626 2581 802 2634 quidem
835 2580 1158 2634 significationis

357 2642 555 2693 exempla
597 2651 726 2691 quum
768 2639 989 2679 innumera
1029 2650 1156 2691 repe-

353 2697 530 2748 riantur,
563 2701 707 2737 tamen
739 2693 849 2736 haud
881 2696 990 2745 scio,
1022 2707 1078 2735 an
1111 2694 1155 2746 ii,

354 2753 428 2805 qui
461 2755 658 2794 voculam
684 2751 882 2793 hocloco
900 2752 1154 2801 omiserunt,

355 2811 448 2850 eius
485 2810 566 2850 vim
612 2821 696 2849 non
730 2809 834 2848 satis
867 2807 1153 2861 perceperint.

355 2867 554 2919 Alioquin
603 2866 713 2906 enim
763 2876 848 2905 non
908 2864 1159 2905 maluissent

355 2923 436 2965 hoc
478 2921 712 2964 ἀσύνδετον
761 2923 975 2971 tolerare,
1024 2934 1154 2974 quam

354 2990 506 3023 vocem
533 2992 763 3032 sanequam
791 2980 1008 3031 eleganter
1037 2979 1156 3032 posi·

355 3044 443 3080 tam
476 3038 670 3080 codicum
703 3035 968 3090 quorundam
1000 3042 1156 3077 aucto-

355 3097 483 3138 ritate
528 3093 773 3137 extrudere.
830 3092 1040 3135 Nimirum
1074 3094 1155 3135 etsi

356 3154 469 3194 haec·
486 3152 647 3194 addita
690 3154 789 3192 sunt
827 3151 911 3200 ita,
951 3156 996 3191 ut
1029 3164 1155 3204 prae-

354 3210 526 3252 cedenti
585 3209 823 3251 sententiae
879 3208 1155 3250 illustrandae

354 3268 601 3320 inserviant,
632 3273 775 3309 tamen
812 3277 895 3306 non
927 3266 1083 3317 ubique
1115 3267 1155 3306 in

354 3325 513 3366 talibus
545 3323 774 3367 commode
796 3323 949 3365 abesse
970 3328 1156 3376 possunt

355 3382 689 3426 coniunctiones.
768 3378 953 3422 Ὁπόταν
1010 3385 1152 3422 autem

1245 2017 1344 2047 cum
1383 2005 1578 2058 optativo
1619 2005 1807 2047 iunctum
1850 2002 1918 2049 hic
1948 2004 2045 2057 qui-

1246 2062 1346 2105 dem
1403 2062 1627 2104 ferendum
1687 2075 1772 2104 non
1831 2067 2046 2118 putamus,

1244 2133 1371 2174 quum
1404 2121 1518 2162 nulla
1547 2121 1689 2162 locum
1715 2115 1875 2175 habeat
1900 2124 2047 2161 rectae

1246 2179 1453 2220 orationis
1483 2178 1526 2219 in
1556 2178 1770 2231 obliquam
1802 2175 2044 2220 conversio.

1246 2235 1380 2279 Quod
1420 2247 1495 2276 cur
1532 2235 1590 2276 ita
1621 2234 1836 2286 dicamus,
1875 2233 2044 2288 perspi-

1246 2305 1374 2334 cuum
1408 2293 1490 2334 erit
1517 2305 1570 2334 ex
1589 2291 1881 2347 disputatione
1911 2291 2046 2333 Her-

1250 2350 1427 2392 manni
1459 2350 1524 2391 De
1545 2350 1668 2391 Part.
1700 2348 1755 2390 ἂν
1782 2363 1824 2404 p.
1849 2349 1929 2394 147
1948 2361 2043 2401 sqq.

1245 2409 1449 2450 Ceterum
1479 2407 1538 2449 illi
1567 2411 1737 2462 πρῶτον
1763 2409 1838 2460 μέν
1867 2407 1910 2449 in
1940 2418 2044 2461 pro-

1243 2466 1369 2507 ximis
1399 2464 1664 2519 respondent
1693 2466 1825 2507 verba
1860 2463 2011 2531 πρὸς
1998 2465 2043 2506 δὲ

1244 2517 1305 2563 av
1336 2521 1416 2568 τὰς
1445 2525 1528 2563 τοῦ
1557 2537 1672 2577 χειμ.
1704 2539 1740 2565 κ.
1759 2539 1800 2563 τ.
1821 2522 1874 2574 λ.,
1906 2523 1964 2564 ita
1992 2511 2043 2563 ut

1244 2581 1289 2621 δὲ
1319 2575 1376 2622 αὖ
1410 2579 1523 2621 idem
1557 2580 1612 2620 sit
1640 2579 1756 2633 quod
1786 2580 1944 2620 ἔπειτα

1298 2637 1726 2690 ἀποληφθέντες
1763 2634 1888 2691 ποι]
1941 2635 2040 2676 ali-

1243 2695 1369 2735 cubi
1401 2707 1426 2734 a
1459 2698 1771 2734 commeatu
1802 2693 2039 2734 interce-

1240 2751 1318 2804 pti
1363 2754 1415 2791 et
1454 2748 1750 2803 prohibiti,
1797 2762 1838 2791 v.
1882 2749 2040 2792 Hem-

1242 2812 1327 2848 ste
1340 2806 1477 2848 rhus.
1510 2806 1562 2847 ad
1595 2807 1721 2848 Arist.
1746 2807 1859 2848 Plut.
1881 2819 1918 2848 v.
1942 2805 2039 2852 935.

1242 2868 1287 2906 et
1317 2864 1371 2904 ad
1405 2863 1622 2906 Phaedon.
1662 2878 1700 2918 p.
1721 2864 1788 2909 53.
1823 2863 1873 2907 C.

1300 2921 1351 2964 P.
1393 2920 1492 2966 220-
1567 2919 1630 2961 τά
1679 2921 1721 2962 τ’
1773 2920 1906 2962 ἀλλὰ
1953 2921 2041 2962 καὶ

1239 2981 1418 3020 πίνειν
1445 2977 1542 3019 οὐκ
1571 2979 1777 3020 ἐθέλων
1806 3002 1864 3010 -
1891 2978 2040 3033 ἐκρά-

1239 3051 1294 3078 τε
1307 3035 1348 3090 ι]
1398 3036 1491 3077 Dici
1538 3041 1707 3090 poterat
1755 3037 1835 3079 hoc
1883 3036 2038 3078 modo:

1238 3092 1294 3134 ‘ra'
1325 3108 1371 3135 τε
1402 3093 1543 3146 ἄλλα,
1578 3095 1649 3134 καὶ
1685 3093 1736 3146 δὴ
1782 3095 1856 3134 καὶ
1885 3098 2037 3145 τοῦτο,

1239 3151 1313 3192 δ’τι
1369 3153 1502 3191 πίνειν
1544 3175 1596 3181 -
1638 3151 1801 3199 πάντας
1855 3148 2034 3204 ἐκράτει.

1240 3209 1329 3251 Sed
1361 3209 1513 3250 eadem
1542 3209 1874 3262 breviloquentia
1896 3210 2039 3262 paullo

1240 3270 1364 3321 post:
1402 3266 1636 3320 θαυμάσια
1657 3264 1878 3321 εἰργάζετο
1908 3264 1963 3306 τά
1994 3279 2040 3306 τε

1238 3325 1372 3375 ἄλλα,
1427 3324 1500 3364 καί
1546 3337 1653 3364 ποτε
1698 3346 1739 3354 -
1783 3322 1894 3376 ἐξῄει
1942 3322 2045 3374 Ῑχῶν

1240 3379 1415 3437 ἱμάτιον
1446 3396 1483 3420 κ.
1519 3397 1558 3422 τ.
1593 3380 1627 3424 λ.
1688 3380 1747 3422 Et
1783 3382 1844 3423 sic
1889 3378 2046 3422 Graeci
