<?xml version="1.0" encoding="UTF-8"?>
<!DOCTYPE html PUBLIC "-//W3C//DTD XHTML 1.0 Transitional//EN"
    "http://www.w3.org/TR/xhtml1/DTD/xhtml1-transitional.dtd">
<html xmlns="http://www.w3.org/1999/xhtml" xml:lang="en" lang="en">
 <head>
  <title>
</title>
<meta http-equiv="Content-Type" content="text/html;charset=utf-8" />
  <meta name='ocr-system' content='tesseract 3.04.00' />
  <meta name='ocr-capabilities' content='ocr_page ocr_carea ocr_par ocr_line ocrx_word'/>
</head>
<body>
  <div class='ocr_page' id='page_1' title='image "./operaomniarecens01platuoft/operaomniarecens01platuoft_0884.png"; bbox 0 0 2158 3718; ppageno 0'>
   <div class='ocr_carea' id='block_1_1' title="bbox 341 167 2116 1230">
    <p class='ocr_par' dir='ltr' id='par_1_1' title="bbox 421 167 2112 720">
     <span class='ocr_line' id='line_1_1' title="bbox 421 167 1436 220; baseline 0.001 -1"><span class='ocrx_word' id='word_1_1' title='bbox 421 168 528 219; x_wconf 74' lang='grc'><strong><em>162</em></strong></span> <span class='ocrx_word' id='word_1_2' title='bbox 1023 167 1436 220; x_wconf 69' lang='lat' dir='ltr'>PLATONIS</span> 
     </span>
     <span class='ocr_line' id='line_1_2' title="bbox 427 309 2110 385; baseline 0.002 -15"><span class='ocrx_word' id='word_1_3' title='bbox 427 311 528 370; x_wconf 88' lang='grc' dir='ltr'><strong><em>τὸν</em></strong></span> <span class='ocrx_word' id='word_1_4' title='bbox 570 309 633 369; x_wconf 82' lang='grc' dir='ltr'><strong><em>τὸ</em></strong></span> <span class='ocrx_word' id='word_1_5' title='bbox 677 311 878 379; x_wconf 83' lang='grc' dir='ltr'><strong><em>καλόν,</em></strong></span> <span class='ocrx_word' id='word_1_6' title='bbox 931 316 1131 368; x_wconf 79' lang='grc' dir='ltr'><strong><em>τίκτειν</em></strong></span> <span class='ocrx_word' id='word_1_7' title='bbox 1175 310 1285 382; x_wconf 52' lang='grc' dir='ltr'><strong><em>,οὐκ</em></strong></span> <span class='ocrx_word' id='word_1_8' title='bbox 1329 313 1521 369; x_wconf 81' lang='grc' dir='ltr'><strong><em>ε’ίὸωλα</em></strong></span> <span class='ocrx_word' id='word_1_9' title='bbox 1567 310 1794 385; x_wconf 80' lang='grc' dir='ltr'><strong><em>ἀρετῆς,</em></strong></span> <span class='ocrx_word' id='word_1_10' title='bbox 1852 314 1953 374; x_wconf 78' lang='grc' dir='ltr'><strong><em>ἅτε</em></strong></span> <span class='ocrx_word' id='word_1_11' title='bbox 2009 317 2110 374; x_wconf 76' lang='grc' dir='ltr'><strong><em>οὐκ</em></strong></span> 
     </span>
     <span class='ocr_line' id='line_1_3' title="bbox 430 393 2112 472; baseline 0.001 -17"><span class='ocrx_word' id='word_1_12' title='bbox 430 395 654 455; x_wconf 77' lang='grc' dir='ltr'><em>εἰδώλου</em></span> <span class='ocrx_word' id='word_1_13' title='bbox 699 402 1088 472; x_wconf 77' lang='grc' dir='ltr'><strong><em>ἐφαπτομένῳ,</em></strong></span> <span class='ocrx_word' id='word_1_14' title='bbox 1126 393 1249 451; x_wconf 83' lang='grc' dir='ltr'><strong><em>ἀλλ’</em></strong></span> <span class='ocrx_word' id='word_1_15' title='bbox 1299 395 1526 464; x_wconf 84' lang='grc' dir='ltr'><strong><em>ἀληθῆ,</em></strong></span> <span class='ocrx_word' id='word_1_16' title='bbox 1572 395 1671 453; x_wconf 84' lang='grc' dir='ltr'><strong><em>ἅτε</em></strong></span> <span class='ocrx_word' id='word_1_17' title='bbox 1712 403 1812 455; x_wconf 84' lang='grc' dir='ltr'><strong><em>τοῦ</em></strong></span> <span class='ocrx_word' id='word_1_18' title='bbox 1855 401 2112 469; x_wconf 78' lang='grc' dir='ltr'><strong><em>ἀληθοῦς</em></strong></span> 
     </span>
     <span class='ocr_line' id='line_1_4' title="bbox 432 478 2112 562; baseline 0.002 -24"><span class='ocrx_word' id='word_1_19' title='bbox 432 486 822 559; x_wconf 74' lang='grc' dir='ltr'><strong><em>ἐφαπτομένῳ,</em></strong></span> <span class='ocrx_word' id='word_1_20' title='bbox 883 478 1096 535; x_wconf 82' lang='grc' dir='ltr'><em>τεκόντι</em></span> <span class='ocrx_word' id='word_1_21' title='bbox 1158 483 1214 535; x_wconf 80' lang='grc' dir='ltr'><strong><em>δὲ</em></strong></span> <span class='ocrx_word' id='word_1_22' title='bbox 1258 478 1462 551; x_wconf 79' lang='grc' dir='ltr'><strong><em>ἀρετὴν</em></strong></span> <span class='ocrx_word' id='word_1_23' title='bbox 1504 481 1701 550; x_wconf 85' lang='grc' dir='ltr'><strong><em>ἀληθῆ</em></strong></span> <span class='ocrx_word' id='word_1_24' title='bbox 1746 487 1837 540; x_wconf 88' lang='grc' dir='ltr'><strong><em>καὶ</em></strong></span> <span class='ocrx_word' id='word_1_25' title='bbox 1882 491 2112 562; x_wconf 81' lang='grc' dir='ltr'><strong><em>θρεψα-</em></strong></span> 
     </span>
     <span class='ocr_line' id='line_1_5' title="bbox 432 562 2110 644; baseline 0.001 -22"><span class='ocrx_word' id='word_1_26' title='bbox 432 573 596 640; x_wconf 79' lang='grc' dir='ltr'><strong><em>μένῳ</em></strong></span> <span class='ocrx_word' id='word_1_27' title='bbox 621 562 853 635; x_wconf 78' lang='grc' dir='ltr'><em>ὑπάρχει</em></span> <span class='ocrx_word' id='word_1_28' title='bbox 898 567 1159 638; x_wconf 78' lang='grc' dir='ltr'><strong><em>θεοφιλεῖ</em></strong></span> <span class='ocrx_word' id='word_1_29' title='bbox 1198 568 1466 632; x_wconf 80' lang='grc' dir='ltr'><strong><em>γενέσθαι</em></strong></span> <span class='ocrx_word' id='word_1_30' title='bbox 1507 571 1617 639; x_wconf 82' lang='grc' dir='ltr'><strong><em>καί,</em></strong></span> <span class='ocrx_word' id='word_1_31' title='bbox 1663 566 1809 644; x_wconf 83' lang='grc' dir='ltr'><strong><em>ε’ίπερ</em></strong></span> <span class='ocrx_word' id='word_1_32' title='bbox 1837 590 1914 640; x_wconf 82' lang='grc' dir='ltr'><strong><em>τῳ</em></strong></span> <span class='ocrx_word' id='word_1_33' title='bbox 1958 566 2110 641; x_wconf 75' lang='grc' dir='ltr'><strong><em>ἄλλῳ</em></strong></span> 
     </span>
     <span class='ocr_line' id='line_1_6' title="bbox 429 646 2079 720; baseline -0.001 -15"><span class='ocrx_word' id='word_1_34' title='bbox 429 647 782 720; x_wconf 80' lang='grc' dir='ltr'><strong><em>ἀνθρώπων,</em></strong></span> <span class='ocrx_word' id='word_1_35' title='bbox 823 646 1111 718; x_wconf 77' lang='grc' dir='ltr'><em>ἀθανάτῳ</em></span> <span class='ocrx_word' id='word_1_36' title='bbox 1155 651 1247 704; x_wconf 86' lang='grc' dir='ltr'><strong><em>καὶ</em></strong></span> <span class='ocrx_word' id='word_1_37' title='bbox 1289 653 1508 718; x_wconf 72' lang='grc' dir='ltr'><strong><em>ἐκείνως</em></strong></span> <span class='ocrx_word' id='word_1_38' title='bbox 2075 656 2079 658; x_wconf 74' lang='grc'><strong>’</strong></span> 
     </span>
    </p>

    <p class='ocr_par' dir='ltr' id='par_1_2' title="bbox 341 705 2116 1230">
     <span class='ocr_line' id='line_1_7' title="bbox 341 705 2114 812; baseline 0.006 -30"><span class='ocrx_word' id='word_1_39' title='bbox 341 733 384 782; x_wconf 83' lang='grc' dir='ltr'><strong>Β</strong></span> <span class='ocrx_word' id='word_1_40' title='bbox 534 735 760 788; x_wconf 70' lang='grc' dir='ltr'><strong><em>Ταῦτα</em></strong></span> <span class='ocrx_word' id='word_1_41' title='bbox 805 730 905 800; x_wconf 76' lang='grc' dir='ltr'><strong><em>δή,</em></strong></span> <span class='ocrx_word' id='word_1_42' title='bbox 948 723 987 786; x_wconf 78' lang='grc' dir='ltr'><em>ὦ</em></span> <span class='ocrx_word' id='word_1_43' title='bbox 1038 735 1248 805; x_wconf 67' lang='grc' dir='ltr'><strong><em>ψαιδρε</em></strong></span> <span class='ocrx_word' id='word_1_44' title='bbox 1297 755 1353 789; x_wconf 72' lang='grc' dir='ltr'><strong><em>τε</em></strong></span> <span class='ocrx_word' id='word_1_45' title='bbox 1397 735 1489 788; x_wconf 72' lang='grc' dir='ltr'><strong><em>καὶ</em></strong></span> <span class='ocrx_word' id='word_1_46' title='bbox 1532 736 1586 788; x_wconf 77' lang='grc' dir='ltr'><strong><em>οι</em></strong></span> <span class='ocrx_word' id='word_1_47' title='bbox 1628 705 1820 803; x_wconf 65' lang='grc' dir='ltr'><strong><em>ἄλλοι,</em></strong></span> <span class='ocrx_word' id='word_1_48' title='bbox 1862 739 1970 812; x_wconf 64' lang='grc' dir='ltr'><strong><em>ἔφη</em></strong></span> <span class='ocrx_word' id='word_1_49' title='bbox 2012 739 2114 808; x_wconf 71' lang='grc' dir='ltr'><strong><em>μὲν</em></strong></span> 
     </span>
     <span class='ocr_line' id='line_1_8' title="bbox 436 814 2115 894; baseline 0.002 -21"><span class='ocrx_word' id='word_1_50' title='bbox 436 820 669 888; x_wconf 90' lang='grc' dir='ltr'><strong><em>Διοτίμα</em></strong></span> <span class='ocrx_word' id='word_1_51' title='bbox 690 843 707 888; x_wconf 81' lang='grc'><strong><em>,·</em></strong></span> <span class='ocrx_word' id='word_1_52' title='bbox 749 824 1036 888; x_wconf 77' lang='grc' dir='ltr'><strong><em>πέπεισμαι</em></strong></span> <span class='ocrx_word' id='word_1_53' title='bbox 1081 814 1130 872; x_wconf 86' lang='grc' dir='ltr'><strong><em>δ’</em></strong></span> <span class='ocrx_word' id='word_1_54' title='bbox 1178 814 1309 888; x_wconf 72' lang='grc' dir='ltr'><strong><em>ἐγώ·</em></strong></span> <span class='ocrx_word' id='word_1_55' title='bbox 1352 823 1702 887; x_wconf 83' lang='grc' dir='ltr'><strong><em>πεπεισμένος</em></strong></span> <span class='ocrx_word' id='word_1_56' title='bbox 1745 821 1802 875; x_wconf 82' lang='grc' dir='ltr'><strong><em>δὲ</em></strong></span> <span class='ocrx_word' id='word_1_57' title='bbox 1845 824 2115 894; x_wconf 81' lang='grc' dir='ltr'><strong><em>πειρῶμαι</em></strong></span> 
     </span>
     <span class='ocr_line' id='line_1_9' title="bbox 434 896 2116 977; baseline 0.003 -21"><span class='ocrx_word' id='word_1_58' title='bbox 434 904 528 956; x_wconf 86' lang='grc' dir='ltr'><strong><em>καὶ</em></strong></span> <span class='ocrx_word' id='word_1_59' title='bbox 573 896 948 966; x_wconf 79' lang='grc' dir='ltr'><strong><em>τοὺςάλλους</em></strong></span> <span class='ocrx_word' id='word_1_60' title='bbox 990 904 1237 968; x_wconf 81' lang='grc' dir='ltr'><strong><em>πείθειν,</em></strong></span> <span class='ocrx_word' id='word_1_61' title='bbox 1292 897 1382 957; x_wconf 84' lang='grc' dir='ltr'><strong><em>ὅτι</em></strong></span> <span class='ocrx_word' id='word_1_62' title='bbox 1438 898 1642 956; x_wconf 88' lang='grc' dir='ltr'><strong><em>τούτου</em></strong></span> <span class='ocrx_word' id='word_1_63' title='bbox 1686 905 1785 958; x_wconf 87' lang='grc' dir='ltr'><strong><em>τοῦ</em></strong></span> <span class='ocrx_word' id='word_1_64' title='bbox 1832 902 2116 977; x_wconf 86' lang='grc' dir='ltr'><strong><em>κτήματος</em></strong></span> 
     </span>
     <span class='ocr_line' id='line_1_10' title="bbox 434 981 2116 1063; baseline 0.003 -23"><span class='ocrx_word' id='word_1_65' title='bbox 434 987 500 1063; x_wconf 75' lang='grc' dir='ltr'><strong><em>τῇ</em></strong></span> <span class='ocrx_word' id='word_1_66' title='bbox 520 984 873 1057; x_wconf 70' lang='grc' dir='ltr'><strong><em>ἀνθρωπείῳ</em></strong></span> <span class='ocrx_word' id='word_1_67' title='bbox 915 982 1079 1061; x_wconf 77' lang='grc' dir='ltr'><strong><em>φύσει</em></strong></span> <span class='ocrx_word' id='word_1_68' title='bbox 1121 982 1384 1060; x_wconf 81' lang='grc' dir='ltr'><strong><em>συνεργὸν</em></strong></span> <span class='ocrx_word' id='word_1_69' title='bbox 1415 983 1619 1057; x_wconf 85' lang='grc' dir='ltr'><strong><em>ἀμείνω</em></strong></span> <span class='ocrx_word' id='word_1_70' title='bbox 1647 981 1892 1057; x_wconf 76' lang='grc' dir='ltr'><strong><em>’Ἑρωτος</em></strong></span> <span class='ocrx_word' id='word_1_71' title='bbox 1914 987 2016 1062; x_wconf 60' lang='grc' dir='ltr'><strong><em>οὐκ</em></strong></span> <span class='ocrx_word' id='word_1_72' title='bbox 2041 986 2116 1045; x_wconf 75' lang='grc' dir='ltr'><strong><em>ἄν</em></strong></span> 
     </span>
     <span class='ocr_line' id='line_1_11' title="bbox 431 1066 2116 1144; baseline 0.003 -21"><span class='ocrx_word' id='word_1_73' title='bbox 431 1091 515 1134; x_wconf 87' lang='grc' dir='ltr'><strong><em>τις</em></strong></span> <span class='ocrx_word' id='word_1_74' title='bbox 573 1068 774 1144; x_wconf 73' lang='grc' dir='ltr'><strong><em>ῥᾳδίως</em></strong></span> <span class='ocrx_word' id='word_1_75' title='bbox 826 1067 1012 1141; x_wconf 82' lang='grc' dir='ltr'><strong><em>λα’βοι.</em></strong></span> <span class='ocrx_word' id='word_1_76' title='bbox 1067 1066 1152 1126; x_wconf 82' lang='grc' dir='ltr'><strong><em>διὸ</em></strong></span> <span class='ocrx_word' id='word_1_77' title='bbox 1197 1067 1263 1139; x_wconf 86' lang='grc' dir='ltr'><strong><em>δὴ</em></strong></span> <span class='ocrx_word' id='word_1_78' title='bbox 1305 1075 1463 1141; x_wconf 73' lang='grc' dir='ltr'><strong><em>ἔγωγέ</em></strong></span> <span class='ocrx_word' id='word_1_79' title='bbox 1506 1091 1648 1144; x_wconf 81' lang='grc' dir='ltr'><strong><em>φημι</em></strong></span> <span class='ocrx_word' id='word_1_80' title='bbox 1686 1073 1888 1142; x_wconf 83' lang='grc' dir='ltr'><strong><em>χρῆναι</em></strong></span> <span class='ocrx_word' id='word_1_81' title='bbox 1927 1071 2116 1128; x_wconf 82' lang='grc' dir='ltr'><strong><em>πάντα</em></strong></span> 
     </span>
     <span class='ocr_line' id='line_1_12' title="bbox 435 1149 2112 1230; baseline 0.003 -22"><span class='ocrx_word' id='word_1_82' title='bbox 435 1150 618 1228; x_wconf 79' lang='grc' dir='ltr'><strong><em>ἄνδρα</em></strong></span> <span class='ocrx_word' id='word_1_83' title='bbox 665 1149 767 1210; x_wconf 85' lang='grc' dir='ltr'><strong><em>τὸν</em></strong></span> <span class='ocrx_word' id='word_1_84' title='bbox 794 1150 1012 1229; x_wconf 78' lang='grc' dir='ltr'><strong><em>’Ἔρωτα</em></strong></span> <span class='ocrx_word' id='word_1_85' title='bbox 1059 1157 1244 1227; x_wconf 81' lang='grc' dir='ltr'><strong><em>τιμᾶν,</em></strong></span> <span class='ocrx_word' id='word_1_86' title='bbox 1289 1158 1381 1210; x_wconf 88' lang='grc' dir='ltr'><strong><em>καὶ</em></strong></span> <span class='ocrx_word' id='word_1_87' title='bbox 1411 1151 1584 1219; x_wconf 86' lang='grc' dir='ltr'><strong><em>αὐτὸς</em></strong></span> <span class='ocrx_word' id='word_1_88' title='bbox 1613 1158 1748 1226; x_wconf 91' lang='grc' dir='ltr'><strong><em>τιμῶ</em></strong></span> <span class='ocrx_word' id='word_1_89' title='bbox 1779 1153 1848 1211; x_wconf 87' lang='grc' dir='ltr'><em>τά</em></span> <span class='ocrx_word' id='word_1_90' title='bbox 1883 1154 2112 1230; x_wconf 84' lang='grc' dir='ltr'><strong><em>ὲρωτικά</em></strong></span> 
     </span>
    </p>
   </div>
   <div class='ocr_carea' id='block_1_2' title="bbox 433 1316 2112 1428">
    <p class='ocr_par' dir='ltr' id='par_1_3' title="bbox 433 1316 2112 1428">
     <span class='ocr_line' id='line_1_13' title="bbox 547 1316 2112 1374; baseline 0.003 -15"><span class='ocrx_word' id='word_1_91' title='bbox 547 1317 815 1370; x_wconf 83' lang='grc' dir='ltr'><strong><em>θεοφιλεῖ</em></strong></span> <span class='ocrx_word' id='word_1_92' title='bbox 851 1319 1146 1373; x_wconf 61' lang='grc' dir='ltr'><strong><em>γενέσθαι]</em></strong></span> <span class='ocrx_word' id='word_1_93' title='bbox 1188 1318 1380 1374; x_wconf 81' lang='grc' dir='ltr'><strong><em>θεοφιλῇ</em></strong></span> <span class='ocrx_word' id='word_1_94' title='bbox 1420 1316 1546 1360; x_wconf 77' lang='grc' dir='ltr'><strong><em>ΒοᾶΙ.</em></strong></span> <span class='ocrx_word' id='word_1_95' title='bbox 1581 1318 1672 1360; x_wconf 79' lang='lat' dir='ltr'><strong>Vat-</strong></span> <span class='ocrx_word' id='word_1_96' title='bbox 1701 1317 1754 1361; x_wconf 84' lang='lat' dir='ltr'><strong>A.</strong></span> <span class='ocrx_word' id='word_1_97' title='bbox 1787 1319 1919 1362; x_wconf 81' lang='lat' dir='ltr'><strong>Coisl.</strong></span> <span class='ocrx_word' id='word_1_98' title='bbox 1952 1320 2046 1363; x_wconf 80' lang='lat' dir='ltr'><strong>Vat-</strong></span> <span class='ocrx_word' id='word_1_99' title='bbox 2073 1335 2112 1365; x_wconf 89' lang='lat' dir='ltr'><strong><em>n.</em></strong></span> 
     </span>
     <span class='ocr_line' id='line_1_14' title="bbox 433 1375 1052 1428; baseline 0 -12"><span class='ocrx_word' id='word_1_100' title='bbox 433 1379 478 1416; x_wconf 91' lang='lat' dir='ltr'><strong><em>et</em></strong></span> <span class='ocrx_word' id='word_1_101' title='bbox 508 1387 640 1428; x_wconf 84' lang='lat' dir='ltr'><strong>supra</strong></span> <span class='ocrx_word' id='word_1_102' title='bbox 675 1389 844 1417; x_wconf 87' lang='lat' dir='ltr'><strong>versum</strong></span> <span class='ocrx_word' id='word_1_103' title='bbox 879 1376 973 1417; x_wconf 83' lang='lat' dir='ltr'><strong>Par.</strong></span> <span class='ocrx_word' id='word_1_104' title='bbox 997 1375 1052 1417; x_wconf 83' lang='lat' dir='ltr'><strong>E.</strong></span> 
     </span>
    </p>
   </div>
   <div class='ocr_carea' id='block_1_3' title="bbox 431 1428 2114 1604">
    <p class='ocr_par' dir='ltr' id='par_1_4' title="bbox 431 1428 2114 1604">
     <span class='ocr_line' id='line_1_15' title="bbox 547 1428 2114 1489; baseline 0.002 -17"><span class='ocrx_word' id='word_1_105' title='bbox 547 1435 700 1489; x_wconf 71' lang='grc' dir='ltr'><strong><em>εἴπερ</em></strong></span> <span class='ocrx_word' id='word_1_106' title='bbox 731 1449 800 1484; x_wconf 81' lang='grc' dir='ltr'><strong><em>τῳ</em></strong></span> <span class='ocrx_word' id='word_1_107' title='bbox 830 1432 972 1484; x_wconf 75' lang='grc' dir='ltr'><strong><em>ἄλλῳ</em></strong></span> <span class='ocrx_word' id='word_1_108' title='bbox 1007 1428 1340 1488; x_wconf 75' lang='grc' dir='ltr'><strong><em>ἀνθρώπων]</em></strong></span> <span class='ocrx_word' id='word_1_109' title='bbox 1377 1431 1425 1474; x_wconf 88' lang='lat' dir='ltr'><strong><em>V.</em></strong></span> <span class='ocrx_word' id='word_1_110' title='bbox 1458 1430 1862 1487; x_wconf 61' lang='grc' dir='ltr'><strong><em>ἆνθρώηῳ,,ἰηνίῑίε</em></strong></span> <span class='ocrx_word' id='word_1_111' title='bbox 1892 1434 2114 1477; x_wconf 72' lang='lat' dir='ltr'><strong>codicibus</strong></span> 
     </span>
     <span class='ocr_line' id='line_1_16' title="bbox 431 1489 1630 1544; baseline -0.002 -13"><span class='ocrx_word' id='word_1_112' title='bbox 431 1494 604 1544; x_wconf 81' lang='lat' dir='ltr'><strong>praeter</strong></span> <span class='ocrx_word' id='word_1_113' title='bbox 636 1493 730 1543; x_wconf 84' lang='lat' dir='ltr'><strong><em>Ang</em></strong></span> <span class='ocrx_word' id='word_1_114' title='bbox 763 1504 812 1532; x_wconf 87' lang='lat' dir='ltr'><strong>w.</strong></span> <span class='ocrx_word' id='word_1_115' title='bbox 845 1491 966 1532; x_wconf 87' lang='lat' dir='ltr'><strong>Vind.</strong></span> <span class='ocrx_word' id='word_1_116' title='bbox 991 1493 1031 1535; x_wconf 87' lang='grc'><strong><em>7.</em></strong></span> <span class='ocrx_word' id='word_1_117' title='bbox 1066 1495 1110 1532; x_wconf 91' lang='lat' dir='ltr'><strong><em>et</em></strong></span> <span class='ocrx_word' id='word_1_118' title='bbox 1139 1503 1201 1544; x_wconf 87' lang='lat' dir='ltr'><strong><em>pr.</em></strong></span> <span class='ocrx_word' id='word_1_119' title='bbox 1234 1489 1330 1531; x_wconf 83' lang='lat' dir='ltr'><strong>Vat.</strong></span> <span class='ocrx_word' id='word_1_120' title='bbox 1355 1503 1390 1532; x_wconf 86' lang='lat' dir='ltr'><strong><em>r.</em></strong></span> <span class='ocrx_word' id='word_1_121' title='bbox 1424 1490 1630 1531; x_wconf 81' lang='lat' dir='ltr'><strong><em>omnibus.</em></strong></span> 
     </span>
     <span class='ocr_line' id='line_1_17' title="bbox 548 1545 2112 1604; baseline 0.001 -16"><span class='ocrx_word' id='word_1_122' title='bbox 548 1547 599 1589; x_wconf 89' lang='lat' dir='ltr'><strong>B.</strong></span> <span class='ocrx_word' id='word_1_123' title='bbox 659 1547 750 1587; x_wconf 82' lang='grc' dir='ltr'><strong><em>καὶ</em></strong></span> <span class='ocrx_word' id='word_1_124' title='bbox 779 1546 1054 1604; x_wconf 72' lang='grc' dir='ltr'><strong><em>ἀνδρείαν]</em></strong></span> <span class='ocrx_word' id='word_1_125' title='bbox 1085 1547 1133 1589; x_wconf 84' lang='lat' dir='ltr'><strong>V.</strong></span> <span class='ocrx_word' id='word_1_126' title='bbox 1166 1545 1358 1599; x_wconf 79' lang='grc' dir='ltr'><strong><em>ἀνδρίαν,</em></strong></span> <span class='ocrx_word' id='word_1_127' title='bbox 1393 1546 1508 1600; x_wconf 87' lang='lat' dir='ltr'><strong>quod</strong></span> <span class='ocrx_word' id='word_1_128' title='bbox 1541 1561 1565 1589; x_wconf 87' lang='lat' dir='ltr'><strong>e</strong></span> <span class='ocrx_word' id='word_1_129' title='bbox 1600 1547 1724 1592; x_wconf 78' lang='lat' dir='ltr'><strong>Bodi.</strong></span> <span class='ocrx_word' id='word_1_130' title='bbox 1759 1548 1853 1590; x_wconf 85' lang='lat' dir='ltr'><strong>Vat.</strong></span> <span class='ocrx_word' id='word_1_131' title='bbox 1877 1561 1911 1590; x_wconf 70' lang='lat' dir='ltr'><strong><em>r·</em></strong></span> <span class='ocrx_word' id='word_1_132' title='bbox 1937 1549 2038 1591; x_wconf 75' lang='lat' dir='ltr'><strong><em>Par.</em></strong></span> <span class='ocrx_word' id='word_1_133' title='bbox 2061 1548 2112 1590; x_wconf 85' lang='lat' dir='ltr'><strong>K.</strong></span> 
     </span>
    </p>
   </div>
   <div class='ocr_carea' id='block_1_4' title="bbox 430 1603 2111 1715">
    <p class='ocr_par' dir='ltr' id='par_1_5' title="bbox 430 1603 2111 1715">
     <span class='ocr_line' id='line_1_18' title="bbox 430 1603 1768 1648; baseline 0 -2"><span class='ocrx_word' id='word_1_134' title='bbox 430 1603 550 1646; x_wconf 85' lang='lat' dir='ltr'><strong>Fior.</strong></span> <span class='ocrx_word' id='word_1_135' title='bbox 569 1617 608 1646; x_wconf 85' lang='lat' dir='ltr'><strong><em>n.</em></strong></span> <span class='ocrx_word' id='word_1_136' title='bbox 647 1610 872 1648; x_wconf 86' lang='lat' dir='ltr'><strong>mutatum.</strong></span> <span class='ocrx_word' id='word_1_137' title='bbox 934 1607 1045 1648; x_wconf 84' lang='lat' dir='ltr'><strong>Post</strong></span> <span class='ocrx_word' id='word_1_138' title='bbox 1073 1604 1146 1645; x_wconf 82' lang='grc' dir='ltr'><strong><em>καὶ</em></strong></span> <span class='ocrx_word' id='word_1_139' title='bbox 1175 1605 1400 1646; x_wconf 81' lang='lat' dir='ltr'><strong>articulum</strong></span> <span class='ocrx_word' id='word_1_140' title='bbox 1433 1605 1563 1645; x_wconf 87' lang='lat' dir='ltr'><strong>iterat</strong></span> <span class='ocrx_word' id='word_1_141' title='bbox 1594 1606 1694 1647; x_wconf 84' lang='lat' dir='ltr'><strong>Par.</strong></span> <span class='ocrx_word' id='word_1_142' title='bbox 1714 1606 1768 1648; x_wconf 89' lang='lat' dir='ltr'><strong><em>K.</em></strong></span> 
     </span>
     <span class='ocr_line' id='line_1_19' title="bbox 547 1658 2111 1715; baseline 0.002 -14"><span class='ocrx_word' id='word_1_143' title='bbox 547 1662 597 1703; x_wconf 87' lang='lat' dir='ltr'><strong>C.</strong></span> <span class='ocrx_word' id='word_1_144' title='bbox 654 1661 748 1702; x_wconf 82' lang='grc' dir='ltr'><strong><em>τὸν</em></strong></span> <span class='ocrx_word' id='word_1_145' title='bbox 783 1663 831 1704; x_wconf 73' lang='grc' dir='ltr'><strong><em>δὲ</em></strong></span> <span class='ocrx_word' id='word_1_146' title='bbox 862 1658 1264 1715; x_wconf 73' lang='grc' dir='ltr'><strong><em>Ἀριστοφάνη]</em></strong></span> <span class='ocrx_word' id='word_1_147' title='bbox 1305 1661 1380 1703; x_wconf 82' lang='lat' dir='ltr'><strong>Sic</strong></span> <span class='ocrx_word' id='word_1_148' title='bbox 1412 1661 1532 1703; x_wconf 72' lang='lat' dir='ltr'><strong>Bodt.</strong></span> <span class='ocrx_word' id='word_1_149' title='bbox 1565 1662 1656 1704; x_wconf 83' lang='lat' dir='ltr'><strong>vat.</strong></span> <span class='ocrx_word' id='word_1_150' title='bbox 1682 1662 1731 1707; x_wconf 85' lang='lat' dir='ltr'><strong>A.</strong></span> <span class='ocrx_word' id='word_1_151' title='bbox 1769 1663 1904 1706; x_wconf 72' lang='lat' dir='ltr'><strong>CoisL</strong></span> <span class='ocrx_word' id='word_1_152' title='bbox 1942 1663 2045 1707; x_wconf 83' lang='lat' dir='ltr'><strong><em>Ven.</em></strong></span> <span class='ocrx_word' id='word_1_153' title='bbox 2063 1663 2111 1705; x_wconf 88' lang='grc' dir='ltr'><strong><em>Ξ.</em></strong></span> 
     </span>
    </p>
   </div>
   <div class='ocr_carea' id='block_1_5' title="bbox 429 1718 2112 1830">
    <p class='ocr_par' dir='ltr' id='par_1_6' title="bbox 429 1718 2112 1830">
     <span class='ocr_line' id='line_1_20' title="bbox 430 1718 2112 1776; baseline 0.001 -15"><span class='ocrx_word' id='word_1_154' title='bbox 430 1719 530 1762; x_wconf 90' lang='lat' dir='ltr'><strong>Par.</strong></span> <span class='ocrx_word' id='word_1_155' title='bbox 550 1719 604 1760; x_wconf 89' lang='lat' dir='ltr'><strong>K.</strong></span> <span class='ocrx_word' id='word_1_156' title='bbox 632 1720 740 1772; x_wconf 79' lang='lat' dir='ltr'><strong><em>Ang.</em></strong></span> <span class='ocrx_word' id='word_1_157' title='bbox 761 1732 801 1760; x_wconf 89' lang='lat' dir='ltr'><strong><em>u.</em></strong></span> <span class='ocrx_word' id='word_1_158' title='bbox 826 1733 876 1761; x_wconf 90' lang='lat' dir='ltr'><strong>w.</strong></span> <span class='ocrx_word' id='word_1_159' title='bbox 908 1721 1006 1763; x_wconf 85' lang='lat' dir='ltr'><strong>Vat.</strong></span> <span class='ocrx_word' id='word_1_160' title='bbox 1023 1733 1115 1774; x_wconf 87' lang='lat' dir='ltr'><strong>n.p.</strong></span> <span class='ocrx_word' id='word_1_161' title='bbox 1138 1718 1292 1762; x_wconf 87' lang='lat' dir='ltr'><strong>Flor.i.</strong></span> <span class='ocrx_word' id='word_1_162' title='bbox 1325 1720 1437 1770; x_wconf 12' lang='lat' dir='ltr'><strong>Vetvt.</strong></span> <span class='ocrx_word' id='word_1_163' title='bbox 1470 1720 1589 1763; x_wconf 82' lang='lat' dir='ltr'><strong>editt.</strong></span> <span class='ocrx_word' id='word_1_164' title='bbox 1645 1719 1988 1776; x_wconf 74' lang='grc' dir='ltr'><strong><em>Ἀριστοφάνην,</em></strong></span> <span class='ocrx_word' id='word_1_165' title='bbox 2029 1735 2112 1775; x_wconf 88' lang='lat' dir='ltr'><strong>qua</strong></span> 
     </span>
     <span class='ocr_line' id='line_1_21' title="bbox 429 1776 1566 1830; baseline -0.003 -11"><span class='ocrx_word' id='word_1_166' title='bbox 429 1776 571 1819; x_wconf 87' lang='lat' dir='ltr'><strong>forma</strong></span> <span class='ocrx_word' id='word_1_167' title='bbox 602 1776 831 1820; x_wconf 82' lang='lat' dir='ltr'><strong>Platonem</strong></span> <span class='ocrx_word' id='word_1_168' title='bbox 861 1777 1121 1821; x_wconf 82' lang='lat' dir='ltr'><strong>abstinuisse</strong></span> <span class='ocrx_word' id='word_1_169' title='bbox 1151 1789 1282 1830; x_wconf 86' lang='lat' dir='ltr'><strong>supra</strong></span> <span class='ocrx_word' id='word_1_170' title='bbox 1311 1777 1566 1819; x_wconf 85' lang='lat' dir='ltr'><strong>monuimus.</strong></span> 
     </span>
    </p>
   </div>
   <div class='ocr_carea' id='block_1_6' title="bbox 424 1917 1228 2206">
    <p class='ocr_par' dir='ltr' id='par_1_7' title="bbox 424 1917 1228 2206">
     <span class='ocr_line' id='line_1_22' title="bbox 428 1917 1228 1963; baseline -0.004 0"><span class='ocrx_word' id='word_1_171' title='bbox 428 1918 542 1963; x_wconf 85' lang='lat' dir='ltr'><strong>cheri</strong></span> <span class='ocrx_word' id='word_1_172' title='bbox 593 1919 844 1963; x_wconf 85' lang='lat' dir='ltr'><strong>coniectura</strong></span> <span class='ocrx_word' id='word_1_173' title='bbox 898 1917 1016 1961; x_wconf 88' lang='lat' dir='ltr'><strong>dedit</strong></span> <span class='ocrx_word' id='word_1_174' title='bbox 1062 1917 1228 1960; x_wconf 72' lang='grc' dir='ltr'><strong><em>κάκεῖνο</em></strong></span> 
     </span>
     <span class='ocr_line' id='line_1_23' title="bbox 428 1975 1226 2034; baseline -0.003 -15"><span class='ocrx_word' id='word_1_175' title='bbox 428 1977 481 2032; x_wconf 77' lang='grc' dir='ltr'><strong><em>δὴ</em></strong></span> <span class='ocrx_word' id='word_1_176' title='bbox 514 1980 757 2034; x_wconf 74' lang='grc' dir='ltr'><strong><em>θεωμένου.</em></strong></span> <span class='ocrx_word' id='word_1_177' title='bbox 814 1977 880 2019; x_wconf 91' lang='lat' dir='ltr'><strong>De</strong></span> <span class='ocrx_word' id='word_1_178' title='bbox 920 1977 1062 2018; x_wconf 85' lang='lat' dir='ltr'><strong>verbis</strong></span> <span class='ocrx_word' id='word_1_179' title='bbox 1102 1975 1226 2033; x_wconf 77' lang='grc' dir='ltr'><strong><em>ὁρᾶν,</em></strong></span> 
     </span>
     <span class='ocr_line' id='line_1_24' title="bbox 427 2033 1227 2089; baseline -0.001 -13"><span class='ocrx_word' id='word_1_180' title='bbox 427 2039 662 2088; x_wconf 73' lang='grc' dir='ltr'><strong><em>θεᾶσθαι,</em></strong></span> <span class='ocrx_word' id='word_1_181' title='bbox 705 2035 897 2089; x_wconf 75' lang='grc' dir='ltr'><strong><em>βλέπειν,</em></strong></span> <span class='ocrx_word' id='word_1_182' title='bbox 931 2033 1064 2087; x_wconf 81' lang='grc' dir='ltr'><strong><em>ὄψις,</em></strong></span> <span class='ocrx_word' id='word_1_183' title='bbox 1102 2034 1227 2089; x_wconf 75' lang='grc' dir='ltr'><strong><em>ὄμμα</em></strong></span> 
     </span>
     <span class='ocr_line' id='line_1_25' title="bbox 426 2091 1226 2136; baseline 0 -1"><span class='ocrx_word' id='word_1_184' title='bbox 426 2093 483 2135; x_wconf 90' lang='lat' dir='ltr'><strong>ad</strong></span> <span class='ocrx_word' id='word_1_185' title='bbox 533 2093 719 2136; x_wconf 81' lang='lat' dir='ltr'><strong>animum</strong></span> <span class='ocrx_word' id='word_1_186' title='bbox 771 2091 990 2134; x_wconf 76' lang='lat' dir='ltr'><strong>translatis</strong></span> <span class='ocrx_word' id='word_1_187' title='bbox 1035 2106 1072 2135; x_wconf 88' lang='lat' dir='ltr'><strong>v.</strong></span> <span class='ocrx_word' id='word_1_188' title='bbox 1116 2098 1226 2135; x_wconf 85' lang='lat' dir='ltr'><strong>Ast.</strong></span> 
     </span>
     <span class='ocr_line' id='line_1_26' title="bbox 424 2149 1222 2206; baseline -0.003 -14"><span class='ocrx_word' id='word_1_189' title='bbox 424 2150 478 2192; x_wconf 91' lang='lat' dir='ltr'><strong>ad</strong></span> <span class='ocrx_word' id='word_1_190' title='bbox 510 2150 641 2193; x_wconf 86' lang='lat' dir='ltr'><strong>Polit.</strong></span> <span class='ocrx_word' id='word_1_191' title='bbox 670 2165 712 2206; x_wconf 89' lang='lat' dir='ltr'><strong><em>p.</em></strong></span> <span class='ocrx_word' id='word_1_192' title='bbox 741 2149 840 2194; x_wconf 89' lang='grc'>573.</span> <span class='ocrx_word' id='word_1_193' title='bbox 885 2154 929 2191; x_wconf 90' lang='lat' dir='ltr'><strong><em>et</em></strong></span> <span class='ocrx_word' id='word_1_194' title='bbox 964 2149 1222 2192; x_wconf 87' lang='lat' dir='ltr'><strong>Creuzer.</strong></span> 
     </span>
    </p>
   </div>
   <div class='ocr_carea' id='block_1_7' title="bbox 424 2206 1228 2263">
    <p class='ocr_par' dir='ltr' id='par_1_8' title="bbox 424 2206 1228 2263">
     <span class='ocr_line' id='line_1_27' title="bbox 424 2206 1228 2263; baseline -0.001 -12"><span class='ocrx_word' id='word_1_195' title='bbox 424 2208 480 2251; x_wconf 90' lang='lat' dir='ltr'><strong>ad</strong></span> <span class='ocrx_word' id='word_1_196' title='bbox 520 2208 679 2258; x_wconf 85' lang='lat' dir='ltr'><strong>Plotin.</strong></span> <span class='ocrx_word' id='word_1_197' title='bbox 735 2206 792 2250; x_wconf 90' lang='lat' dir='ltr'><strong>de</strong></span> <span class='ocrx_word' id='word_1_198' title='bbox 823 2206 1002 2250; x_wconf 84' lang='lat' dir='ltr'><strong>Pulcrit.</strong></span> <span class='ocrx_word' id='word_1_199' title='bbox 1045 2221 1086 2263; x_wconf 83' lang='lat' dir='ltr'><strong>p.</strong></span> <span class='ocrx_word' id='word_1_200' title='bbox 1128 2206 1228 2252; x_wconf 81' lang='lat'><strong>361.</strong></span> 
     </span>
    </p>
   </div>
   <div class='ocr_carea' id='block_1_8' title="bbox 406 2265 1226 3406">
    <p class='ocr_par' dir='ltr' id='par_1_9' title="bbox 425 2265 730 2312">
     <span class='ocr_line' id='line_1_28' title="bbox 425 2265 730 2312; baseline 0.02 -5"><span class='ocrx_word' id='word_1_201' title='bbox 425 2267 521 2308; x_wconf 82' lang='lat' dir='ltr'><strong><em>con.</em></strong></span> <span class='ocrx_word' id='word_1_202' title='bbox 550 2266 650 2312; x_wconf 87' lang='lat'><strong>210.</strong></span> <span class='ocrx_word' id='word_1_203' title='bbox 727 2265 730 2272; x_wconf 53' lang='lat'><em>¹</em></span> 
     </span>
    </p>

    <p class='ocr_par' dir='ltr' id='par_1_10' title="bbox 424 2319 1226 2436">
     <span class='ocr_line' id='line_1_29' title="bbox 483 2319 1226 2380; baseline 0 -15"><span class='ocrx_word' id='word_1_204' title='bbox 483 2323 535 2367; x_wconf 91' lang='lat' dir='ltr'><strong>B.</strong></span> <span class='ocrx_word' id='word_1_205' title='bbox 597 2327 739 2377; x_wconf 84' lang='grc' dir='ltr'><strong><em>τιμῶ</em></strong></span> <span class='ocrx_word' id='word_1_206' title='bbox 778 2319 839 2364; x_wconf 78' lang='grc' dir='ltr'><strong><em>τὰ</em></strong></span> <span class='ocrx_word' id='word_1_207' title='bbox 871 2319 1131 2380; x_wconf 71' lang='grc' dir='ltr'><strong><em>ἐρωτικά]</em></strong></span> <span class='ocrx_word' id='word_1_208' title='bbox 1175 2322 1226 2365; x_wconf 92' lang='lat' dir='ltr'><strong><em>V.</em></strong></span> 
     </span>
     <span class='ocr_line' id='line_1_30' title="bbox 424 2381 763 2436; baseline -0.006 -14"><span class='ocrx_word' id='word_1_209' title='bbox 424 2381 495 2423; x_wconf 80' lang='lat' dir='ltr'><strong><em>ad.</em></strong></span> <span class='ocrx_word' id='word_1_210' title='bbox 522 2395 562 2436; x_wconf 91' lang='lat' dir='ltr'><strong><em>p.</em></strong></span> <span class='ocrx_word' id='word_1_211' title='bbox 582 2381 677 2425; x_wconf 85' lang='lat'><strong>177.</strong></span> <span class='ocrx_word' id='word_1_212' title='bbox 712 2381 763 2422; x_wconf 83' lang='lat'><strong><em>1).</em></strong></span> 
     </span>
    </p>

    <p class='ocr_par' dir='ltr' id='par_1_11' title="bbox 406 2434 1221 3406">
     <span class='ocr_line' id='line_1_31' title="bbox 482 2434 1221 2495; baseline -0.003 -15"><span class='ocrx_word' id='word_1_213' title='bbox 482 2439 530 2480; x_wconf 91' lang='lat' dir='ltr'><strong>C.</strong></span> <span class='ocrx_word' id='word_1_214' title='bbox 591 2436 621 2480; x_wconf 75' lang='grc' dir='ltr'><strong><em>δ’</em></strong></span> <span class='ocrx_word' id='word_1_215' title='bbox 669 2454 722 2479; x_wconf 88' lang='grc' dir='ltr'><strong><em>τι</em></strong></span> <span class='ocrx_word' id='word_1_216' title='bbox 770 2436 859 2478; x_wconf 77' lang='grc' dir='ltr'><strong><em>καὶ</em></strong></span> <span class='ocrx_word' id='word_1_217' title='bbox 901 2434 1001 2495; x_wconf 72' lang='grc' dir='ltr'><strong><em>ὅπῃ</em></strong></span> <span class='ocrx_word' id='word_1_218' title='bbox 1039 2453 1083 2490; x_wconf 85' lang='grc' dir='ltr'><strong><em>χ.</em></strong></span> <span class='ocrx_word' id='word_1_219' title='bbox 1124 2435 1221 2490; x_wconf 60' lang='grc' dir='ltr'><strong><em>ὄπα,</em></strong></span> 
     </span>
     <span class='ocr_line' id='line_1_32' title="bbox 423 2494 1221 2549; baseline 0 -12"><span class='ocrx_word' id='word_1_220' title='bbox 423 2500 596 2539; x_wconf 80' lang='grc' dir='ltr'><strong><em>τοῦτο</em></strong></span> <span class='ocrx_word' id='word_1_221' title='bbox 658 2494 931 2549; x_wconf 67' lang='grc' dir='ltr'><strong><em>ὀνόμαζε]</em></strong></span> <span class='ocrx_word' id='word_1_222' title='bbox 996 2495 1221 2549; x_wconf 81' lang='lat' dir='ltr'><strong>Frequens</strong></span> 
     </span>
     <span class='ocr_line' id='line_1_33' title="bbox 423 2551 1219 2609; baseline -0.004 -13"><span class='ocrx_word' id='word_1_223' title='bbox 423 2554 725 2608; x_wconf 32' lang='lat' dir='ltr'><strong>est-loquutio</strong></span> <span class='ocrx_word' id='word_1_224' title='bbox 765 2551 994 2609; x_wconf 76' lang='grc' dir='ltr'><strong><em>ὀνομάζειν</em></strong></span> <span class='ocrx_word' id='word_1_225' title='bbox 1030 2551 1128 2594; x_wconf 76' lang='grc' dir='ltr'><strong><em>τινά</em></strong></span> <span class='ocrx_word' id='word_1_226' title='bbox 1159 2570 1219 2605; x_wconf 85' lang='grc' dir='ltr'><strong><em>τι,</em></strong></span> 
     </span>
     <span class='ocr_line' id='line_1_34' title="bbox 422 2608 1217 2713; baseline 0 -62"><span class='ocrx_word' id='word_1_227' title='bbox 422 2608 646 2710; x_wconf 52' lang='grc' dir='ltr'><strong><em>ὄνομὲίζεέν</em></strong></span> <span class='ocrx_word' id='word_1_228' title='bbox 683 2613 837 2710; x_wconf 60' lang='lat' dir='ltr'><strong><em>tvotivo,</em></strong></span> <span class='ocrx_word' id='word_1_229' title='bbox 878 2609 1023 2713; x_wconf 53' lang='grc' dir='ltr'><strong><em>κοὲλὲεέν</em></strong></span> <span class='ocrx_word' id='word_1_230' title='bbox 1058 2614 1217 2709; x_wconf 46' lang='lat' dir='ltr'><strong><em>florido,</em></strong></span> 
     </span>
     <span class='ocr_line' id='line_1_35' title="bbox 420 2679 1218 2713; baseline 0.003 -5"><span class='ocrx_word' id='word_1_231' title='bbox 420 2679 463 2713; x_wconf 81' lang='lat' dir='ltr'><strong>v.</strong></span> <span class='ocrx_word' id='word_1_232' title='bbox 502 2681 525 2709; x_wconf 89' lang='lat' dir='ltr'><strong>a</strong></span> <span class='ocrx_word' id='word_1_233' title='bbox 633 2682 680 2711; x_wconf 90' lang='lat' dir='ltr'><strong><em>ro</em></strong></span> <span class='ocrx_word' id='word_1_234' title='bbox 702 2683 726 2710; x_wconf 93' lang='lat' dir='ltr'><strong>a</strong></span> <span class='ocrx_word' id='word_1_235' title='bbox 758 2681 820 2710; x_wconf 88' lang='lat' dir='ltr'><strong><em>or.</em></strong></span> <span class='ocrx_word' id='word_1_236' title='bbox 883 2699 894 2710; x_wconf 96' lang='lat'><strong>.</strong></span> <span class='ocrx_word' id='word_1_237' title='bbox 1006 2697 1016 2708; x_wconf 91' lang='lat'><strong>.</strong></span> <span class='ocrx_word' id='word_1_238' title='bbox 1115 2681 1218 2710; x_wconf 86' lang='lat' dir='ltr'><strong>em-</strong></span> 
     </span>
     <span class='ocr_line' id='line_1_36' title="bbox 420 2682 1214 2778; baseline -0.003 -13"><span class='ocrx_word' id='word_1_239' title='bbox 420 2723 656 2766; x_wconf 81' lang='lat' dir='ltr'><strong>sterhus.</strong></span> <span class='ocrx_word' id='word_1_240' title='bbox 687 2683 756 2766; x_wconf 49' lang='lat' dir='ltr'><strong><em>ac?</em></strong></span> <span class='ocrx_word' id='word_1_241' title='bbox 775 2682 990 2778; x_wconf 53' lang='lat' dir='ltr'><strong>Arifftoph.</strong></span> <span class='ocrx_word' id='word_1_242' title='bbox 1024 2724 1141 2767; x_wconf 80' lang='lat' dir='ltr'><strong>Plut.</strong></span> <span class='ocrx_word' id='word_1_243' title='bbox 1174 2738 1214 2765; x_wconf 86' lang='lat' dir='ltr'><strong>v.</strong></span> 
     </span>
     <span class='ocr_line' id='line_1_37' title="bbox 417 2779 1220 2825; baseline -0.001 -2"><span class='ocrx_word' id='word_1_244' title='bbox 417 2779 518 2825; x_wconf 87' lang='lat'><strong>502.</strong></span> <span class='ocrx_word' id='word_1_245' title='bbox 549 2781 648 2825; x_wconf 80' lang='lat'><strong>566.</strong></span> <span class='ocrx_word' id='word_1_246' title='bbox 690 2781 942 2823; x_wconf 84' lang='lat' dir='ltr'><strong>Valcken.</strong></span> <span class='ocrx_word' id='word_1_247' title='bbox 986 2780 1043 2821; x_wconf 86' lang='lat' dir='ltr'><strong>ad</strong></span> <span class='ocrx_word' id='word_1_248' title='bbox 1076 2779 1220 2822; x_wconf 85' lang='lat' dir='ltr'><strong>Phoe-</strong></span> 
     </span>
     <span class='ocr_line' id='line_1_38' title="bbox 417 2835 1217 2890; baseline -0.004 -11"><span class='ocrx_word' id='word_1_249' title='bbox 417 2838 521 2879; x_wconf 74' lang='lat' dir='ltr'><strong>nisa.</strong></span> <span class='ocrx_word' id='word_1_250' title='bbox 539 2850 578 2877; x_wconf 86' lang='lat' dir='ltr'><strong>v.</strong></span> <span class='ocrx_word' id='word_1_251' title='bbox 609 2837 673 2881; x_wconf 89' lang='lat'><strong><em>12.</em></strong></span> <span class='ocrx_word' id='word_1_252' title='bbox 702 2835 936 2879; x_wconf 80' lang='lat' dir='ltr'><strong>Schaefe</strong></span> <span class='ocrx_word' id='word_1_253' title='bbox 950 2849 982 2877; x_wconf 87' lang='lat' dir='ltr'><strong><em>r.</em></strong></span> <span class='ocrx_word' id='word_1_254' title='bbox 1004 2836 1058 2878; x_wconf 87' lang='lat' dir='ltr'><strong>ad</strong></span> <span class='ocrx_word' id='word_1_255' title='bbox 1076 2835 1217 2890; x_wconf 75' lang='lat' dir='ltr'><strong>Long-</strong></span> 
     </span>
     <span class='ocr_line' id='line_1_39' title="bbox 415 2892 1217 2948; baseline -0.002 -10"><span class='ocrx_word' id='word_1_256' title='bbox 415 2907 457 2948; x_wconf 83' lang='lat' dir='ltr'><strong>p.</strong></span> <span class='ocrx_word' id='word_1_257' title='bbox 492 2892 588 2940; x_wconf 88' lang='lat'><strong>369.</strong></span> <span class='ocrx_word' id='word_1_258' title='bbox 650 2893 773 2936; x_wconf 83' lang='lat' dir='ltr'><strong>Conf.</strong></span> <span class='ocrx_word' id='word_1_259' title='bbox 815 2894 922 2936; x_wconf 78' lang='lat' dir='ltr'><strong>infra</strong></span> <span class='ocrx_word' id='word_1_260' title='bbox 963 2907 1004 2947; x_wconf 90' lang='lat' dir='ltr'><strong>p.</strong></span> <span class='ocrx_word' id='word_1_261' title='bbox 1034 2892 1133 2938; x_wconf 83' lang='lat'><strong>218.</strong></span> <span class='ocrx_word' id='word_1_262' title='bbox 1165 2897 1217 2936; x_wconf 86' lang='lat' dir='ltr'><strong>A.</strong></span> 
     </span>
     <span class='ocr_line' id='line_1_40' title="bbox 414 2949 1213 3006; baseline -0.001 -13"><span class='ocrx_word' id='word_1_263' title='bbox 414 2951 644 2995; x_wconf 85' lang='lat' dir='ltr'><strong>Menexen.</strong></span> <span class='ocrx_word' id='word_1_264' title='bbox 677 2965 720 3006; x_wconf 87' lang='lat' dir='ltr'><strong>p.</strong></span> <span class='ocrx_word' id='word_1_265' title='bbox 752 2949 846 2994; x_wconf 88' lang='grc'><strong>138.</strong></span> <span class='ocrx_word' id='word_1_266' title='bbox 878 2951 935 2992; x_wconf 83' lang='lat' dir='ltr'><strong><em>C:</em></strong></span> <span class='ocrx_word' id='word_1_267' title='bbox 967 2951 1089 2992; x_wconf 69' lang='grc' dir='ltr'><strong><em>καλεῖ</em></strong></span> <span class='ocrx_word' id='word_1_268' title='bbox 1115 2951 1158 2992; x_wconf 78' lang='grc' dir='ltr'><strong><em>δὲ</em></strong></span> <span class='ocrx_word' id='word_1_269' title='bbox 1189 2949 1213 2992; x_wconf 81' lang='grc' dir='ltr'><em>ὁ</em></span> 
     </span>
     <span class='ocr_line' id='line_1_41' title="bbox 413 3005 1215 3065; baseline 0.001 -15"><span class='ocrx_word' id='word_1_270' title='bbox 413 3011 492 3064; x_wconf 71' lang='grc' dir='ltr'><strong><em>μὲν</em></strong></span> <span class='ocrx_word' id='word_1_271' title='bbox 539 3006 679 3061; x_wconf 71' lang='grc' dir='ltr'><strong><em>αὐτὴν</em></strong></span> <span class='ocrx_word' id='word_1_272' title='bbox 729 3008 1041 3065; x_wconf 76' lang='grc' dir='ltr'><strong><em>δημοκρατίαν,</em></strong></span> <span class='ocrx_word' id='word_1_273' title='bbox 1090 3005 1113 3048; x_wconf 87' lang='lat' dir='ltr'><strong><em>o‘</em></strong></span> <span class='ocrx_word' id='word_1_274' title='bbox 1170 3009 1215 3051; x_wconf 74' lang='grc' dir='ltr'><strong><em>δὲ</em></strong></span> 
     </span>
     <span class='ocr_line' id='line_1_42' title="bbox 411 3063 1215 3121; baseline 0.002 -14"><span class='ocrx_word' id='word_1_275' title='bbox 411 3065 542 3119; x_wconf 74' lang='grc' dir='ltr'><strong><em>ἄλλο,</em></strong></span> <span class='ocrx_word' id='word_1_276' title='bbox 573 3063 598 3106; x_wconf 75' lang='grc'><strong>3</strong></span> <span class='ocrx_word' id='word_1_277' title='bbox 628 3064 680 3107; x_wconf 73' lang='grc' dir='ltr'><strong><em>ἂν</em></strong></span> <span class='ocrx_word' id='word_1_278' title='bbox 706 3067 852 3121; x_wconf 79' lang='grc' dir='ltr'><strong><em>χαίρῃ.</em></strong></span> <span class='ocrx_word' id='word_1_279' title='bbox 924 3066 989 3108; x_wconf 88' lang='lat' dir='ltr'><strong>De</strong></span> <span class='ocrx_word' id='word_1_280' title='bbox 1027 3066 1215 3120; x_wconf 73' lang='lat' dir='ltr'><strong>Republ-</strong></span> 
     </span>
     <span class='ocr_line' id='line_1_43' title="bbox 414 3122 1216 3179; baseline 0.001 -14"><span class='ocrx_word' id='word_1_281' title='bbox 414 3124 463 3168; x_wconf 90' lang='lat' dir='ltr'><strong>V.</strong></span> <span class='ocrx_word' id='word_1_282' title='bbox 490 3138 532 3179; x_wconf 88' lang='lat' dir='ltr'><strong>p.</strong></span> <span class='ocrx_word' id='word_1_283' title='bbox 549 3122 711 3169; x_wconf 78' lang='lat' dir='ltr'><strong>463.A.</strong></span> <span class='ocrx_word' id='word_1_284' title='bbox 773 3123 863 3165; x_wconf 85' lang='lat' dir='ltr'><strong><em>Pro</em></strong></span> <span class='ocrx_word' id='word_1_285' title='bbox 889 3124 930 3164; x_wconf 68' lang='lat' dir='ltr'><strong><em>vtl</em></strong></span> <span class='ocrx_word' id='word_1_286' title='bbox 961 3124 1009 3164; x_wconf 81' lang='grc' dir='ltr'><strong><em>δέ</em></strong></span> <span class='ocrx_word' id='word_1_287' title='bbox 1035 3136 1090 3164; x_wconf 90' lang='lat' dir='ltr'><strong>ne</strong></span> <span class='ocrx_word' id='word_1_288' title='bbox 1119 3124 1216 3177; x_wconf 82' lang='lat' dir='ltr'><strong>quis</strong></span> 
     </span>
     <span class='ocr_line' id='line_1_44' title="bbox 411 3178 1214 3235; baseline -0.001 -11"><span class='ocrx_word' id='word_1_289' title='bbox 411 3182 533 3224; x_wconf 85' lang='lat' dir='ltr'><strong>maiit</strong></span> <span class='ocrx_word' id='word_1_290' title='bbox 563 3181 599 3222; x_wconf 78' lang='grc' dir='ltr'><strong><em>εἰ</em></strong></span> <span class='ocrx_word' id='word_1_291' title='bbox 628 3179 669 3223; x_wconf 75' lang='grc' dir='ltr'><strong><em>δὲ</em></strong></span> <span class='ocrx_word' id='word_1_292' title='bbox 698 3178 778 3234; x_wconf 70' lang='grc' dir='ltr'><strong><em>μή,</em></strong></span> <span class='ocrx_word' id='word_1_293' title='bbox 808 3186 981 3235; x_wconf 84' lang='lat' dir='ltr'><strong>repetas</strong></span> <span class='ocrx_word' id='word_1_294' title='bbox 1006 3194 1060 3223; x_wconf 87' lang='lat' dir='ltr'><strong>ex</strong></span> <span class='ocrx_word' id='word_1_295' title='bbox 1082 3193 1214 3235; x_wconf 85' lang='lat' dir='ltr'><strong>supe-</strong></span> 
     </span>
     <span class='ocr_line' id='line_1_45' title="bbox 408 3237 1210 3293; baseline 0.001 -11"><span class='ocrx_word' id='word_1_296' title='bbox 408 3239 594 3282; x_wconf 85' lang='lat' dir='ltr'><strong>rioribus</strong></span> <span class='ocrx_word' id='word_1_297' title='bbox 610 3237 772 3293; x_wconf 78' lang='grc' dir='ltr'><strong><em>βούλει.</em></strong></span> <span class='ocrx_word' id='word_1_298' title='bbox 787 3238 992 3280; x_wconf 79' lang='lat' dir='ltr'><strong>Alcibiad.</strong></span> <span class='ocrx_word' id='word_1_299' title='bbox 1009 3240 1044 3281; x_wconf 89' lang='grc' dir='ltr'><strong><em>Ι.</em></strong></span> <span class='ocrx_word' id='word_1_300' title='bbox 1058 3252 1097 3292; x_wconf 91' lang='lat' dir='ltr'><strong>p.</strong></span> <span class='ocrx_word' id='word_1_301' title='bbox 1116 3239 1210 3283; x_wconf 85' lang='grc'><strong>114.</strong></span> 
     </span>
     <span class='ocr_line' id='line_1_46' title="bbox 409 3294 1208 3350; baseline -0.001 -13"><span class='ocrx_word' id='word_1_302' title='bbox 409 3296 471 3338; x_wconf 81' lang='lat' dir='ltr'><strong><em>B:</em></strong></span> <span class='ocrx_word' id='word_1_303' title='bbox 526 3300 562 3338; x_wconf 78' lang='grc' dir='ltr'><strong><em>εἰ</em></strong></span> <span class='ocrx_word' id='word_1_304' title='bbox 603 3298 678 3344; x_wconf 72' lang='grc' dir='ltr'><strong><em>μὲν</em></strong></span> <span class='ocrx_word' id='word_1_305' title='bbox 714 3294 886 3349; x_wconf 77' lang='grc' dir='ltr'><strong><em>βούλει,</em></strong></span> <span class='ocrx_word' id='word_1_306' title='bbox 928 3297 1096 3350; x_wconf 75' lang='grc' dir='ltr'><strong><em>ἐρωτῶν</em></strong></span> <span class='ocrx_word' id='word_1_307' title='bbox 1130 3310 1208 3350; x_wconf 75' lang='grc' dir='ltr'><strong><em>με’</em></strong></span> 
     </span>
     <span class='ocr_line' id='line_1_47' title="bbox 406 3351 1209 3406; baseline 0 -12"><span class='ocrx_word' id='word_1_308' title='bbox 406 3354 441 3394; x_wconf 72' lang='grc' dir='ltr'><strong><em>εἴ</em></strong></span> <span class='ocrx_word' id='word_1_309' title='bbox 473 3353 536 3406; x_wconf 68' lang='grc' dir='ltr'><strong><em>δέ,</em></strong></span> <span class='ocrx_word' id='word_1_310' title='bbox 569 3353 642 3394; x_wconf 78' lang='grc' dir='ltr'><strong><em>καὶ</em></strong></span> <span class='ocrx_word' id='word_1_311' title='bbox 671 3352 808 3400; x_wconf 76' lang='grc' dir='ltr'><strong><em>αὐτὸς</em></strong></span> <span class='ocrx_word' id='word_1_312' title='bbox 840 3352 908 3394; x_wconf 72' lang='grc' dir='ltr'><strong><em>ἐπὶ</em></strong></span> <span class='ocrx_word' id='word_1_313' title='bbox 937 3356 1102 3395; x_wconf 79' lang='grc' dir='ltr'><strong><em>σαυτοῦ</em></strong></span> <span class='ocrx_word' id='word_1_314' title='bbox 1133 3351 1209 3394; x_wconf 74' lang='grc' dir='ltr'><strong><em>λό-</em></strong></span> 
     </span>
    </p>
   </div>
   <div class='ocr_carea' id='block_1_9' title="bbox 405 3409 1205 3466">
    <p class='ocr_par' dir='ltr' id='par_1_12' title="bbox 405 3409 1205 3466">
     <span class='ocr_line' id='line_1_48' title="bbox 405 3409 1205 3466; baseline 0.001 -15"><span class='ocrx_word' id='word_1_315' title='bbox 405 3425 481 3465; x_wconf 73' lang='grc' dir='ltr'><strong><em>γον</em></strong></span> <span class='ocrx_word' id='word_1_316' title='bbox 511 3411 717 3458; x_wconf 55' lang='lat' dir='ltr'><strong>defectae.</strong></span> <span class='ocrx_word' id='word_1_317' title='bbox 753 3411 817 3454; x_wconf 84' lang='lat' dir='ltr'><strong>De</strong></span> <span class='ocrx_word' id='word_1_318' title='bbox 835 3409 948 3466; x_wconf 83' lang='lat' dir='ltr'><strong>Rep.</strong></span> <span class='ocrx_word' id='word_1_319' title='bbox 973 3409 1205 3465; x_wconf 80' lang='lat' dir='ltr'><strong>lv.p.432.</strong></span> 
     </span>
    </p>
   </div>
   <div class='ocr_carea' id='block_1_10' title="bbox 1305 1918 2108 2206">
    <p class='ocr_par' dir='ltr' id='par_1_13' title="bbox 1311 1918 2108 2032">
     <span class='ocr_line' id='line_1_49' title="bbox 1313 1918 2108 1974; baseline 0.004 -13"><span class='ocrx_word' id='word_1_320' title='bbox 1313 1920 1364 1962; x_wconf 85' lang='lat' dir='ltr'><strong>A.</strong></span> <span class='ocrx_word' id='word_1_321' title='bbox 1385 1918 1572 1973; x_wconf 85' lang='lat' dir='ltr'><strong>Euthyd.</strong></span> <span class='ocrx_word' id='word_1_322' title='bbox 1593 1933 1632 1974; x_wconf 86' lang='lat' dir='ltr'><strong>p.</strong></span> <span class='ocrx_word' id='word_1_323' title='bbox 1652 1918 1751 1967; x_wconf 86' lang='lat'><strong>285.</strong></span> <span class='ocrx_word' id='word_1_324' title='bbox 1771 1919 1820 1963; x_wconf 90' lang='lat' dir='ltr'><strong>C.</strong></span> <span class='ocrx_word' id='word_1_325' title='bbox 1839 1919 2108 1964; x_wconf 83' lang='lat' dir='ltr'><strong>Matthiae</strong></span> 
     </span>
     <span class='ocr_line' id='line_1_50' title="bbox 1311 1976 1607 2032; baseline -0.01 -13"><span class='ocrx_word' id='word_1_326' title='bbox 1311 1978 1389 2020; x_wconf 89' lang='lat' dir='ltr'><strong><em>Gr.</em></strong></span> <span class='ocrx_word' id='word_1_327' title='bbox 1418 1991 1456 2032; x_wconf 89' lang='lat' dir='ltr'><strong>p.</strong></span> <span class='ocrx_word' id='word_1_328' title='bbox 1482 1976 1607 2022; x_wconf 81' lang='lat'><strong>1248.</strong></span> 
     </span>
    </p>

    <p class='ocr_par' dir='ltr' id='par_1_14' title="bbox 1305 2033 2107 2206">
     <span class='ocr_line' id='line_1_51' title="bbox 1368 2033 2107 2089; baseline -0.001 -13"><span class='ocrx_word' id='word_1_329' title='bbox 1368 2033 1500 2081; x_wconf 75' lang='grc' dir='ltr'><strong><em>τούς</em></strong></span> <span class='ocrx_word' id='word_1_330' title='bbox 1526 2035 1882 2089; x_wconf 76' lang='grc' dir='ltr'><strong><em>μέν-λέγειν</em></strong></span> <span class='ocrx_word' id='word_1_331' title='bbox 1913 2048 1966 2075; x_wconf 84' lang='grc' dir='ltr'><strong><em>τι</em></strong></span> <span class='ocrx_word' id='word_1_332' title='bbox 1998 2034 2107 2075; x_wconf 78' lang='grc' dir='ltr'><strong><em>ἔπι-</em></strong></span> 
     </span>
     <span class='ocr_line' id='line_1_52' title="bbox 1305 2089 2107 2148; baseline -0.001 -15"><span class='ocrx_word' id='word_1_333' title='bbox 1305 2094 1548 2146; x_wconf 81' lang='grc' dir='ltr'><strong><em>χειρεῖν]</em></strong></span> <span class='ocrx_word' id='word_1_334' title='bbox 1585 2091 1802 2147; x_wconf 76' lang='lat' dir='ltr'><strong>intelligas</strong></span> <span class='ocrx_word' id='word_1_335' title='bbox 1832 2090 1953 2148; x_wconf 63' lang='lat' dir='ltr'><strong>ltpqo</strong></span> <span class='ocrx_word' id='word_1_336' title='bbox 1983 2089 2107 2148; x_wconf 83' lang='grc' dir='ltr'><strong><em>Ἀρι-</em></strong></span> 
     </span>
     <span class='ocr_line' id='line_1_53' title="bbox 1312 2148 1543 2206; baseline 0.004 -14"><span class='ocrx_word' id='word_1_337' title='bbox 1312 2148 1543 2206; x_wconf 78' lang='grc' dir='ltr'><strong><em>στόδημος.</em></strong></span> 
     </span>
    </p>
   </div>
   <div class='ocr_carea' id='block_1_11' title="bbox 1305 2233 2106 2577">
    <p class='ocr_par' dir='ltr' id='par_1_15' title="bbox 1305 2233 2106 2577">
     <span class='ocr_line' id='line_1_54' title="bbox 1367 2233 2106 2290; baseline 0.001 -14"><span class='ocrx_word' id='word_1_338' title='bbox 1367 2233 1458 2276; x_wconf 64' lang='lat' dir='ltr'><strong><em>Su</em></strong></span> <span class='ocrx_word' id='word_1_339' title='bbox 1496 2233 1751 2290; x_wconf 73' lang='grc' dir='ltr'><strong><em>ἐμνήσθη</em></strong></span> <span class='ocrx_word' id='word_1_340' title='bbox 1788 2233 1994 2289; x_wconf 67' lang='grc' dir='ltr'><strong><em>αὐτοῦ]</em></strong></span> <span class='ocrx_word' id='word_1_341' title='bbox 2028 2236 2106 2277; x_wconf 82' lang='lat' dir='ltr'><strong>At-</strong></span> 
     </span>
     <span class='ocr_line' id='line_1_55' title="bbox 1308 2291 2105 2348; baseline 0 -14"><span class='ocrx_word' id='word_1_342' title='bbox 1308 2292 1467 2347; x_wconf 87' lang='lat' dir='ltr'><strong>tigerat</strong></span> <span class='ocrx_word' id='word_1_343' title='bbox 1494 2293 1606 2335; x_wconf 88' lang='lat' dir='ltr'><strong>enim</strong></span> <span class='ocrx_word' id='word_1_344' title='bbox 1638 2294 1844 2335; x_wconf 84' lang='lat' dir='ltr'><strong>Socrates</strong></span> <span class='ocrx_word' id='word_1_345' title='bbox 1876 2306 1917 2348; x_wconf 89' lang='lat' dir='ltr'><strong>p.</strong></span> <span class='ocrx_word' id='word_1_346' title='bbox 1934 2291 2033 2336; x_wconf 86' lang='lat'><strong>205.</strong></span> <span class='ocrx_word' id='word_1_347' title='bbox 2053 2294 2105 2334; x_wconf 83' lang='lat' dir='ltr'><strong>D.</strong></span> 
     </span>
     <span class='ocr_line' id='line_1_56' title="bbox 1309 2347 2106 2405; baseline 0 -14"><span class='ocrx_word' id='word_1_348' title='bbox 1309 2350 1359 2391; x_wconf 85' lang='lat' dir='ltr'><strong>E.</strong></span> <span class='ocrx_word' id='word_1_349' title='bbox 1412 2347 1708 2405; x_wconf 84' lang='lat' dir='ltr'><strong>Aristophanis</strong></span> <span class='ocrx_word' id='word_1_350' title='bbox 1756 2352 1992 2393; x_wconf 82' lang='lat' dir='ltr'><strong>orationem</strong></span> <span class='ocrx_word' id='word_1_351' title='bbox 2042 2349 2106 2392; x_wconf 80' lang='lat' dir='ltr'><strong>his</strong></span> 
     </span>
     <span class='ocr_line' id='line_1_57' title="bbox 1308 2407 2104 2463; baseline -0.001 -15"><span class='ocrx_word' id='word_1_352' title='bbox 1308 2408 1469 2450; x_wconf 82' lang='lat' dir='ltr'><strong>verbis:</strong></span> <span class='ocrx_word' id='word_1_353' title='bbox 1508 2407 1578 2449; x_wconf 78' lang='grc' dir='ltr'><strong><em>καὶ</em></strong></span> <span class='ocrx_word' id='word_1_354' title='bbox 1617 2408 1785 2462; x_wconf 69' lang='grc' dir='ltr'><strong><em>λέγεται</em></strong></span> <span class='ocrx_word' id='word_1_355' title='bbox 1822 2413 1900 2463; x_wconf 80' lang='grc' dir='ltr'><strong><em>μέν</em></strong></span> <span class='ocrx_word' id='word_1_356' title='bbox 1937 2411 1986 2461; x_wconf 75' lang='grc' dir='ltr'><strong><em>γε’</em></strong></span> <span class='ocrx_word' id='word_1_357' title='bbox 2022 2422 2104 2460; x_wconf 79' lang='grc' dir='ltr'><strong><em>τις,</em></strong></span> 
     </span>
     <span class='ocr_line' id='line_1_58' title="bbox 1306 2461 2105 2521; baseline 0.003 -17"><span class='ocrx_word' id='word_1_358' title='bbox 1306 2465 1410 2519; x_wconf 66' lang='grc' dir='ltr'><strong><em>ἔφη,</em></strong></span> <span class='ocrx_word' id='word_1_359' title='bbox 1442 2462 1595 2520; x_wconf 73' lang='grc' dir='ltr'><strong><em>λόγος,</em></strong></span> <span class='ocrx_word' id='word_1_360' title='bbox 1640 2466 1695 2515; x_wconf 82' lang='grc' dir='ltr'><strong><em>ῶς</em></strong></span> <span class='ocrx_word' id='word_1_361' title='bbox 1731 2464 1774 2506; x_wconf 74' lang='grc' dir='ltr'><strong><em>οἳ</em></strong></span> <span class='ocrx_word' id='word_1_362' title='bbox 1805 2464 1857 2506; x_wconf 73' lang='grc' dir='ltr'><strong><em>ἂν</em></strong></span> <span class='ocrx_word' id='word_1_363' title='bbox 1886 2465 1935 2507; x_wconf 85' lang='grc' dir='ltr'><strong><em>τό</em></strong></span> <span class='ocrx_word' id='word_1_364' title='bbox 1971 2461 2105 2521; x_wconf 62' lang='grc' dir='ltr'><strong><em>ἥμισυ</em></strong></span> 
     </span>
     <span class='ocr_line' id='line_1_59' title="bbox 1305 2522 1886 2577; baseline 0 -14"><span class='ocrx_word' id='word_1_365' title='bbox 1305 2524 1467 2565; x_wconf 78' lang='grc' dir='ltr'><strong><em>ἑαυτῶν</em></strong></span> <span class='ocrx_word' id='word_1_366' title='bbox 1499 2522 1679 2577; x_wconf 81' lang='grc' dir='ltr'><strong><em>ζητῶσιν</em></strong></span> <span class='ocrx_word' id='word_1_367' title='bbox 1707 2539 1743 2567; x_wconf 86' lang='grc' dir='ltr'><strong><em>κ.</em></strong></span> <span class='ocrx_word' id='word_1_368' title='bbox 1775 2539 1815 2566; x_wconf 93' lang='grc' dir='ltr'><strong><em>τ.</em></strong></span> <span class='ocrx_word' id='word_1_369' title='bbox 1846 2523 1886 2577; x_wconf 82' lang='grc' dir='ltr'><strong><em>λ,</em></strong></span> 
     </span>
    </p>
   </div>
   <div class='ocr_carea' id='block_1_12' title="bbox 1292 2606 2158 3469">
    <p class='ocr_par' dir='ltr' id='par_1_16' title="bbox 1292 2606 2158 3469">
     <span class='ocr_line' id='line_1_60' title="bbox 1360 2606 2103 2664; baseline -0.001 -15"><span class='ocrx_word' id='word_1_370' title='bbox 1360 2609 1448 2649; x_wconf 78' lang='grc' dir='ltr'><strong><em>καὶ</em></strong></span> <span class='ocrx_word' id='word_1_371' title='bbox 1477 2610 1732 2664; x_wconf 72' lang='grc' dir='ltr'><strong><em>ἐξαίφνης</em></strong></span> <span class='ocrx_word' id='word_1_372' title='bbox 1757 2607 1856 2661; x_wconf 79' lang='grc' dir='ltr'><strong><em>τὴν</em></strong></span> <span class='ocrx_word' id='word_1_373' title='bbox 1873 2606 2103 2649; x_wconf 71' lang='grc' dir='ltr'><strong><em>αὔλειον</em></strong></span> 
     </span>
     <span class='ocr_line' id='line_1_61' title="bbox 1302 2664 2100 2720; baseline -0.005 -11"><span class='ocrx_word' id='word_1_374' title='bbox 1302 2667 1383 2720; x_wconf 75' lang='grc' dir='ltr'><strong><em>θ.]</em></strong></span> <span class='ocrx_word' id='word_1_375' title='bbox 1416 2666 1453 2708; x_wconf 82' lang='lat' dir='ltr'><strong><em>h·</em></strong></span> <span class='ocrx_word' id='word_1_376' title='bbox 1487 2681 1523 2709; x_wconf 87' lang='lat' dir='ltr'><strong><em>e.</em></strong></span> <span class='ocrx_word' id='word_1_377' title='bbox 1557 2665 1636 2718; x_wconf 78' lang='grc' dir='ltr'><strong><em>τὴν</em></strong></span> <span class='ocrx_word' id='word_1_378' title='bbox 1667 2665 1814 2719; x_wconf 71' lang='grc' dir='ltr'><strong><em>θύραν</em></strong></span> <span class='ocrx_word' id='word_1_379' title='bbox 1842 2669 1920 2716; x_wconf 73' lang='grc' dir='ltr'><strong><em>τῆς</em></strong></span> <span class='ocrx_word' id='word_1_380' title='bbox 1949 2664 2100 2718; x_wconf 77' lang='grc' dir='ltr'><strong><em>αὐλῆς,</em></strong></span> 
     </span>
     <span class='ocr_line' id='line_1_62' title="bbox 1300 2723 2100 2775; baseline -0.001 -11"><span class='ocrx_word' id='word_1_381' title='bbox 1300 2723 1416 2764; x_wconf 83' lang='lat' dir='ltr'><strong>fores</strong></span> <span class='ocrx_word' id='word_1_382' title='bbox 1447 2723 1659 2773; x_wconf 85' lang='lat' dir='ltr'><strong>vestibuli,</strong></span> <span class='ocrx_word' id='word_1_383' title='bbox 1690 2734 1799 2775; x_wconf 81' lang='lat' dir='ltr'><strong>quse</strong></span> <span class='ocrx_word' id='word_1_384' title='bbox 1817 2723 1954 2764; x_wconf 83' lang='lat' dir='ltr'><strong>auiam</strong></span> <span class='ocrx_word' id='word_1_385' title='bbox 1981 2724 2100 2764; x_wconf 71' lang='lat' dir='ltr'><strong>clan-</strong></span> 
     </span>
     <span class='ocr_line' id='line_1_63' title="bbox 1306 2779 2099 2831; baseline 0.001 -11"><span class='ocrx_word' id='word_1_386' title='bbox 1306 2779 1412 2820; x_wconf 90' lang='lat' dir='ltr'><strong>dunt</strong></span> <span class='ocrx_word' id='word_1_387' title='bbox 1452 2780 1561 2821; x_wconf 84' lang='lat' dir='ltr'><strong>viam</strong></span> <span class='ocrx_word' id='word_1_388' title='bbox 1614 2791 1788 2831; x_wconf 84' lang='lat' dir='ltr'><strong>versus,</strong></span> <span class='ocrx_word' id='word_1_389' title='bbox 1839 2791 1876 2819; x_wconf 88' lang='lat' dir='ltr'><strong>v.</strong></span> <span class='ocrx_word' id='word_1_390' title='bbox 1919 2780 2099 2821; x_wconf 71' lang='lat' dir='ltr'><strong>Bfitti-</strong></span> 
     </span>
     <span class='ocr_line' id='line_1_64' title="bbox 1304 2835 2096 2891; baseline -0.003 -13"><span class='ocrx_word' id='word_1_391' title='bbox 1304 2849 1409 2890; x_wconf 82' lang='lat' dir='ltr'><strong>ger.</strong></span> <span class='ocrx_word' id='word_1_392' title='bbox 1429 2835 1480 2877; x_wconf 85' lang='lat' dir='ltr'><strong>ad</strong></span> <span class='ocrx_word' id='word_1_393' title='bbox 1505 2836 1652 2890; x_wconf 87' lang='lat' dir='ltr'><strong>Eurip.</strong></span> <span class='ocrx_word' id='word_1_394' title='bbox 1666 2835 1847 2879; x_wconf 86' lang='lat' dir='ltr'><strong>Med.T.</strong></span> <span class='ocrx_word' id='word_1_395' title='bbox 1864 2836 2096 2891; x_wconf 79' lang='lat' dir='ltr'><strong>V1.p.443.</strong></span> 
     </span>
     <span class='ocr_line' id='line_1_65' title="bbox 1303 2893 2101 2945; baseline 0.001 -10"><span class='ocrx_word' id='word_1_396' title='bbox 1303 2893 1371 2935; x_wconf 86' lang='lat' dir='ltr'><strong><em>ed.</em></strong></span> <span class='ocrx_word' id='word_1_397' title='bbox 1412 2893 1561 2936; x_wconf 80' lang='lat' dir='ltr'><strong>Matth.</strong></span> <span class='ocrx_word' id='word_1_398' title='bbox 1609 2893 1989 2945; x_wconf 84' lang='lat' dir='ltr'><strong>Wyttenbach.</strong></span> <span class='ocrx_word' id='word_1_399' title='bbox 2046 2893 2101 2936; x_wconf 87' lang='lat' dir='ltr'><strong>ad</strong></span> 
     </span>
     <span class='ocr_line' id='line_1_66' title="bbox 1301 2950 2098 3005; baseline -0.001 -12"><span class='ocrx_word' id='word_1_400' title='bbox 1301 2951 1415 2993; x_wconf 85' lang='lat' dir='ltr'><strong>Piut.</strong></span> <span class='ocrx_word' id='word_1_401' title='bbox 1462 2951 1578 2993; x_wconf 86' lang='lat' dir='ltr'><strong><em>Mor.</em></strong></span> <span class='ocrx_word' id='word_1_402' title='bbox 1607 2951 1686 2993; x_wconf 83' lang='lat' dir='ltr'><strong><em>Voi</em></strong></span> <span class='ocrx_word' id='word_1_403' title='bbox 1732 2950 1783 2992; x_wconf 86' lang='lat'><strong><em>11.</em></strong></span> <span class='ocrx_word' id='word_1_404' title='bbox 1806 2965 1845 3005; x_wconf 90' lang='lat' dir='ltr'><strong>p.</strong></span> <span class='ocrx_word' id='word_1_405' title='bbox 1873 2950 1925 2995; x_wconf 83' lang='lat'><strong><em>18</em></strong></span> <span class='ocrx_word' id='word_1_406' title='bbox 1944 2965 2008 3005; x_wconf 87' lang='lat' dir='ltr'><strong><em>sq.</em></strong></span> <span class='ocrx_word' id='word_1_407' title='bbox 2031 2951 2098 2995; x_wconf 87' lang='lat' dir='ltr'><strong><em>ed.</em></strong></span> 
     </span>
     <span class='ocr_line' id='line_1_67' title="bbox 1300 3007 2158 3063; baseline -0.003 -13"><span class='ocrx_word' id='word_1_408' title='bbox 1300 3008 1453 3050; x_wconf 85' lang='lat' dir='ltr'><strong>Matth.</strong></span> <span class='ocrx_word' id='word_1_409' title='bbox 1495 3009 1672 3051; x_wconf 87' lang='lat' dir='ltr'><strong>Bremi</strong></span> <span class='ocrx_word' id='word_1_410' title='bbox 1704 3007 1757 3050; x_wconf 88' lang='lat' dir='ltr'><strong>ad</strong></span> <span class='ocrx_word' id='word_1_411' title='bbox 1781 3008 1964 3063; x_wconf 84' lang='lat' dir='ltr'><strong>Lysiam.</strong></span> <span class='ocrx_word' id='word_1_412' title='bbox 1989 3023 2029 3063; x_wconf 88' lang='lat' dir='ltr'><strong>p.</strong></span> <span class='ocrx_word' id='word_1_413' title='bbox 2056 3008 2097 3054; x_wconf 84' lang='lat'><strong>9.</strong></span> <span class='ocrx_word' id='word_1_414' title='bbox 2151 3023 2158 3035; x_wconf 38' lang='lat' dir='ltr'>x</span> 
     </span>
     <span class='ocr_line' id='line_1_68' title="bbox 1299 3065 2099 3120; baseline 0.003 -13"><span class='ocrx_word' id='word_1_415' title='bbox 1299 3065 1464 3108; x_wconf 87' lang='lat' dir='ltr'><strong>Deinde</strong></span> <span class='ocrx_word' id='word_1_416' title='bbox 1481 3079 1559 3120; x_wconf 85' lang='lat' dir='ltr'><strong><em>pro</em></strong></span> <span class='ocrx_word' id='word_1_417' title='bbox 1587 3067 1699 3120; x_wconf 77' lang='lat' dir='ltr'><strong>vulg.</strong></span> <span class='ocrx_word' id='word_1_418' title='bbox 1733 3068 2023 3119; x_wconf 72' lang='grc' dir='ltr'><strong><em>κροτουμένην</em></strong></span> <span class='ocrx_word' id='word_1_419' title='bbox 2044 3080 2099 3109; x_wconf 86' lang='lat' dir='ltr'><strong>ex</strong></span> 
     </span>
     <span class='ocr_line' id='line_1_69' title="bbox 1299 3123 2098 3177; baseline -0.003 -12"><span class='ocrx_word' id='word_1_420' title='bbox 1299 3124 1478 3177; x_wconf 83' lang='lat' dir='ltr'><strong>optimis</strong></span> <span class='ocrx_word' id='word_1_421' title='bbox 1505 3123 1630 3166; x_wconf 89' lang='lat' dir='ltr'><strong>codd.</strong></span> <span class='ocrx_word' id='word_1_422' title='bbox 1668 3123 1910 3177; x_wconf 86' lang='lat' dir='ltr'><strong>recepimus</strong></span> <span class='ocrx_word' id='word_1_423' title='bbox 1939 3138 2098 3175; x_wconf 71' lang='grc' dir='ltr'><strong><em>κρουο-</em></strong></span> 
     </span>
     <span class='ocr_line' id='line_1_70' title="bbox 1296 3181 2097 3236; baseline 0.002 -15"><span class='ocrx_word' id='word_1_424' title='bbox 1296 3186 1455 3236; x_wconf 79' lang='grc' dir='ltr'><strong><em>μένην,</em></strong></span> <span class='ocrx_word' id='word_1_425' title='bbox 1503 3182 1616 3235; x_wconf 86' lang='lat' dir='ltr'><strong>quod</strong></span> <span class='ocrx_word' id='word_1_426' title='bbox 1668 3181 1846 3222; x_wconf 88' lang='lat' dir='ltr'><strong>verbum</strong></span> <span class='ocrx_word' id='word_1_427' title='bbox 1889 3182 2097 3223; x_wconf 73' lang='lat' dir='ltr'><strong>sollemne</strong></span> 
     </span>
     <span class='ocr_line' id='line_1_71' title="bbox 1298 3237 2096 3292; baseline 0 -12"><span class='ocrx_word' id='word_1_428' title='bbox 1298 3243 1366 3280; x_wconf 86' lang='lat' dir='ltr'><strong><em>est</em></strong></span> <span class='ocrx_word' id='word_1_429' title='bbox 1395 3237 1450 3280; x_wconf 88' lang='lat' dir='ltr'><strong>de</strong></span> <span class='ocrx_word' id='word_1_430' title='bbox 1481 3238 1546 3291; x_wconf 87' lang='lat' dir='ltr'><strong>iis,</strong></span> <span class='ocrx_word' id='word_1_431' title='bbox 1577 3237 1650 3292; x_wconf 85' lang='lat' dir='ltr'><strong>qui</strong></span> <span class='ocrx_word' id='word_1_432' title='bbox 1683 3237 1799 3279; x_wconf 84' lang='lat' dir='ltr'><strong>fores</strong></span> <span class='ocrx_word' id='word_1_433' title='bbox 1829 3239 2014 3292; x_wconf 83' lang='lat' dir='ltr'><strong>pulsant,</strong></span> <span class='ocrx_word' id='word_1_434' title='bbox 2046 3243 2096 3280; x_wconf 87' lang='lat' dir='ltr'><strong>ut</strong></span> 
     </span>
     <span class='ocr_line' id='line_1_72' title="bbox 1295 3294 2094 3338; baseline 0 -2"><span class='ocrx_word' id='word_1_435' title='bbox 1295 3295 1644 3338; x_wconf 87' lang='lat' dir='ltr'><strong>intromittantur.</strong></span> <span class='ocrx_word' id='word_1_436' title='bbox 1723 3294 1768 3337; x_wconf 91' lang='lat' dir='ltr'>M</span> <span class='ocrx_word' id='word_1_437' title='bbox 1780 3308 1806 3336; x_wconf 93' lang='grc' dir='ltr'><strong><em>ο</em></strong></span> <span class='ocrx_word' id='word_1_438' title='bbox 1818 3308 1842 3337; x_wconf 92' lang='lat' dir='ltr'><strong>e</strong></span> <span class='ocrx_word' id='word_1_439' title='bbox 1852 3295 1930 3336; x_wconf 86' lang='lat' dir='ltr'><strong>ris</strong></span> <span class='ocrx_word' id='word_1_440' title='bbox 1978 3298 2014 3336; x_wconf 81' lang='grc' dir='ltr'><strong>Α</strong></span> <span class='ocrx_word' id='word_1_441' title='bbox 2025 3300 2043 3336; x_wconf 91' lang='lat' dir='ltr'><strong>t</strong></span> <span class='ocrx_word' id='word_1_442' title='bbox 2057 3300 2094 3337; x_wconf 91' lang='lat' dir='ltr'><strong><em>t.</em></strong></span> 
     </span>
     <span class='ocr_line' id='line_1_73' title="bbox 1295 3349 2092 3408; baseline -0.004 -13"><span class='ocrx_word' id='word_1_443' title='bbox 1295 3366 1337 3407; x_wconf 87' lang='lat' dir='ltr'><strong>p.</strong></span> <span class='ocrx_word' id='word_1_444' title='bbox 1365 3351 1482 3399; x_wconf 68' lang='lat'><strong><em>2112</em></strong></span> <span class='ocrx_word' id='word_1_445' title='bbox 1525 3351 1675 3394; x_wconf 79' lang='grc' dir='ltr'><strong><em>κόπτει</em></strong></span> <span class='ocrx_word' id='word_1_446' title='bbox 1708 3349 1788 3405; x_wconf 78' lang='grc' dir='ltr'><strong><em>τὴν</em></strong></span> <span class='ocrx_word' id='word_1_447' title='bbox 1817 3350 1966 3408; x_wconf 74' lang='grc' dir='ltr'><strong><em>θύραν</em></strong></span> <span class='ocrx_word' id='word_1_448' title='bbox 1999 3350 2092 3407; x_wconf 84' lang='grc' dir='ltr'><strong><em>(ὁ)</em></strong></span> 
     </span>
     <span class='ocr_line' id='line_1_74' title="bbox 1292 3408 2094 3469; baseline 0 -17"><span class='ocrx_word' id='word_1_449' title='bbox 1292 3410 1472 3457; x_wconf 71' lang='grc' dir='ltr'><strong><em>ἔξωθεν·</em></strong></span> <span class='ocrx_word' id='word_1_450' title='bbox 1503 3415 1639 3466; x_wconf 84' lang='grc' dir='ltr'><strong><em>ψοφεῖ</em></strong></span> <span class='ocrx_word' id='word_1_451' title='bbox 1661 3410 1703 3452; x_wconf 79' lang='grc' dir='ltr'><strong><em>δὲ</em></strong></span> <span class='ocrx_word' id='word_1_452' title='bbox 1723 3408 1745 3449; x_wconf 84' lang='grc' dir='ltr'>ὁ</span> <span class='ocrx_word' id='word_1_453' title='bbox 1767 3409 1962 3463; x_wconf 65' lang='grc' dir='ltr'><strong><em>ἔνδοθεν,</em></strong></span> <span class='ocrx_word' id='word_1_454' title='bbox 1987 3408 2094 3469; x_wconf 65' lang='grc' dir='ltr'><strong><em>Ἀτ-</em></strong></span> 
     </span>
    </p>
   </div>
  </div>
 </body>
</html>
