2158 3718
386 175 580 215 LXVIII
1017 176 1467 216 PROLEGOMENA

453 288 557 353 Et*
584 301 653 355 de
710 309 951 373 tempore
1000 301 1235 371 quidem,
1291 321 1399 372 quo
1439 303 1785 375 Symposium
1833 306 2088 378 scriptum

384 390 502 425 esse
557 371 812 428 credibile
869 374 966 437 sit,
1027 373 1159 426 haec
1215 375 1527 443 exposuisse
1580 393 1689 427 non
1746 376 1847 428 erit
1901 395 2088 448 super-

386 461 695 496 vacaneum.

450 511 809 583 Perspicuum
844 518 926 564 est
951 530 1019 564 ex
1042 512 1159 566 loco
1183 531 1238 583 p.
1268 515 1387 568 193.
1413 513 1486 567 A.
1511 516 1705 570 librum
1741 517 1931 570 litteris
1957 536 2087 570 exa-

381 590 557 637 ratum
605 601 724 635 esse
771 589 893 652 post
931 579 1154 654 Olymp.
1191 583 1277 647 98,
1311 586 1382 647 4.,
1431 603 1537 654 quo
1581 605 1722 639 anno
1758 586 2090 640 Mantineam

384 652 622 704 dirutam
652 652 825 709 fuisse
863 670 932 705 ex
968 652 1214 723 Thucyd.
1241 653 1312 708 V.
1339 655 1423 707 29.
1472 654 1728 726 Xenoph.
1765 656 1910 710 Hell.
1938 657 2009 711 V.
2038 659 2088 710 2.

381 722 616 775 Aristot.
653 721 773 774 Pol.
807 721 881 773 Π.
919 723 968 775 1.
1014 722 1241 777 Diodor.
1273 723 1407 779 XV.
1458 726 1508 778 5.
1553 726 1886 798 intelligitur.
1966 727 2089 782 Du-

380 792 538 844 bitari
577 800 755 844 tamen
791 800 987 862 potest,
1035 802 1198 863 quoto
1244 813 1382 861 anno
1426 804 1551 865 post
1585 796 1719 849 illud
1752 796 1903 850 urbis
1941 798 2089 851 exci-

380 861 530 915 dium
575 861 712 915 liber
757 862 901 916 consi
944 864 1060 916 nari
1104 873 1333 935 coeptus
1376 865 1459 918 sit.
1521 864 1600 918 Et
1637 864 2087 921 Schleierma-

380 931 626 986 cherus
649 933 866 1001 quidem
957 953 993 1003 p
1036 974 1049 987 .
1081 934 1329 989 Platonn.
1374 930 1498 989 Vol.
1530 935 1602 988 II.
1644 935 1708 989 P.
1739 936 1813 989 ΙΙ.
1896 977 1909 989 .
1946 938 2088 1001 382.,

383 1002 640 1070 quoniam
662 1002 944 1057 Mantinea
969 953 1188 1075 (flymp
1218 1007 1337 1070 102,
1365 1007 1415 1058 3.
1455 1014 1588 1059 teste
1612 1005 1804 1060 Xeno
1902 1046 1916 1060 .
1941 1007 2088 1060 Hell.

380 1071 482 1126 VI.
511 1073 562 1136 5,
586 1075 658 1138 4.,
696 1073 791 1127 ubi
816 1094 867 1128 v.
895 1071 1311 1140 Schneider„
1351 1084 1405 1128 et
1438 1075 1709 1130 Diodor.
1735 1075 1799 1130 X
1859 1118 1872 1130 .
1901 1079 1986 1131 12.
2024 1078 2091 1131 sit

382 1142 661 1208 restituta,
708 1144 824 1197 fieri
869 1164 1028 1215 posse
1072 1154 1283 1209 censet,
1332 1155 1395 1199 ut
1439 1143 1787 1217 Symposium
1834 1147 1924 1200 illo
1970 1148 2091 1219 ipso

381 1221 622 1283 tempore
671 1215 929 1283 scriptum
976 1217 1070 1279 sit,
1133 1217 1263 1285 quip
1304 1234 1332 1269 e
1379 1235 1486 1285 quo
1520 1216 1667 1271 item
1712 1218 1791 1271 rei
1836 1219 2091 1272 memoria

381 1284 549 1336 fuerit
582 1286 966 1338 recentissima.
1026 1285 1216 1355 Itaque
1262 1235 1364 1339 fioc
1410 1295 1614 1339 tantum
1660 1287 1936 1358 probabile
1973 1307 2092 1342 esse

382 1353 483 1417 ait,
503 1354 804 1408 confectum
827 1354 1025 1408 librum
1050 1374 1170 1410 esse
1194 1357 1337 1409 inter
1356 1354 1576 1426 Olymp.
1606 1358 1692 1422 98,
1713 1360 1762 1410 4.
1790 1367 1845 1410 et
1865 1357 2087 1430 Olymp.

381 1425 504 1487 102,
541 1425 592 1477 3.
649 1422 763 1478 Sed
800 1434 954 1478 acute
991 1426 1127 1479 vidit
1161 1426 1570 1490 Rfickertus,
1609 1446 1775 1496 quum
1810 1427 2090 1482 Mantinea

379 1493 767 1559 restitueretur,
805 1497 1110 1566 propiorem
1135 1516 1255 1550 esse
1281 1497 1534 1551 debuisse
1557 1498 1613 1549 in
1648 1517 1816 1551 unum
1851 1499 2088 1553 redeun-

381 1565 518 1618 tium
565 1565 944 1636 cogitationem
991 1585 1170 1636 quam,
1198 1567 1323 1620 olim
1370 1567 1712 1621 disiectorum
1759 1569 2087 1635 memoriam,

382 1635 528 1704 quod
564 1633 632 1688 ab
657 1636 1042 1707 Aristophanis
1067 1638 1308 1692 oratione
1333 1637 1632 1692 abhorreat.
1673 1637 1943 1706 Quocirca
1964 1639 2088 1694 libri

383 1705 725 1775 scriptionem
749 1716 872 1760 ante
901 1706 1119 1778 Olymp.
1149 1709 1269 1761 102.
1295 1709 1493 1761 factam
1529 1727 1647 1763 esse
1683 1729 1781 1780 pro
1807 1711 2087 1781 explorato

381 1774 664 1829 habemuS.
700 1775 816 1830 Nec
852 1797 978 1832 vero
1002 1797 1225 1832 necesse
1251 1787 1332 1832 est
1359 1787 1606 1843 statuere,
1633 1799 1751 1833 eam
1775 1780 1899 1834 ideo
1924 1781 2087 1834 multo

382 1854 507 1914 post
544 1845 763 1918 Olymp.
791 1848 878 1913 98,
903 1850 955 1901 4.
994 1867 1110 1902 esse
1157 1857 1486 1920 susceptam,
1533 1850 1660 1918 quia
1692 1850 2088 1921 Aristophanes

384 1916 467 1969 rei
503 1916 842 1972 tristissimae
877 1938 976 1989 per
1010 1919 1180 1973 risum
1216 1929 1270 1973 et
1303 1919 1595 1973 ludibrium
1629 1921 1832 1974 iniiciat
1856 1922 2088 1975 mentio-

383 2005 526 2040 nem.
577 1987 791 2042 Audias
830 1989 973 2042 enim
1007 1988 1431 2060 Xenophontem
1453 1989 1669 2044 Hellen.
1702 1990 1772 2045 V.
1808 1993 1860 2055 2,
1902 1996 1951 2045 7.
2003 1994 2087 2044 καὶ

380 2058 435 2108 τὸ
474 2057 561 2126 μὲν
587 2062 783 2128 πρῶτον
809 2059 1048 2129 ἤχθοντο,
1089 2061 1163 2111 ὅτι
1195 2061 1282 2117 τὰς
1316 2062 1404 2129 μὲν
1432 2062 1755 2130 ὑπαρχούσας
1791 2063 1945 2119 οἰκίας
1976 2060 2088 2114 ἔδει

384 2127 663 2196 καθαιρεῖν,
693 2128 846 2186 ἄλλας
872 2131 929 2181 δὲ
957 2131 1263 2199 οἰκοδομεῖν·
1293 2131 1400 2182 ἐπεὶ
1428 2131 1484 2182 δὲ
1513 2134 1556 2182 οἱ
1583 2130 1785 2200 ἔχοντες
1806 2133 1894 2201 τὰς
1919 2132 2087 2188 οὐσίας

383 2198 645 2268 ἐγγύτερον
675 2199 762 2267 μὲν
791 2197 957 2269 ᾤκουν
983 2205 1081 2252 τῶν
1107 2202 1324 2271 χωρίων,
1362 2200 1513 2252 ὄντων
1543 2202 1710 2258 αὐτοῖς
1734 2203 1847 2271 περὶ
1871 2203 1957 2258 τὰς
1989 2204 2086 2254 κώ-

383 2287 495 2336 μας,
525 2267 873 2339 ἀριστοκρατίᾳ
901 2271 946 2321 δ’
977 2271 1215 2341 ἐχρῶντο,
1255 2271 1625 2341 ἀπηλλαγμένοι
1651 2273 1695 2323 δ’
1722 2271 1848 2341 ἦσαν
1874 2277 1972 2325 τῶν
1999 2274 2087 2343 βα-

384 2337 512 2406 ρέων
540 2339 871 2406 δημαγωγῶν,
909 2341 1128 2408 ἥδοντο
1168 2345 1300 2397 τοῖς
1337 2341 1830 2411 πεπραγμένοις.

452 2407 531 2459 At
579 2408 720 2462 enim
766 2409 1004 2481 ingentis
1048 2410 1436 2465 anachronismi
1480 2412 1568 2466 hic
1613 2412 1892 2466 Platonem
1934 2431 2085 2467 reum

382 2486 565 2549 agunt,
605 2479 715 2547 qui,
753 2498 920 2549 quum
955 2478 1277 2553 Agathonis*
1299 2481 1522 2543 victoria
1557 2482 1614 2535 in
1652 2481 1872 2554 Olymp.
1910 2483 1996 2548 90,
2031 2485 2083 2536 4.

380 2547 599 2611 incidat,
638 2567 745 2618 quo
785 2558 1021 2621 tempore
1059 2552 1361 2605 convivium
1396 2552 1639 2606 habitum
1660 2553 1964 2624 fingitur*)‚
2002 2562 2083 2606 ta-

381 2635 504 2669 men
527 2617 946 2688 Aristophanem
972 2640 1035 2674 ea
1065 2621 1255 2675 fecerit
1277 2631 1679 2685 memorantem,
1713 2641 1850 2691 quae
1875 2623 2086 2676 circiter

382 2686 602 2766 triginta
638 2687 849 2742 duobus
886 2691 1040 2742 annis
1075 2699 1199 2760 post
1233 2691 1537 2744 acciderint.
1589 2690 1751 2756 Quod
1786 2692 1988 2745 crimen
2023 2702 2085 2745 ut

380 2754 657 2820 leniretur,
707 2775 815 2809 non
861 2757 1148 2811 defuerunt
1189 2760 1282 2827 qui
1327 2760 1404 2813 ita
1441 2770 1812 2814 succurrerent
1846 2761 2082 2832 philoso-

382 2822 511 2906 ph0,
550 2833 611 2876 ut
646 2826 824 2879 locum
858 2827 1008 2880 illum
1045 2827 1111 2880 ab
1149 2847 1212 2881 eo
1235 2830 1290 2882 in
1316 2830 1550 2883 secunda
1575 2831 1751 2902 operis
1774 2832 2084 2886 recensione

379 2895 759 2964 mterpositum
805 2915 924 2951 esse
971 2897 1288 2963 iudicarent,
1337 2900 1395 2952 id
1438 2901 1583 2969 quod
1626 2902 1827 2971 placuit
1873 2912 2084 2972 praeter

381 2963 514 3018 alios
549 2962 963 3020 Hartmanno
998 2967 1056 3020 in
1080 2968 1271 3023 Beckii
1298 2969 1657 3024 Commentar.
1686 2970 1882 3026 Societ.
1908 2973 2082 3043 philo-

380 3033 489 3106 log.
514 3033 670 3105 Lips.
708 3034 830 3089 Vol.
854 3036 900 3090 I.
937 3036 1001 3091 P.
1027 3037 1070 3090 I.
1107 3058 1162 3108 p.
1190 3041 1309 3094 167.
1372 3042 1453 3094 At
1487 3042 1720 3112 primum
1756 3043 1973 3111 quidem
2008 3043 2083 3095 ita

380 3122 489 3157 non
523 3105 698 3158 minor
733 3104 1043 3171 difficultas,
1083 3110 1127 3162 si
1163 3128 1270 3179 qua
1307 3120 1405 3176 est,
1443 3121 1699 3176 remanet,
1735 3131 1894 3182 quam
1927 3114 1971 3166 si
1998 3123 2080 3166 to-

382 3182 497 3227 tum
541 3171 886 3247 Symposium
933 3196 1041 3231 uno
1090 3188 1268 3234 tenore
1324 3183 1679 3254 perscriptum
1729 3183 2077 3246 existimetur,

410 3305 482 3380 ¹’'‘)
526 3333 581 3374 V.
614 3333 922 3377 Athenaeus
954 3336 1007 3376 V.
1039 3349 1078 3388 p.
1102 3342 1196 3379 216.
1218 3341 1267 3380 E.
1289 3339 1301 3342 ”
