2158 3718
808 132 1072 177 ΡΗΑΕοο
1105 148 1150 189 p.
1174 108 1244 176 7'0.
1317 163 1320 166 .
1810 133 1912 188 133

134 276 294 330 δοκεῖ
336 276 520 338 καλῶς
564 258 858 341 λέγεσθαι,
913 270 980 325 τὰ
1037 271 1100 326 δὲ
1145 272 1274 341 περὶ
1323 274 1421 342 τῆς
1466 275 1649 342 ψυχῆς
1700 272 1917 342 πολλὴν
1947 287 2002 330 70

134 359 399 414 ἀπιστίαν
436 359 664 428 παρέχει
699 364 816 420 τοῖς
840 353 1184 427 ἀνθρώποις,
1223 356 1318 426 μή,
1359 354 1592 411 ἐπειδὰν
1619 354 1916 427 ἀπαλλαγῇ

133 447 236 497 τοῦ
274 443 543 513 σώματος,
583 437 840 510 οὐδαμοῦ
877 441 958 494 ἔτι
994 432 1050 511 ᾖ,
1090 437 1215 493 ἀλλ’
1257 441 1445 511 ἐκείνῃ
1481 443 1551 511 τῇ
1586 438 1767 513 ἡμέρᾳ
1793 443 1917 495 δια-

133 529 443 597 φθείρηταί
473 544 534 578 τε
570 526 665 578 καὶ
702 521 1070 594 ἀπολλύηται,
1107 516 1148 594 ᾗ
1182 521 1254 577 ἂν
1291 523 1596 595 ἅνθρωπος
1634 522 1914 597 ἀποθάνῃ·

132 608 309 673 εὐθὺς
353 608 811 678 ἀπαλλαττομένη
849 610 952 662 τοῦ
999 607 1251 678 σώματος
1297 609 1392 661 καὶ
1430 609 1774 677 ἐκβαίνουσα
1813 607 1920 673 ὤς-

130 710 238 762 περ
282 695 506 762 πνεῦμα
551 691 588 760 ἢ
634 690 848 755 καπνὸς
894 692 1368 746 διασκεδασθεῖσα
1414 695 1632 762 οἴχηται
1686 694 1919 747 διαπτο-

132 775 272 845 μένη
310 776 405 828 καὶ
430 771 605 829 οὐδὲν
631 777 713 829 ἔτι
739 773 995 844 οὐδαμοῦ
1020 768 1081 845 ᾗ·
1126 777 1266 845 ἐπεί,
1308 780 1465 847 εἴπερ
1504 780 1589 846 εἴη
1626 793 1739 830 που
1777 774 1917 847 αὐτὴ

131 857 265 915 καθ’
305 857 487 929 αὐτὴν
524 859 977 928 ξυνηθροισμένη
1002 860 1098 912 καὶ
1123 858 1521 930 ἀντηλλαγμένη
1547 860 1766 915 τούτων
1802 863 1919 914 τῶν

131 946 344 1013 κακῶν,
384 936 466 997 ὦν
504 941 576 996 σύ
613 944 724 995 νῦν
762 940 830 1011 δὴ
870 943 1128 1010 διῆλθες,
1175 941 1356 1012 πολλὴ
1396 942 1468 996 ἂν
1507 945 1664 1008 ἐλπὶς
1702 949 1786 1015 εἴη
1823 947 1919 1000 καὶ

132 1027 296 1097 καλή,
336 1019 383 1081 ὦ
419 1026 748 1096 Σώκρατες,
788 1022 863 1088 (ὃς
899 1022 1084 1093 ἀληθῆ
1125 1025 1279 1078 ἐστιν
1317 1024 1354 1078 ὁὶ
1391 1027 1463 1079 σύ
1501 1028 1700 1094 λέγεις.
1777 1026 1975 1083 ἀλλάΒ

132 1114 299 1165 τοῦτο
327 1108 396 1179 δὴ
424 1113 557 1173 ἴσως
582 1108 688 1163 οὐκ
715 1106 906 1178 ὀλίγης
930 1110 1297 1178 παραμυθίας
1331 1109 1508 1162 δεῖται
1534 1110 1628 1162 καὶ
1664 1107 1920 1182 πίστεως,

244 1281 292 1322 Ρ.
313 1282 382 1324 70.
415 1272 747 1333 ἅνθρωπος]
775 1280 831 1322 V.
853 1272 877 1321 ὁ
908 1271 1182 1333 ἄνθρωπος.
1226 1279 1461 1320 Articulum
1483 1292 1578 1320 cum
1598 1282 1707 1323 Ven.
1731 1281 1783 1323 Π
1806 1282 1918 1326 Flor.

132 1339 160 1379 b
184 1338 338 1390 delevi,
361 1338 414 1378 de
435 1338 557 1378 cuius
579 1337 810 1378 omissione
830 1349 872 1376 v.
895 1336 951 1376 ad
969 1335 1084 1377 Prot.
1106 1337 1246 1389 p.355
1257 1336 1310 1379 A.
1332 1336 1514 1380 Bekker.
1537 1343 1577 1376 et
1599 1337 1698 1379 Tur.
1721 1329 1914 1391 ἅνθρω-

133 1407 236 1443 πος.
275 1394 356 1435 Pro
379 1386 608 1448 ἀποθάνῃ
627 1393 738 1437 Ven.
760 1391 813 1434 Π
834 1392 958 1433 Bodl.
978 1405 1042 1445 pr.
1064 1405 1121 1435 m.
1144 1385 1467 1446 ἀποθνήσκει.
1501 1391 1587 1434 Sed
1606 1406 1755 1436 rursus
1776 1395 1919 1439 Herm.

135 1451 329 1492 codicem
352 1462 480 1490 suum
503 1449 704 1492 deseruit.

235 1500 642 1560 -διαπτομένη]
685 1503 755 1546 Sic
782 1503 904 1545 Bodl.
943 1503 1072 1545 Coisl.
1093 1504 1203 1545 Ven.
1226 1503 1318 1546 ΛΠ
1345 1504 1442 1547 Par.
1464 1504 1784 1547 A=GE1Ambr.
1806 1507 1921 1559 Aug,

133 1563 243 1604 Flor.
267 1575 291 1603 a
310 1564 338 1603 b
358 1575 381 1602 c
401 1562 478 1605 di.
519 1562 663 1615 Vulgo
692 1561 837 1601 minus
867 1560 1007 1600 Attice
1029 1557 1350 1614 διαπταμένη.
1391 1560 1519 1604 Vind.
1542 1561 1581 1603 Φ
1612 1558 1921 1616 διιπταμένη.

132 1619 238 1660 Dein
259 1611 416 1672 αὐτὴν
435 1617 556 1661 Bodl.

249 1674 354 1718 νῦν
376 1667 445 1728 δὴ
471 1670 741 1728 διῆλθες]
767 1666 831 1727 δή
853 1685 876 1713 e
897 1672 1020 1714 Bodl.
1042 1673 1249 1715 additum.

195 1813 428 1868 Cap.X1V.
449 1814 495 1857 Ρ.
510 1816 578 1857 70.
601 1806 823 1867 πολλὴν
845 1805 982 1854 ἀπι-

138 1870 308 1912 στίαν
330 1865 573 1924 παρέχει
604 1884 643 1912 τ.
668 1862 861 1924 ἀνθρ.,
883 1862 981 1923 μή,

139 1921 236 1981 ε’π.]
259 1927 402 1968 Habes
423 1927 785 1968 constructionem
809 1927 863 1967 ad
885 1938 983 1967 sen-

136 1996 233 2024 sum
281 1982 600 2024 conformatam.
661 1983 829 2023 Etenim
888 1995 985 2022 cum

136 2032 338 2082 ἀπιστία
367 2040 426 2080 ita
453 2031 630 2092 dicatur,
665 2045 714 2079 ut
742 2038 986 2079 adiunctam

137 2097 291 2137 habeat
330 2102 470 2137 metus
498 2108 547 2136 ac
577 2096 742 2136 timoris
772 2093 987 2148 significa-

136 2154 319 2204 tionem,
380 2154 502 2204 quasi
543 2153 703 2193 dictum
743 2151 796 2191 sit
833 2144 987 2191 πολὺν

140 2201 299 2262 φόβον
319 2204 534 2275 παρέχει,
557 2207 838 2248 subiiciuntur
857 2207 985 2271 haege

137 2257 221 2319 μή,
245 2257 397 2308 ε’πειδ.
420 2277 505 2305 απ.
529 2285 583 2293 -
605 2255 826 2317 οὐδαμοῦ
850 2257 920 2304 ἔτι
941 2277 986 2316 ῃ.

140 2321 274 2370 Quam
316 2320 523 2360 rationem
554 2320 702 2362 Graeci
742 2320 988 2370 neutiquam

138 2376 401 2430 refugerunt.
442 2376 552 2419 Xen.
597 2375 745 2429 Symp.
774 2375 888 2418 VIII.
933 2375 988 2417 34

141 2431 372 2474 δοκοῦσιν
426 2425 711 2474 ἀπιστοῦσιν
759 2424 986 2484 ἐοικέναι,

140 2483 203 2543 μὴ
225 2509 283 2519 ·—
303 2481 391 2530 οὐκ
413 2481 720 2530 ἀποτελῶσιν.
742 2487 985 2540 Plat.Hipp.

138 2545 240 2587 mai.
281 2557 326 2598 p.
356 2546 441 2587 300
466 2544 501 2584 D
543 2537 876 2597 ἐνθυμοῦμαι,
919 2536 983 2596 μὴ

138 2599 327 2670 παίζῃς,
347 2601 423 2641 ubi
441 2613 482 2641 v.
505 2608 650 2641 annot.
692 2599 806 2640 Infra
826 2600 936 2653 p.88
955 2600 985 2663 Q

143 2654 211 2705 εἰς
254 2655 482 2698 απιστίαν
522 2654 816 2710 καταβαλεῖν
837 2677 891 2684 -
919 2669 984 2708 μη

142 2706 344 2761 οὐδενὸς
365 2705 494 2764 ἄξιοι
517 2707 648 2766 εἶμεν
669 2710 843 2764 κριταί.
866 2714 987 2775 Inso-

140 2770 297 2810 lentius
320 2769 445 2809 etiam
501 2799 510 2809 .
534 2770 586 2810 91
609 2769 644 2809 D
665 2768 840 2808 diciturz
865 2759 989 2821 ἀδη-

142 2827 224 2867 λον
240 2823 401 2875 παντί,
422 2817 879 2879 μη-ἀπολλύηται,
903 2824 985 2864 De-

140 2882 242 2922 inde
263 2882 376 2933 quod
393 2881 747 2922 Heindorfius
768 2882 898 2922 verba
915 2872 992 2922 εὐ-

143 2931 242 2985 θὺς
274 2930 672 2991 ἀπαλλαττομένη
702 2937 990 2990 praecedenti-

142 2995 224 3034 bus
266 2993 482 3045 iungenda
522 3001 688 3041 censet,
726 2993 784 3033 ita
822 2999 869 3034 ut
908 2994 991 3033 ista

144 3046 228 3090 καὶ
249 3041 540 3102 ἐκβαίνουσα
562 3054 642 3092 etc.
672 3048 789 3088 aliud
818 3049 990 3090 ordian-

145 3114 213 3145 tur
233 3106 470 3146 membrum
498 3104 685 3157 periodi,
716 3104 769 3144 de
790 3116 840 3144 ea
860 3118 905 3144 re
927 3105 990 3145 fa-

146 3171 237 3202 teor
276 3173 345 3201 me
385 3173 481 3201 eum
518 3172 567 3200 eo
604 3160 842 3201 dissentire.
883 3161 990 3201 Nam

146 3217 250 3257 haec
290 3224 423 3258 certe:

148 3268 260 3327 σώμ.
285 3270 369 3315 καὶ
396 3267 689 3327 ἐκβαίνουσα
720 3272 835 3313 nullo
866 3273 991 3314 modo

148 3330 204 3370 ad
240 3329 432 3371 diversas
472 3335 613 3383 partes
652 3327 858 3370 trahenda
898 3341 993 3370 esse

149 3386 217 3426 vel
244 3386 350 3427 illud
381 3386 533 3426 docere
564 3385 744 3433 videtur,
774 3385 888 3450 quod
916 3396 993 3425 no-

150 3454 246 3483 men
268 3441 352 3485 τοῦ
375 3435 589 3496 σώματος
611 3447 652 3482 et
674 3435 826 3489 εὐθυς
848 3453 994 3481 neces-

487 3208 640 3264 εὐθὺς
682 3208 853 3259 ἀπαλλ.
904 3215 1022 3259 τοῦ·

1069 1813 1181 1854 sario
1204 1813 1258 1854 ad
1276 1806 1567 1867 ἐκβαίνουσα
1584 1814 1918 1881 iptellegpndum

1071 1875 1148 1913 est.
1191 1871 1340 1921 Itaque
1360 1871 1460 1911 inde
1481 1872 1534 1911 ab
1565 1871 1718 1919 ευθυς
1740 1872 1915 1914 απαλλ.

1071 1937 1182 1967 nova
1200 1925 1426 1967 inchoatur
1455 1927 1666 1967 sententia
1688 1927 1752 1968 vel
1779 1928 1922 1981 potius

1072 1993 1232 2023 novum
1268 1981 1469 2023 orationis
1503 1983 1763 2030 membrum;
1808 1984 1924 2036 quod

1073 2050 1171 2079 cum
1199 2046 1364 2091 repetat
1394 2039 1613 2092 superiora
1646 2039 1786 2091 iisque
1823 2040 1920 2080 illu-

1075 2095 1264 2136 strandis
1286 2095 1499 2145 inserviat,
1520 2107 1607 2136 non
1628 2107 1736 2149 opus
1757 2095 1850 2147 fuit,
1873 2102 1920 2136 ut

1073 2149 1163 2192 καί
1186 2152 1239 2192 ab
1267 2151 1386 2191 initio
1417 2152 1770 2204 praemitteretur.
1803 2165 1846 2195 V.
1869 2153 1925 2193 ad

1073 2220 1117 2260 Ρ.
1142 2207 1196 2247 68
1215 2207 1264 2250 Ε.
1291 2207 1487 2248 Ceterum
1511 2201 1695 2256 εὐθὺς
1718 2200 1870 2249 ἀπαλ
1884 2209 1924 2250 λ.

1076 2270 1140 2303 est
1161 2263 1343 2303 statim
1369 2270 1422 2302 ut
1452 2263 1702 2306 discedit.
1744 2264 1859 2304 Infra
1878 2277 1923 2317 p.

1075 2319 1129 2360 75
1149 2318 1182 2359 Β
1224 2312 1473 2373 γενόμενοι
1506 2311 1660 2368 εὐθὺς
1690 2311 1922 2374 ἑωρῶμεν.

1072 2375 1176 2417 Ibid.
1202 2373 1232 2415 C
1260 2367 1576 2428 ἠπιστάμεθα
1597 2397 1651 2405 -
1681 2395 1738 2405 --·
1767 2369 1923 2424 εὐθὺς

1075 2423 1337 2485 γενόμενοι.
1367 2431 1577 2473 Advertes
1600 2431 1725 2472 etiam
1746 2432 1924 2485 partici-

1072 2488 1241 2541 piorum
1264 2487 1607 2537 cumulationem,
1630 2480 1923 2542 ἐκβαίνουσα

1073 2565 1127 2572 -
1151 2538 1566 2609 διασκεδασθεῖσα
1597 2541 1788 2598 οἴχηται
1819 2542 1926 2585 δια·

1075 2611 1309 2653 πτομενη,
1352 2611 1462 2650 quae
1501 2609 1646 2640 tamen
1685 2612 1771 2640 non
1810 2606 1926 2641 caret

1074 2656 1229 2695 idonea
1249 2655 1426 2695 ratione.

1131 2711 1178 2751 B.
1231 2704 1332 2752 οὐκ
1393 2703 1595 2766 ὀλίγης
1653 2724 1927 2766 παραμυ·

1074 2766 1217 2816 θίας
1248 2765 1461 2819 δεῖται]
1501 2767 1744 2821 „Graecum
1772 2781 1927 2822 παρα-

1077 2822 1239 2877 μυθία
1279 2835 1362 2863 nou
1404 2823 1542 2864 solum
1586 2831 1650 2865 est
1691 2825 1925 2866 consolatio

1077 2880 1220 2931 animi,
1242 2880 1320 2920 sed
1339 2879 1466 2920 etiam
1485 2880 1630 2921 iudicii
1646 2880 1923 2932 confirmatio,

1078 2949 1163 2988 qua
1185 2936 1399 2977 sententia
1430 2935 1615 2978 difficilis
1638 2942 1678 2977 et
1698 2936 1927 2977 incredibi-

1076 2993 1128 3033 lis
1169 2992 1225 3033 ad
1262 2991 1601 3045 probabilitatem
1643 2990 1923 3045 explicatur.“

1077 3048 1389 3099 WYTTENB.,
1432 3059 1556 3100 quem
1595 3049 1682 3092 vid.
1723 3048 1778 3088 ad
1816 3047 1857 3089 h.
1895 3047 1925 3088 l.

1078 3105 1244 3158 Quippe
1284 3105 1443 3145 indicat
1482 3104 1586 3144 haec
1625 3114 1712 3145 vox
1749 3102 1923 3157 proprie

1080 3173 1171 3201 eam
1210 3161 1299 3200 vim
1340 3161 1557 3211 orationis,
1601 3171 1709 3211 quae
1749 3159 1925 3200 affectus

1077 3216 1298 3257 hominum
1318 3215 1610 3270 componendo
1626 3217 1814 3269 ipsorum
1833 3215 1926 3254 ani-

1078 3284 1170 3315 mos
1190 3273 1442 3325 tranquillos
1460 3273 1614 3324 reddit,
1630 3272 1777 3322 flectit,
1802 3271 1924 3323 regit.

1078 3329 1140 3370 De
1159 3330 1266 3382 Rep.
1288 3330 1341 3373 V.
1366 3342 1408 3383 p.
1433 3329 1516 3371 476
1537 3328 1585 3372 E.
1604 3327 1920 3371 Muret.Varr.

1079 3385 1196 3429 Leet.
1217 3387 1269 3426 ΙΙ.
1291 3387 1331 3428 4.
1379 3385 1573 3426 Ceterum
1600 3384 1782 3425 tenenda
1811 3382 1924 3421 notio

1079 3441 1658 3494 immortalitatisPlatonica,
1690 3450 1796 3491 quae
1825 3447 1924 3491 pro-
