2222 3762
303 121 704 178 PLATONIS
742 121 1227 178 APOLOGIAM
1263 120 1664 179 SOGRATIS.
1793 128 1822 177 7

132 263 364 334 ideoque
423 263 602 316 animo
663 282 846 316 secum
902 271 1156 334 reputare
1213 263 1493 334 coepisse,
1557 264 1824 336 quaenam

130 334 478 389 tandem-:dei
515 335 784 387 sententia
821 343 978 388 esset.
1044 334 1299 397 ,Tandem
1325 353 1454 388 vero
1493 354 1553 390 se
1590 336 1661 390 ad
1696 337 1821 392 illos

118 402 458 472 accessisse,
514 405 609 473 qui
647 412 703 458 et
740 406 843 458 sibi
883 414 938 459 et
978 406 1105 460 aliis-
1131 406 1236 471 yisi
1273 406 1381 459 sint
1415 408 1820 478 sapientissimi,

118 477 243 530 -hoc
275 484 359 530 est
393 476 463 529 ad
499 477 647 529 viros
681 477 897 544 civileS,
950 477 1020 530 ad
1056 485 1276 549 poetas,
1328 475 1398 529 ad
1424 479 1689 549 opifices,
1729 498 1822 532 eo-

127 567 354 617 rumque
403 547 720 616 sapientiam
767 548 1037 602 institutis
1087 566 1206 602 cum
1249 548 1316 601 iis
1352 550 1693 604 sermonibus
1730 569 1823 603 ex-

127 619 344 688 plorare
383 628 638 671 conatum
677 637 810 672 esse.
861 620 949 673 Ibi
976 639 1105 683 vero
1129 618 1394 673 accidisse
1424 620 1522 688 sic,
1563 628 1625 674 ut
1663 640 1824 691 quam

118 709 267 742 *vana
313 698 459 743 esset
505 690 732 742 istorum
778 690 1054 744 hominum
1081 723 1083 726 -
1110 691 1348 744 omnium
1396 692 1664 762 sapientia
1699 712 1822 763 per-

128 762 398 830 spexerit,
451 761 544 830 qui
594 781 759 829 quum
809 762 913 815 sibi
962 763 1156 815 mirum
1195 769 1456 831 quantum
1495 782 1683 834 sapere
1717 764 1823 818 visi

128 832 255 899 sint,
295 839 479 885 tamen
516 851 708 884 revera
730 832 1159 904 insipientissimi
1179 833 1404 897 fuerint3
1442 833 1676 903 ideoque
1700 854 1821 888 sese

126 902 478 970 intellexisse,
517 903 792 972 aliquanto
827 905 1102 957 meliorem
1139 923 1257 957 esse
1296 923 1448 957 suam
1482 905 1654 976 ipsius
1692 926 1821 960 con-

127 973 416 1041 ditionem,
450 975 543 1044 qui
582 992 640 1028 se
679 974 782 1028 hoc
818 995 985 1027 unum
1022 976 1160 1028 scire
1199 975 1457 1042 senserit,
1499 977 1646 1044 quod
1684 978 1846 1032 nihil'

127 1045 307 1098 sciret.
381 1046 575 1114 Itaque
628 1043 789 1096 deum
837 1045 1167 1115 Delphicum
1192 1046 1295 1097 ait
1340 1045 1445 1098 sibi
1487 1048 1662 1100 visum
1686 1067 1820 1102 esse

115 1115 231 1168 >hoc
278 1115 708 1189 significavisse,
748 1115 1038 1168 humanam
1075 1115 1400 1186 sapientiam
1436 1136 1626 1170 revera
1662 1119 1820 1176 nihili

122 1185 425 1240 faciendam
473 1205 619 1254 esse,
677 1206 908 1256 eumque
958 1187 1073 1239 iure
1110 1186 1570 1257 sapientissimum
1608 1189 1817 1260 haberi,

123 1258 245 1325 qui,
295 1258 456 1311 sicuti
507 1257 795 1325 Socrates,
849 1278 1010 1327 quam
1058 1277 1121 1311 ea
1156 1259 1279 1312 vilis
1315 1266 1409 1311 aut
1445 1259 1630 1330 potius
1669 1261 1820 1318 nulla

121 1336 299 1391 esset,
349 1329 488 1382 bene
537 1339 888 1400 perspectum
941 1330 1179 1383 haberet.
1269 1330 1386 1382 Iam
1436 1347 1565 1384 vero
1604 1351 1671 1384 ex
1711 1333 1820 1386 ista

119 1399 399 1455 hominum
435 1419 578 1453 vana
615 1400 917 1470 sapientiae
967 1401 1224 1471 opinione
1275 1401 1589 1455 inflatorum
1634 1404 1818 1476 explo-

119 1471 329 1525 ratione
368 1478 532 1541 atque
571 1473 941 1525 confutatione
979 1473 1083 1526 sibi
1107 1480 1292 1525 narrat
1326 1481 1544 1527 exortas
1583 1493 1706 1530 esse
1745 1476 1818 1530 si-

118 1543 373 1596 multates
408 1551 463 1595 et
498 1543 809 1599 inimicitias
842 1544 1006 1615 longe
1046 1545 1420 1615 gravissima83
1460 1553 1648 1602 natum
1685 1547 1818 1601 item

119 1613 319 1667 exinde
356 1614 433 1666 ait
468 1633 666 1667 nomen
702 1615 965 1685 sapientis
1011 1615 1278 1670 invidiose
1328 1616 1433 1671 sibi
1478 1617 1815 1673 attributum.

118 1684 492 1738 Nihilominus
532 1693 711 1746 autem
748 1706 866 1739 sese
904 1687 1106 1739 fatetur
1153 1707 1302 1741 nunc
1353 1706 1571 1757 quoque
1619 1709 1816 1761 perpe-

119 1764 218 1810 tuo
248 1755 330 1810 ¹id
380 1776 575 1828 agere,
625 1768 688 1810 ut
741 1756 830 1810 dei
880 1758 1182 1812 sententiae
1226 1759 1611 1816 obsecundans
1678 1760 1814 1816 alios

123 1846 262 1880 vana
286 1828 599 1898 *sapientiae
637 1829 891 1900 opinione
928 1830 1166 1900 repletos
1186 1830 1505 1884 inscientiae
1534 1841 1814 1904 coarguat.

117 1896 292 1952 Cuius
329 1899 410 1952 rei
445 1900 703 1969 quoniam
739 1901 941 1955 multos
975 1900 1353 1956 adolescentes
1393 1922 1504 1956 non
1535 1902 1700 1957 modo
1735 1911 1815 1958 te·-

116 1976 229 2023 stes
279 1989 343 2024 ac
391 1979 760 2041 spectatores,
824 1992 1012 2028 verum
1062 1974 1225 2026 etiam
1273 1973 1574 2027 imitatores
1620 1982 1812 2030 nactus

115 2041 218 2110 sit,
268 2041 397 2095 inde
445 2042 614 2114 vulgo
667 2044 744 2096 ita
791 2044 911 2099 fieri
947 2044 1271 2112 arbitratur,
1321 2052 1385 2101 ut
1433 2045 1811 2100 adolescentes

116 2131 150 2164 a
199 2131 258 2166 se
302 2113 466 2184 impie
511 2116 784 2186 corrumpi
833 2115 1165 2168 dictitentur.
1241 2115 1455 2183 Quodsi
1502 2123 1686 2170 tamen
1724 2137 1808 2171 ca-

115 2183 468 2238 lumniatores
513 2185 607 2237 isti
654 2187 1092 2256 interrogentur,
1153 2187 1415 2256 quidnam
1462 2187 1684 2241 tandem
1742 2189 1813 2242 sit

119 2253 269 2322 quod
305 2253 502 2308 doceat
539 2255 794 2311 Socrates
834 2264 889 2309 et
927 2277 1034 2326 quo
1072 2269 1182 2310 tam
1225 2258 1427 2311 nefarie
1465 2266 1677 2327 peccet,
1717 2278 1810 2313 eos

116 2324 256 2377 nihil
290 2324 439 2383 aliud
475 2327 553 2379 ait
587 2328 830 2398 proferre
868 2328 1041 2381 solere
1079 2329 1183 2382 nisi
1207 2330 1431 2400 vulgare
1451 2329 1588 2381 illud
1610 2348 1811 2401 oppro-

116 2395 325 2464 brium,
377 2397 526 2466 quod
564 2398 622 2451 in
658 2419 844 2453 omnes
881 2398 1238 2471 philosophos
1286 2400 1481 2453 coniici
1515 2419 1811 2455 consueve—

117 2467 207 2533 rit,
241 2469 475 2520 >scrutari
511 2469 689 2539 ipsum
725 2489 812 2523 res
853 2470 1120 2524 coelestes
1159 2479 1326 2541 atque
1367 2472 1590 2538 inferas,
1630 2472 1808 2527 nullos

115 2537 248 2592 deos
298 2546 568 2608 statuere,
619 2550 675 2594 et
729 2561 979 2596 caussam
1028 2543 1364 2612 superiorem
1413 2542 1648 2596 dicendo
1685 2544 1809 2597 red-

47 2658 54 2663 e
115 2609 246 2662 dere
299 2609 606 2664 inferiorem
645 2613 722 2685 (p.
763 2614 849 2666 20.
890 2611 954 2666 C.
992 2645 1060 2652 —-
1102 2615 1186 2667 24.
1226 2615 1343 2684 A.)
1381 2645 1454 2654 —-
1523 2614 1642 2667 Iam
1678 2634 1807 2669 vero

114 2700 187 2732 >ex
233 2680 692 2737 clandestinorum
736 2685 952 2738 illorum
1000 2685 1448 2744 calumniatorum
1484 2686 1645 2740 turba
1680 2706 1807 2758 pro-

118 2751 284 2806 diisse
323 2753 456 2806 dicit
493 2755 655 2807 etiam
692 2763 1040 2810 accusatores
1063 2757 1201 2811 istos
1223 2757 1491 2828 publicOS,
1532 2757 1627 2826 qui
1663 2777 1808 2812 nunc

116 2824 266 2876 litem
305 2824 411 2878 sibi
445 2826 808 2894 intenderint,
846 2828 1140 2897 Meletum,
1180 2829 1464 2900 Anytum,
1503 2826 1805 2898 Lyconem,

117 2902 310 2949 contra
364 2915 504 2963 quos
553 2897 659 2951 sibi
705 2898 946 2952 secundo
995 2900 1117 2953 loco
1157 2899 1446 2957 dicendum
1496 2900 1805 2954 arbitratur.

116 2966 332 3020 Recitat
365 2966 534 3037 igitur
572 2968 800 3025 iuratam
839 2971 950 3023 litis
986 2971 1274 3026 formulam
1329 2971 1395 3026 ab
1432 2970 1537 3023 illis
1575 2989 1807 3042 concep·

116 3045 228 3090 tam
277 3038 445 3091 hanc:
496 3038 851 3095 Socratem
900 3042 1165 3096 iniuste
1204 3044 1465 3111 facere,
1519 3042 1702 3112 quod
1739 3050 1807 3096 et

119 3107 616 3164 adolescentes
665 3121 1205 3184 corrumpat,*et
1254 3114 1422 3168 deos
1473 3113 1804 3184 publicos

119 3199 255 3232 non
307 3188 582 3235 statuat
634 3182 754 3236 sed
804 3185 945 3237 alia
994 3184 1354 3240 daemonia
1400 3204 1591 3239 nova.
1677 3184 1803 3252 Quo

117 3249 262 3305 facto
339 3252 533 3305 riorem
571 3256 934 3309 accusationis
988 3264 1196 3325 partem
1247 3258 1325 3311 sic
1364 3255 1608 3310 refellere
1645 3255 1802 3309 insti-

117 3321 236 3376 tuit.
371 3324 540 3378 escire
593 3325 732 3377 enim
782 3326 1021 3380 ostendit
1068 3328 1286 3382 omnino
1333 3329 1626 3393 Meletum,
1685 3326 1801 3396 qui-
