2158 3718
740 0 854 25 μὴμὴ-
869 0 951 25 -ᾙγ>
978 0 1051 23 νὺν·
1110 0 1200 25 *„»''‘'
1234 0 1281 10 -·
1376 0 1397 20 ¹,
1427 5 1430 10 ·
1480 0 1534 18 >rw
1571 0 1664 29 .··“Ᾰ
1717 0 1736 17 ,ιι

821 27 845 41 ’.γ
911 35 913 37 ,
973 35 975 38 ,
1074 22 1078 28 ”
1155 26 1158 28 “
1203 26 1205 29 ’
1283 32 1285 39 s

269 98 382 153 304
425 91 451 97 ⁵*
995 98 1322 144 PLATONIS

272 257 338 307 γε
373 236 410 308 ἢ
446 239 663 308 γέλωτα
701 237 975 310 ὀφλήσειν
1013 236 1143 309 παρ’
1189 231 1430 310 ἐμαυτῷ,
1468 239 1798 309 γλιχόμενος
1833 242 1936 294 τοῦ
1962 244 2061 311 ζῆν

271 323 368 376 καὶ
424 324 759 394 φειδόμενος
817 320 1052 386 οὐδενὸς
1108 323 1188 376 ἔτι
1245 323 1488 387 ἐνόντος.
1567 321 1695 377 ἀλλ’
1752 327 1867 394 ἴθι,
1930 325 2060 395 ἔφη,

273 411 452 461 πιθοῦ
492 409 583 462 καὶ
623 406 697 478 μὴ
736 406 920 471 ἄλλως
957 409 1121 460 ποίει.
1835 441 1837 443 >

415 495 529 561 Cap.
559 496 720 547 LXVI.
790 494 900 545 Καὶ
938 489 967 544 6
1006 493 1234 561 Κρίτων
1272 490 1517 557 οἰκούσας
1554 496 1751 548 ἔνευσε
1788 496 1866 564 τῷ
1903 492 2062 546 παιδὶ

271 575 513 646 πλησίον
551 577 763 632 ἑστῶτι.
817 577 911 648 καὶ
950 573 979 629 6
1018 575 1148 639 παῖς
1187 575 1436 640 ἐξελθών
1474 579 1567 632 καὶ
1600 575 1814 647 συχνὸν
1852 577 2062 647 χρόνον

273 651 568 732 διατρίψας
613 654 750 730 ἧκεν
797 658 952 730 ἄγων
997 658 1098 714 τὸν
1142 662 1419 730 μέλλοντα
1466 662 1688 716 διδόναι
1733 660 1796 716 τὸ
1835 661 2060 731 φάρμα-

269 765 403 814 κον,
454 746 518 799 ἐν
566 745 757 799 κύλικι
804 747 1051 816 φέροντα
1098 746 1480 816 τετριμμένον.
1558 745 1697 800 ίδών
1744 746 1807 800 δὲ
1854 744 1883 800 6
1934 750 2063 801 Σω-

270 829 478 899 κράτης
524 827 624 884 τὸν
672 828 1012 900 ἄνθρωπον,
1062 826 1200 884 Εἶεν
1239 832 1376 900 ἔφη,
1431 824 1477 883 [ὅ
1513 830 1792 899 βέλτιστε,
1841 829 1914 884 σύ
1951 828 2060 900 γὰρ

267 914 489 967 τούτων
530 915 882 985 ἐπιστήμων,
920 918 979 968 τί
1011 913 1115 986 χρὴ
1156 924 1367 980 ποιεῖν;
1420 913 1607 968 Οὐδὲν
1645 913 1813 983 ἄλλο,
1854 916 1989 983 ἔφη,
2026 913 2063 982 ἢ

392 1073 438 1113 Ρ.
464 1075 558 1117 117.
594 1069 680 1115 ἔτι
708 1067 967 1128 ἐνόντος]
997 1064 1136 1122 ὄντος
1157 1075 1268 1114 Ven.
1293 1087 1366 1122 c...
1333 1074 1372 1106 '›·-·'
1389 1074 1483 1116 Par.
1507 1073 1539 1113 L
1567 1074 1678 1114 Flor.
1703 1085 1725 1112 c
1754 1073 1851 1114 Bas.
1875 1074 1917 1117 2.
1957 1072 2062 1112 Dein

269 1141 346 1182 pro
370 1130 486 1184 vulg.
510 1129 692 1172 πείθου
715 1131 836 1172 Bodl.
861 1132 971 1173 Ven.
998 1130 1196 1174 HVind
1213 1130 1366 1172 YZitt.
1391 1129 1546 1171 πιθοῦ
1569 1130 1916 1183 suppeditarunt,
1947 1130 2062 1181 quod

267 1186 524 1228 Turicenses
554 1199 640 1227 non
672 1188 883 1227 debebant
912 1194 1127 1238 tamquam
1157 1187 1340 1227 alienum
1370 1199 1395 1226 a
1422 1188 1632 1239 pedestris
1656 1187 1859 1226 orationis
1883 1197 2062 1226 consue·
2102 1222 2105 1223 τ

268 1243 418 1283 tudine
443 1244 689 1297 repudiare.
718 1257 759 1286 v,
794 1243 937 1284 Cobet.
966 1244 1022 1284 ad
1051 1244 1161 1285 Orat.
1193 1245 1246 1284 de
1277 1250 1367 1283 arte
1395 1242 1698 1296 interpretandi
1727 1255 1768 1296 p.
1794 1244 1850 1284 95
1871 1255 1936 1295 sq.
1965 1241 2060 1282 coll.

268 1299 400 1342 Arist.
423 1300 533 1343 Plut
556 1303 650 1341 103.
683 1300 824 1341 Nubb.
847 1301 916 1343 87.
951 1301 1059 1343 Ανν.
1083 1301 1179 1343 662.
1212 1301 1346 1353 Vesp.
1366 1301 1464 1341 728.

383 1369 487 1422 Cap.
508 1370 661 1414 LXVI.
703 1368 1041 1424 διατρίψας]
1088 1364 1407 1435 ἐνδιατρίψας
1438 1369 1565 1410 Coisl.
1593 1369 1686 1408 Par.
1711 1367 1746 1409 G
1774 1369 1885 1410 Flor.
1910 1369 1938 1409 d
1967 1373 2007 1408 et
2036 1381 2061 1409 a

267 1437 397 1466 manu
426 1439 514 1468 see.
544 1427 641 1467 Vat.
686 1428 794 1467 Tum
823 1439 901 1480 pro
930 1427 1046 1479 vulg.
1078 1420 1249 1469 δώσειν
1286 1435 1397 1466 ieete
1435 1418 1631 1466 διδόναι
1661 1426 1784 1466 Bodl.
1813 1425 1920 1466 Tub.
1951 1425 2060 1466 Ven.

266 1483 316 1524 Π
334 1483 446 1525 Flor.
471 1496 495 1524 a
517 1497 538 1523 c
558 1495 602 1523 m
626 1490 664 1523 et
685 1495 817 1536 marg.
842 1484 941 1523 Par.
965 1481 1009 1531 C,
1034 1491 1079 1523 ut
1100 1485 1182 1523 iam
1207 1483 1302 1526 Bas.
1328 1485 1352 1523 2
1375 1482 1514 1524 habet.

268 1625 463 1664 debere
485 1624 551 1665 vel
573 1624 693 1663 aliis
717 1623 784 1664 vel
813 1624 928 1667 sibi.
970 1625 1119 1675 ltaque

269 1693 429 1749 propme
444 1693 622 1721 necesse
663 1687 763 1732 erat,
807 1687 852 1720 ut
891 1680 1119 1720 adderetur

266 1730 384 1790 παρ’
408 1730 612 1794 εμαυτῷ,
647 1736 688 1780 h.
714 1750 751 1777 e.
783 1737 956 1777 animo
986 1749 1115 1777 meo.

266 1793 357 1842 Quo
393 1794 505 1834 facto
543 1779 815 1833 manifestum
856 1799 919 1833 est
947 1801 1118 1833 senten-

264 1850 366 1889 tiam
397 1863 491 1890 esse
519 1849 649 1890 hano:
678 1858 804 1902 puto
835 1862 911 1889 me
940 1851 1119 1890 cicuta

266 1907 445 1959 paullo
469 1914 592 1959 post
622 1907 850 1946 bibenda
880 1906 1012 1946 nihil
1032 1906 1116 1945 lu-

261 1964 405 2003 crari
444 1963 592 2009 aliud
629 1963 736 2002 nisi
772 1963 889 2015 hoe,
931 1971 988 2003 ut
1027 1963 1116 2002 mi-

265 2017 431 2060 himet
469 2020 574 2073 ipsi
615 2020 884 2060 ridiculus
917 2020 1114 2060 videar.

322 2076 367 2116 P.
380 2078 476 2117 117.
500 2075 683 2117 πιθοῦ
706 2072 805 2117 καὶ
832 2069 902 2129 μὴ
931 2067 1115 2123 ἄλλως

261 2129 445 2187 ποίει]
468 2145 507 2175 v.
521 2133 671 2185 Remp
691 2134 723 2175 I.
742 2146 784 2186 p.
798 2134 940 2174 328Α.
956 2131 1114 2174 Criton.

265 2201 307 2241 p.
321 2190 429 2230 45A.
441 2202 482 2241 p.
494 2189 606 2229 46A.
622 2188 748 2229 Laeh.
760 2201 802 2241 p
818 2187 996 2233 181031
1009 2190 1113 2228 Ver-

260 2246 328 2284 bis
351 2239 641 2310 φειδόμενος
664 2237 905 2292 οὖδενός’
889 2241 959 2286 ε’τι
982 2238 1113 2286 ἐνόν-

263 2314 342 2349 τος
364 2303 591 2354 respicitm
612 2303 665 2342 ad
693 2315 861 2343 versum
884 2303 982 2344 Hes.
1009 2301 1113 2354 Opp

264 2366 304 2398 et
320 2358 370 2401 D.
389 2359 471 2398 367
489 2351 693 2425 μεσσόθι
712 2356 994 2423 φείδεσθαι,
1019 2356 1116 2398 ὁει-

265 2407 321 2466 λὴ
347 2407 396 2455 δ’
420 2408 492 2456 ε’νὶ
514 2411 732 2468 πυθμένι
755 2408 925 2467 φειδώ
966 2414 1113 2456 Seneo

263 2471 401 2524 Epist.
429 2472 451 2510 1
485 2471 591 2511 Nam
621 2477 666 2511 ut
694 2473 823 2511 visum
853 2478 918 2512 est
945 2471 1116 2512 maiori-

264 2527 339 2567 bus
383 2531 566 2568 nostr-1⁰:5⁸
617 2527 728 2568 Sera
768 2530 1035 2580 parsimonia
1072 2528 1116 2567 in

259 2583 395 2633 fundo
426 2591 505 2628 est,
567 2584 713 2633 Itaque
754 2596 884 2624 causa
924 2591 1113 2637 apparet,

261 2651 335 2679 cur
377 2633 567 2687 ἐνόντος
602 2641 832 2679 tenendum
872 2641 949 2704 Sit’.
999 2640 1111 2703 quod

261 2695 686 2736 Heindorfius
735 2697 893 2747 aliique
941 2697 982 2735 iu
1034 2687 1111 2735 όν-

261 2763 339 2799 τος
379 2758 609 2794 mutarunt.
662 2752 826 2791 Mireris
867 2764 967 2790 vero
1010 2764 1112 2790 acu-

262 2819 358 2846 men
409 2819 578 2858 eorum,
630 2808 702 2857 qui
752 2808 994 2860 nuperrime
1037 2819 1109 2845 ne-

254 2870 413 2916 garunt
452 2864 603 2903 fundi
647 2865 1004 2915 comparationem
1045 2862 1113 2901 hic

262 2931 358 2959 esse
409 2926 568 2972 aptam.
621 2919 828 2959 Nimirum
879 2932 962 2959 uon
1015 2932 1111 2958 cum

261 2975 392 3017 fundo
434 2976 668 3016 instituitur
710 2978 990 3028 comparatio,
1034 2976 1108 3015 sed

259 3044 358 3071 cum
389 3032 672 3085 parsimonia,
705 3045 811 3083 quae
843 3034 1005 3071 orditur
1035 3033 1107 3072 de-

260 3101 388 3136 mum,
412 3102 508 3128 cum
529 3101 632 3142 opes
654 3090 737 3128 iam
760 3089 813 3129 ad
836 3089 1012 3128 fundum
1039 3102 1108 3129 us—

256 3159 343 3196 que
365 3145 598 3186 exhaustae
620 3154 736 3185 sunt.
778 3147 923 3195 Itaque
947 3145 1024 3185 hoc
1046 3146 1107 3186 di-

260 3203 315 3241 cit
337 3202 532 3242 Socrates
562 3203 602 3242 in
632 3203 726 3256 ipso
757 3203 903 3242 mortis
932 3202 1106 3242 articulo

259 3257 397 3298 adhuc
438 3260 624 3299 suaviter
665 3266 705 3298 et
740 3260 899 3298 urbane
939 3259 1105 3298 iocans:

260 3316 350 3365 qui
370 3316 468 3355 iam
493 3315 743 3369 temporis
774 3327 962 3368 parcus
987 3328 1106 3354 esse

259 3372 437 3421 velim,
471 3385 583 3411 eum
615 3372 811 3412 nullum
845 3371 957 3411 fere
979 3371 1105 3411 mihi

255 3428 324 3468 ad
364 3429 649 3470 vivendum
691 3428 940 3483 supersit.
984 3427 1102 3468 Cete-

385 3611 402 3634 ’.Ἴ

1206 1636 1300 1664 rum
1341 1618 1495 1666 ἔνεστι
1537 1622 1728 1663 absolute
1767 1622 1970 1676 positum,
2013 1629 2060 1664 ut

1207 1679 1345 1722 Germ.
1375 1680 1600 1720 drinnen
1635 1680 1778 1729 sein,
1808 1679 1911 1719 nihil
1932 1679 2060 1720 habet

1206 1737 1470 1778 insolentiae

1265 1792 1366 1846 Cap.
1396 1792 1548 1835 LXVI
1621 1787 1785 1842 Εἶεν,
1838 1787 1971 1858 ἔφη,
2024 1780 2059 1834 ὦ

1207 1848 1267 1904 st]
1311 1850 1434 1897 Quod
1474 1849 1818 1889 Heindorfius
1861 1851 1920 1889 ait
1961 1843 2059 1891 εἶεν

1208 1907 1346 1947 ubivis
1386 1906 1542 1945 habere
1569 1907 1653 1945 vim
1692 1906 1906 1956 quandam
1934 1917 2057 1959 pro-

1207 1963 1387 2011 bandi,
1419 1962 1463 2001 id
1493 1974 1572 2002 nos
1600 1962 1770 2013 quidem
1792 1974 1939 2002 verum
1962 1974 2060 2004 esse

1205 2017 1321 2059 haud
1351 2026 1598 2058 cunctanter
1628 2027 1848 2071 negamus.
1877 2031 1918 2059 v.
1939 2019 1995 2058 ad
2014 2031 2057 2072 p.

1204 2077 1257 2116 95
1281 2074 1332 2115 A.
1374 2075 1585 2116 Videlicet
1620 2075 1883 2128 probandi
1924 2075 2058 2128 signi·

1202 2133 1342 2171 ficatio
1375 2143 1460 2171 non
1489 2132 1573 2185 ipsi
1602 2131 1779 2172 voculae
1807 2131 1939 2182 inest,
1981 2131 2059 2172 sed

1202 2188 1424 2242 proximae
1453 2188 1595 2239 potius
1625 2188 1857 2228 sententiae
1877 2187 1945 2228 vel
1969 2187 2059 2228 dis--

1201 2244 1432 2298 putationis
1455 2245 1739 2296 conversioni,
1762 2252 1807 2284 ut
1821 2243 1864 2284 h.
1883 2243 1911 2284 l.
1942 2244 2060 2284 Ube-

1203 2302 1292 2341 rius
1324 2302 1376 2341 de
1403 2301 1481 2340 hac
1511 2313 1555 2340 re
1583 2301 1741 2342 dictum
1772 2309 1837 2341 est
1867 2301 1920 2340 ad
1946 2300 2056 2340 Men.

1203 2371 1246 2411 p.
1276 2357 1398 2399 750.
1433 2357 1558 2410 Goig.
1586 2371 1628 2410 p.
1651 2357 1809 2398 4721).
1840 2369 1883 2410 Ρ.
1904 2356 2056 2397 4660.

1204 2415 1330 2468 Apol.
1353 2427 1395 2467 p.
1418 2415 1537 2455 19A
1572 2413 1718 2466 Symp.
1742 2426 1786 2466 p.
1805 2413 1952 2456 213Ε.
1973 2413 2057 2453 De-

1204 2472 1303 2510 inde
1343 2471 1666 2539 piaemittuutur
1702 2471 1831 2510 verba
1871 2464 1928 2511 σὺ
1966 2462 2056 2523 γὰρ

1203 2523 1383 2568 τούτων
1424 2520 1718 2580 ἐπιστήμων,
1769 2527 1868 2577 quia
1908 2525 2058 2566 Graeci

1203 2596 1295 2623 eam
1332 2585 1568 2623 sententiae
1600 2590 1774 2636 partem,
1811 2594 1922 2633 quae
1957 2593 2056 2621 cau-

1200 2653 1290 2679 sam
1312 2640 1482 2688 indicat,
1507 2652 1635 2690 quare
1656 2638 1818 2701 aliquid
1839 2637 1931 2677 fieii
1953 2638 2058 2677 dici-

1199 2705 1280 2741 tui,
1311 2695 1454 2734 addita
1482 2696 1689 2747 particula
1717 2707 1805 2748 γαρ
1836 2695 1953 2747 prius
1985 2706 2053 2734 so-

1199 2753 1285 2791 lent
1307 2752 1541 2799 enuntiue,
1562 2763 1689 2802 quam
1706 2752 1843 2803 ipsam
1866 2763 1954 2789 iem

1200 2815 1395 2850 sueiunt.
1435 2808 1591 2847 Aesch.
1629 2807 1779 2871 Agam
1820 2807 1928 2847 1069
1962 2763 2053 2871 ἐγὼ

1201 2856 1249 2903 δ’
1255 2857 1576 2916 ,ἐποικτείρω
1607 2877 1711 2917 γαρ,
1744 2855 1800 2903 οὗ
1831 2856 2052 2917 θυμώσο-

1199 2933 1301 2973 μαι.
1353 2922 1484 2962 Aiist.
1518 2920 1656 2962 Nubb.
1687 2919 1756 2962 87.
1810 2920 1918 2961 Avv.
1953 2921 2051 2962 662.

1196 2977 1374 3029 Lysist1.
1411 2978 1509 3018 485.
1543 2978 1641 3016 Eur.
1681 2975 1839 3018 Phoen.
1876 2978 1974 3028 371,
1998 2975 2054 3015 ad

1196 3045 1321 3084 quem
1351 3033 1490 3072 locum
1521 3033 1809 3072 consulendus
1843 3030 1894 3073 A.
1925 3033 2053 3071 M-at

1197 3090 1350 3132 thiae.
1383 3090 1490 3132 Plat.
1527 3089 1674 3142 Symp.
1713 3101 1754 3141 p.
1789 3089 1869 3129 175
1901 3088 1932 3129 C
1967 3080 2051 3128 τὸν

1197 3135 1284 3187 οὖν
1329 3139 1598 3200 Ἀγάθωνα,
1650 3157 1911 3199 τυγχανειν
1934 3137 2049 3208 γὰρ

1196 3198 1397 3255 ε’σχατον
1469 3200 1815 3266 κατακείμενον
1883 3193 2048 3253 μόνον,

1195 3252 1331 3325 δεῦρ’
1383 3255 1476 3328 ἔφη
1534 3271 1714 3323 φαναι,
1778 3251 2047 3308 Σώκρατες,

1194 3329 1290 3368 παρ
1342 3309 1423 3370 ἔμε
1451 3325 1721 3356 κατακεισο.
1763 3313 1969 3363 Piorsus,
2001 3318 2048 3351 ut

1193 3371 1274 3411 hoc
1310 3372 1413 3420 loeo,
1451 3372 1556 3414 ibid
1576 3384 1630 3436 p.
1664 3370 1746 3411 204
1771 3369 1800 3409 C
1836 3366 1920 3410 καὶ
1957 3343 2007 3422 ἔγ
2012 3361 2046 3408 ὠ

1196 3423 1347 3482 εἷπον,
1391 3423 1489 3470 εἷεν
1525 3421 1602 3482 δή,
1647 3414 1681 3468 ὦ
1724 3421 1853 3479 ξένη,
1891 3382 2046 3472 καλῶς
