2158 3718
312 125 354 161 X
918 123 1370 163 PROLEGOMENA

313 249 580 313 venirem3
621 250 718 305 sed
753 251 859 305 vin'
900 258 958 303 tu
994 268 1223 316 mecum,
1261 269 1564 322 quanquam
1599 269 1707 305 non
1741 251 2013 317 invitatus,

313 320 385 373 ad
421 320 536 375 eius
575 336 799 375 coenam
834 322 1055 375 venire?
1115 320 1237 392 Ego
1272 340 1419 388 vero,
1457 323 1647 392 inquit,
1699 330 1760 375 ut
1796 321 1895 376 tibi
1930 324 2012 376 vi-

313 391 486 445 detur.
524 391 698 463 Igitur
735 392 894 445 simul
927 391 1242 462 procedunt.
1282 390 1395 446 Sed
1417 412 1581 462 quum
1605 394 1830 446 intraret
1853 394 2015 448 aedes

311 462 708 527 Aristodemus,
760 463 931 515 solum
976 481 1033 516 se
1079 461 1228 516 videt
1263 463 1533 526 relictum3
1584 462 1839 517 Socrates
1883 483 2014 518 nus-

314 551 476 602 quam
515 540 769 604 apparet3
819 532 1132 586 substiterat
1181 533 1322 586 enim
1355 533 1413 586 in
1448 534 1554 599 via,
1604 535 1697 603 qui
1744 535 1856 588 eius
1903 543 2016 588 erat

313 622 445 667 moe,
472 603 783 675 cogitationi
806 603 1058 657 intentus.
1095 602 1295 656 Postea
1322 604 1471 658 venit
1496 614 1549 658 et
1574 606 1642 658 ad
1667 605 2016 676 Agathonem

313 673 561 728 considit.
620 671 899 742 Convivae
937 691 1102 727 coena
1138 681 1355 744 peracta
1396 674 1581 740 libant,
1629 694 1889 746 paeanem
1927 695 2015 729 ca-

311 752 467 807 nunt,
505 742 576 795 ad
610 751 800 814 potum
837 763 894 796 se
932 745 1210 797 conferunt
1226 745 1300 815 *).

384 813 470 866 Ibi
505 813 804 867 Pausanias
856 813 1103 937 {interior
1150 814 1239 868 ille
1291 815 1494 869 scilicet
1529 816 1833 888 Agathonis
1882 816 2015 868 ami-

313 898 438 946 eus;
474 903 525 937 v.
555 881 747 955 Symp.
773 903 826 955 p.
893 884 977 937 93.
1004 883 1072 938 Β.
1102 885 1218 939 coll.
1243 883 1465 958 Protag.
1493 887 1613 940 315.
1639 886 1711 941 D.
1737 886 1806 939 Ε.
1843 885 2015 940 Xen.

315 953 506 1037 Symp.
533 953 692 1008 VIH.
719 953 833 1027 30.]
871 951 1134 1008 eiusmodi
1159 957 1414 1010 sermonis
1437 957 1648 1010 initium
1672 957 1871 1022 iniecit,
1909 975 2018 1026 quo

313 1043 567 1079 convivas
603 1034 861 1089 moneret,
907 1034 969 1078 ut
1004 1025 1268 1091 viderent,
1321 1045 1427 1096 qua
1462 1028 1667 1082 ratione
1706 1027 2019 1082 suavissime

312 1095 589 1150 biberent:
629 1115 730 1168 ego
757 1095 916 1161 enim,
954 1096 1145 1165 inquit,
1183 1096 1364 1168 potius
1389 1116 1457 1151 ex
1492 1098 1741 1152 hesterno
1765 1107 1897 1168 potu
1930 1117 2018 1151 re·-

313 1166 494 1237 quiem
530 1185 692 1236 quam
728 1167 1087 1238 nova-pocula
1120 1186 1337 1236 quaero·
1374 1167 1498 1237 Hoc
1524 1168 1803 1229 consilium
1826 1168 2019 1237 reliqui

312 1235 568 1308 probant3
611 1236 858 1291 convenit
880 1237 1019 1291 inter
1044 1256 1153 1302 eos,
1189 1247 1250 1291 ut
1286 1237 1457 1291 doctis
1482 1239 1661 1310 potius
1686 1239 2020 1293 sermonibus

313 1326 476 1383 quam
524 1307 651 1361 vino
701 1316 995 1386 peragatur
1046 1308 1363 1363 convivium.
1427 1307 1670 1381 Suscipit
1720 1329 2021 1364 sermonem

457 1479 555 1515 ante
585 1475 749 1516 obitum
780 1475 966 1517 Socratis
997 1476 1104 1517 haec
1133 1477 1394 1529 exposuisse,
1437 1476 1584 1529 Atque
1614 1477 1699 1519 hoe
1727 1476 1855 1518 etiam
1886 1487 1941 1516 ex
1969 1487 2022 1516 eo

456 1532 505 1572 fit
532 1532 898 1582 verisimillimum,
930 1535 1045 1584 quod
1063 1532 1242 1584 Agatho
1263 1541 1392 1586 poeta
1420 1535 1474 1578 ab
1504 1546 1555 1574 eo
1579 1534 1731 1580 dicitur
1748 1544 1863 1574 nunc
1881 1532 2021 1586 ipsum

455 1599 630 1640 peregre
658 1589 834 1635 versari,
871 1601 998 1640 quem
1028 1596 1186 1629 certum
1219 1596 1282 1631 est
1312 1591 1484 1643 Olymp.
1515 1591 1658 1633 XCII.
1689 1596 1743 1640 3.,
1782 1601 1867 1642 quo
1905 1601 2020 1629 anno

455 1644 757 1697 Aristophanis
787 1645 1259 1698 Thesmophoriazusae
1288 1653 1384 1693 acta
1413 1654 1488 1696 est,
1528 1660 1663 1699 usque
1690 1646 1875 1693 Athenis
1905 1658 2022 1686 com-

458 1708 671 1741 moratum
702 1714 806 1742 csse.
837 1701 932 1741 Iam
960 1714 1061 1742 vero
1091 1702 1271 1754 Agatho
1303 1703 1474 1756 Olymp.
1495 1704 1658 1752 XCIV.
1689 1709 1881 1747 extrema
1909 1702 2022 1742 diem

458 1770 702 1809 supremum
733 1758 852 1807 obiit,
882 1759 925 1798 id
955 1760 1071 1810 quod
1100 1759 1436 1801 Ritschelius
1465 1761 1535 1801 De
1561 1761 1666 1802 Vita
1684 1757 1928 1811 Agathonis
1957 1772 2023 1799 ar*

456 1814 669 1864 gumentis
707 1814 996 1866 probabilibus
1035 1815 1350 1856 demonstravit.
1399 1818 1551 1868 Itaque
1589 1823 1923 1862 consentaneum
1960 1821 2024 1855 est

457 1870 742 1910 narrationem
781 1870 1042 1922 Apollodori
1080 1871 1125 1910 in
1162 1877 1329 1924 tempus
1367 1873 1476 1914 inter
1515 1873 1685 1925 Olymp.
1719 1871 1861 1915 XCII.
1897 1876 1936 1911 3.
1981 1876 2024 1911 et

458 1926 631 1978 Olymp.
650 1926 815 1971 XCIV.
836 1932 876 1967 4.
906 1927 1174 1967 interiectum
1203 1928 1411 1970 incidisse.
1444 1929 1715 1980 Quamquam
1735 1940 1828 1968 eam
1850 1933 2024 1979 propter

457 1983 577 2024 illam
615 1995 743 2034 quam
772 1983 920 2035 paullo
958 1989 1058 2023 ante
1094 1984 1313 2025 attulimus
1351 1998 1544 2027 caussam
1579 1984 1930 2025 verisimillimum
1960 1989 2025 2024 est

459 2041 515 2083 ad
545 2039 811 2091 Olympiadis
841 2038 1003 2080 XCIV.
1035 2040 1199 2080 exitum
1228 2041 1493 2083 referendam
1523 2054 1628 2082 esse.
1660 2041 1774 2082 Scite
1803 2040 1931 2092 igitur
1959 2045 2023 2080 at-

458 2107 541 2147 que
569 2096 766 2135 sollerter
784 2096 911 2136 Plato
933 2095 993 2136 rei
1011 2097 1296 2137 narrationem
1318 2098 1360 2138 in
1380 2098 1490 2138 illud
1520 2098 1700 2138 contulit
1728 2103 1907 2149 tempus,
1938 2107 2023 2148 quo

458 2151 623 2193 Socrati
658 2152 727 2192 vel
763 2153 952 2192 maxime
989 2153 1132 2194 odium
1171 2159 1212 2192 et
1240 2154 1397 2195 invidia
1426 2155 1523 2195 inde
1559 2154 1640 2196 fuit
1677 2154 1871 2202 conflata,
1908 2153 2025 2205 quod

458 2220 591 2263 quum
629 2209 737 2249 alios
757 2209 950 2259 iuvenes,
980 2215 1072 2249 tum
1101 2209 1293 2262 inprimis
1313 2211 1584 2263 Alcibiadem
1615 2210 2025 2251 consuetudine-sua

459 2265 728 2317 corrupisset.
775 2265 907 2307 Cuius
936 2266 996 2306 rei
1025 2265 1132 2307 ratio
1165 2267 1336 2318 cognito
1369 2269 1540 2308 demum
1568 2268 1778 2321 planeque
1806 2266 2022 2307 intellecto

457 2321 641 2363 universi
677 2321 773 2362 libri
809 2328 1061 2374 argumento
1097 2323 1266 2375 penitus
1302 2325 1588 2377 perspicietur.
1646 2323 1792 2376 Atque
1836 2323 2023 2363 indidem

459 2378 588 2419 etiam
618 2378 802 2430 intelligi
830 2379 1000 2432 poterit,
1038 2391 1111 2419 cur
1149 2379 1289 2432 ipsum
1326 2381 1568 2421 convivium
1596 2381 1682 2421 iam
1712 2386 1811 2420 ante
1840 2379 2023 2420 multum

457 2441 626 2487 tempus
656 2435 851 2476 habitum
879 2436 1079 2488 fingatur.
1129 2435 1215 2478 Sed
1243 2444 1502 2479 revertamur
1537 2438 1767 2490 aliquando
1797 2449 1940 2478 rursus
1970 2436 2025 2476 ad

457 2491 597 2543 ipsum
620 2491 835 2544 Symposii
863 2493 1100 2533 exordium.
1130 2493 1285 2534 Narrat
1313 2494 1441 2546 igitur
1459 2494 1756 2547 Apollodorus
1786 2504 1877 2534 sese
1897 2492 2025 2533 etiam

456 2549 564 2592 illud
600 2561 626 2588 a
656 2547 880 2589 Glaucone
918 2550 1224 2600 interrogatum
1255 2562 1358 2601 esse,
1394 2553 1506 2591 unde
1543 2563 1633 2591 rem
1662 2550 1902 2602 accepisset.
1942 2547 2023 2589 Cui

459 2617 505 2645 se
524 2605 806 2656 respondisse,
826 2606 1026 2653 notitiam
1046 2606 1160 2654 illius
1181 2613 1397 2659 acceptam
1418 2607 1561 2648 referri
1579 2607 1878 2656 Aristodem03
1910 2605 2025 2645 hunc

460 2661 574 2701 enim
603 2660 724 2700 illam
754 2661 833 2701 sibi
862 2662 1076 2714 impertire
1106 2663 1293 2714 potuisse
1322 2670 1470 2715 utpote
1491 2663 1708 2703 hominem
1730 2661 1914 2703 Socratis
1935 2668 2022 2702 stu-

458 2716 746 2757 diosissimum
777 2715 840 2768 (p.
867 2721 958 2759 173.
979 2716 1067 2768 B.)‚
1107 2723 1269 2769 partem
1307 2725 1449 2759 tamen
1486 2717 1740 2759 narrationis
1778 2719 1906 2758 etiam
1942 2717 2024 2769 ipsi

459 2770 624 2812 Socrati
665 2773 804 2815 deberi
841 2785 868 2812 a
904 2785 948 2812 se
988 2775 1040 2813 de
1070 2773 1135 2814 his
1164 2774 1288 2813 rebus
1319 2774 1549 2815 identidem
1578 2774 1853 2826 interrogato.
1904 2774 2024 2823 Quae

461 2839 666 2878 quorsum
696 2834 901 2880 spectent,
930 2829 1090 2874 nemini
1121 2830 1318 2883 cuiquam
1349 2832 1520 2876 dubium
1553 2830 1644 2874 fore
1673 2838 1884 2883 putamus.
1934 2831 2023 2870 Va-

457 2883 548 2924 lent
577 2884 690 2924 enim
720 2884 775 2925 ad
805 2887 1046 2936 augendam
1076 2887 1494 2939 confirmandamque
1524 2900 1663 2933 rerum
1691 2886 2021 2928 verisimilitudi-

460 2952 571 2990 nem,
612 2939 897 2993 efficiuntque‚
929 2947 976 2982 ut
1006 2942 1274 2982 credibiliora
1304 2943 1524 2990 videantur
1554 2952 1644 2987 tum
1673 2944 1838 2996 reliqua
1866 2944 2022 2991 omnia,

460 3003 552 3037 tum
581 2996 772 3049 inprimis
803 3010 866 3047 ea,
898 3011 1006 3050 quae
1037 2998 1148 3039 infra
1180 3001 1231 3041 dc
1262 2999 1434 3041 Socrate
1465 3008 1507 3041 et
1535 3001 1759 3042 Alcibiade
1788 3007 2021 3040 narrantur.

460 3051 611 3105 Itaque
640 3053 932 3106 Apollodorus
964 3067 1054 3095 sese
1084 3056 1144 3096 ait
1175 3058 1226 3096 de
1258 3056 1322 3096 his
1353 3057 1475 3098 rebus
1513 3057 1801 3098 convivalibus
1839 3057 1893 3096 ab
1923 3056 2021 3096 Ari-

462 3110 655 3150 stodemo
694 3111 877 3163 acceptis
917 3112 1000 3151 iam
1040 3119 1158 3152 tanto
1196 3113 1408 3154 lubentius
1440 3115 1731 3166 expositurum
1763 3125 1867 3162 esse,
1907 3113 2020 3164 quod

460 3178 596 3219 nuper
624 3167 792 3207 demum
815 3167 1026 3208 Glauconi
1058 3170 1108 3209 de
1138 3169 1287 3209 iisdem
1308 3172 1550 3220 narraverit,
1582 3177 1707 3222 atque
1738 3182 1808 3211 cas
1840 3170 1897 3211 ita
1928 3181 2021 3210 nare

462 3229 539 3272 rat,
570 3228 617 3263 ut
647 3223 790 3264 omnia
819 3225 873 3264 ad
903 3225 1222 3266 Aristodemum
1255 3232 1470 3268 auctorem
1502 3226 1665 3269 reserat.

390 3298 433 3350 ’ἢ
464 3313 596 3351 usque
628 3303 678 3341 nd
708 3314 747 3353 p.
776 3303 865 3343 175.
888 3302 942 3342 A.
