2158 3718
372 180 475 230 184
1006 178 1420 232 PLATONIS

370 321 683 396 στοδήμους
726 347 782 380 τε
826 329 919 381 καὶ
954 322 1396 400 Ἀριστοφοένας·
1441 328 1725 402 Σωκράτη
1768 331 1825 384 δὲ
1869 324 2048 384 αὐτὸν

372 411 427 463 τί
468 409 549 463 δεῖ
588 411 679 463 καὶ
722 413 896 478 λέγειν
939 411 1032 464 καὶ
1073 406 1197 464 ὅσοι
1237 405 1400 465 ἄλλοι
1412 432 1438 482 ,·
1481 409 1687 477 πάντες
1727 409 1836 484 γὰρ
1878 433 2060 478 κεκοιη

375 489 657 560 νωνήκατε
700 496 798 559 τῆς
839 489 1159 568 φιλοσόφου
1203 496 1408 564 μανίας
1437 515 1492 550 τε
1519 499 1611 551 καὶ
1634 499 1917 568 βακχείας·
1965 492 2049 552 διὸ

375 573 580 640 πάντες
634 574 978 632 ἀκούσεσθε·
1034 574 1422 648 συγχνώσεσθε
1472 577 1580 650 γὰρ
1639 590 1755 645 τοῖς
1807 601 1865 636 τε
1927 578 2053 636 τότε

375 663 682 731 πραχθεῖσι
725 664 820 716 καὶ
859 670 978 726 τοῖς
1019 664 1123 716 νῦν
1156 665 1481 732 λεγομένοις.
1528 668 1581 719 οἱ
1610 667 1666 720 δὲ
1696 671 1916 731 οἰκέται,
1959 667 2054 720 καὶ

376 743 426 799 εἴ
473 764 557 808 τις
584 781 585 784 =
609 739 777 810 ἄλλος
835 748 949 801 ἐστὶ
1000 744 1232 816 βέβηλός
1277 766 1334 800 τε
1379 749 1471 801 καὶ
1514 743 1806 822 ἄγροικος,
1875 746 2053 813 πύλας

376 823 527 882 πάνυ
562 827 808 899 μεγάλας
850 839 970 894 τοῖς
1010 829 1142 886 ὠσὶν
1184 832 1481 886 ἐπίθεσθε.

505 909 647 988 Cap.
694 911 992 970 XXXlV.
1070 911 1287 981 Ἐπειδὴ
1330 917 1439 986 γάρ
1487 906 1618 981 οὗν,
1663 906 1704 969 ὦ
1751 909 1976 987 ἄνδρες,
2020 911 2050 971 ὅ

373 1016 430 1052 τε
474 994 671 1068 λύχνος
712 996 1008 1069 ἀπεσβήκει
1062 1001 1155 1054 καὶ
1213 1004 1267 1055 οἱ
1318 1001 1508 1064 παῖδες
1569 998 1665 1066 ἔξω
1709 990 1869 1068 ἦσαν,
1911 999 2058 1066 ἔδοξέ

309 1111 311 1114 -
372 1102 470 1152 μοι
506 1085 711 1155 χρῆναι
751 1086 924 1154 μηδὲν
966 1086 1265 1139 ποικίλλειν
1308 1081 1449 1156 πρὸς
1491 1081 1697 1149 αὐτόν,
1738 1080 1862 1138 ἀλλ’
1913 1087 2058 1138 ἐλευ-

374 1167 559 1239 θέρως
602 1171 771 1222 εἰπεῖν
814 1163 850 1221 ἅ
894 1189 992 1238 μοι
1034 1165 1219 1223 ἐδόκει.
1265 1170 1357 1222 καὶ
1401 1166 1556 1223 εἷπον
1598 1165 1822 1234 κινήσας
1864 1165 2057 1233 αὐτόν,

371 1249 705 1321 Σώκρατες,
745 1250 1072 1324 καθεύδεις;
1165 1249 1242 1307 (Ιύ
1288 1254 1459 1319 δῆτα,
1503 1243 1538 1319 ἦ
1586 1249 1640 1307 δ’
1693 1249 1772 1317 ὅς.
1864 1250 2057 1307 Οἶσθα

373 1325 476 1394 οὖν
522 1331 559 1389 ἅ
604 1357 702 1406 μοι
743 1338 1031 1408 δέδοκται5
1123 1339 1190 1391 Τι’
1239 1334 1517 1409 μάλιστας
1572 1338 1698 1412 ἔφη.
1785 1331 1882 1390 Σὺ
1938 1337 2058 1407 ἐμοὶ

487 1542 539 1585 Β.
599 1542 689 1582 καὶ
719 1541 835 1595 Ἀρι
848 1540 1153 1610 σιοφιίνας]
1186 1542 1261 1582 Sic
1294 1541 1420 1583 Bodl.
1456 1540 1589 1582 Coisl.
1625 1540 1721 1583 Vat.
1742 1539 1795 1583 A.
1829 1553 1908 1595 pro
1940 1542 2055 1595 vulg.

364 1598 708 1656 Ἀρισιοφάνεις.
770 1601 1092 1644 Grammaticus
1123 1599 1165 1643 iu
1199 1598 1388 1647 Bekkeri
1418 1597 1632 1640 Anecdot.
1664 1597 1720 1640 Τ.
1751 1597 1825 1641 111.
1857 1598 2057 1654 p.1191=

372 1670 440 1712 δεῖ
470 1669 511 1711 δὲ
541 1668 611 1710 καὶ
639 1674 775 1710 τοῦτο
806 1665 1104 1723 γινώσκειν,υ
1084 1668 1156 1711 ὃίι
1185 1672 1229 1711 οἱ
1252 1668 1452 1711 Ἀττικοὶ
1480 1668 1549 1710 ἐπὶ
1578 1672 1662 1710 τῶν
1695 1668 1756 1715 εἰς
1763 1684 1860 1740 mqe,
1893 1669 1951 1716 εἰς
1980 1684 2058 1716 ους

371 1725 448 1782 ἰχό
451 1742 558 1768 mon
588 1724 668 1779 τὴν
698 1725 882 1781 γενικήν,
913 1728 986 1767 και
1016 1727 1085 1768 ἐπὶ
1113 1731 1196 1769 τῶν
1230 1725 1364 1798 παρὰ
1379 1726 1430 1768 τὸ
1465 1729 1573 1775 ἔθος
1599 1723 1670 1768 διὰ
1703 1730 1783 1767 τοῦ
1813 1727 1845 1768 ἆ
1871 1732 2056 1768 ποιοῦσι

370 1783 451 1837 τὴν
480 1782 721 1837 αἰτιατικὴν
749 1789 833 1825 τῶν
861 1786 1183 1838 πληθυντικῶν,
1215 1801 1257 1826 οι
1248 1790 1313 1825 ὀν
1342 1782 1364 1826 ὁ
1400 1783 1692 1838 Δημοσθένης
1718 1798 1795 1825 του
1821 1782 2059 1838 Δημοσθέ-

374 1857 472 1890 νοις
500 1840 579 1885 τοῦ
587 1858 606 1890 ς
624 1840 927 1896 Δημοσθένας,
955 1841 978 1883 ὁ
1007 1841 1326 1899 Ἀριστοφάνης
1355 1857 1435 1884 του
1421 1839 1792 1898 Ἀριστοφάνους
1812 1840 1920 1890 τοὺς
1933 1840 2058 1898 Ἀρι-

373 1898 607 1955 στοφάνας,
638 1915 677 1941 κ.
706 1915 747 1940 τ.
777 1900 814 1942 λ.

488 1959 541 1998 τί
586 1957 670 1998 δεῖ
713 1959 802 1998 καὶ
848 1956 1046 2011 λέγειν]
1087 1956 1159 1997 καὶ
1200 1970 1282 2006 om.
1325 1956 1451 1998 Bodl.
1493 1955 1589 1998 vat
1617 1954 1669 1997 A.
1709 1955 1982 2000 Cois1.veu
2005 1973 2052 1999 .=.-

375 2014 485 2058 Viud
514 2014 556 2058 2.
577 2015 679 2056 Par
696 2014 796 2056 DK.
811 2015 971 2057 Ambr.
996 2017 1106 2068 Aug.
1121 2027 1162 2057 ιι.
1179 2028 1229 2056 w.
1251 2014 1345 2056 Vat.
1357 2014 1397 2058 d.
1412 2027 1452 2056 ιι.
1465 2028 1504 2068 p.
1517 2027 1550 2055 r.
1573 2013 1692 2059 Flor,
1706 2013 1784 2054 b.i.
1801 2025 1841 2054 ιι.
1882 2013 2052 2059 Extru-

375 2077 523 2118 serunt
552 2072 683 2114 Turr.
740 2071 830 2114 Sed
871 2072 957 2114 noli
996 2072 1144 2114 horum
1189 2073 1394 2114 librorum
1427 2070 1677 2114 auctoritati
1708 2070 1840 2124 ipsius
1870 2073 2054 2116 voculae

377 2130 633 2183 elegantiam
659 2129 924 2182 concedere,
955 2143 1067 2183 quae
1087 2143 1190 2172 sane
1222 2135 1339 2176 tanta
1371 2134 1454 2182 est,
1484 2133 1533 2174 ut
1563 2129 1701 2173 bonos
1733 2128 1930 2170 librarios
1960 2128 2065 2172 cre-‘

375 2187 506 2232 dibile
539 2189 595 2229 sit
624 2186 691 2229 hic
722 2188 995 2232 oscitavisse.

486 2243 685 2291 πάντες
715 2243 816 2300 γὰρ
846 2241 1318 2299 κεκοινωνήκατε]
1351 2241 1434 2299 γὰρ
1468 2256 1551 2285 om.
1588 2242 1811 2285 Pax-‚ER
1843 2242 1999 2292 Vat.s.

487 2307 604 2351 τοῖς
634 2317 689 2343 τε
718 2301 849 2345 τότε
879 2302 1208 2358 πραχθεῖσι]
1253 2316 1299 2343 τε
1328 2301 1522 2344 additum
1553 2305 1622 2343 est
1652 2314 1676 2343 e
1709 2301 1803 2346 Vat
1828 2301 1881 2343 A
1920 2300 2046 2343 Vind-

375 2360 412 2406 1
425 2359 467 2404 2.
481 2361 522 2404 7
551 2361 650 2406 Par.
665 2360 765 2405 DK.
784 2365 892 2414 Ang.
912 2373 959 2407 w.
983 2360 1130 2403 Ambr.

481 2417 571 2459 καὶ
603 2417 884 2473 ἄγροικος]
917 2418 992 2459 Sic
1023 2420 1116 2460 vat.
1142 2415 1195 2458 A.
1225 2416 1386 2460 Ven.''‘
1349 2431 1396 2459 ....
1428 2415 1552 2458 Vind.
1572 2414 1615 2461 2.
1642 2415 1742 2459 Par.
1763 2415 1866 2460 DK.
1893 2415 2051 2462 Ambr-

369 2476 479 2530 Ang.
502 2489 552 2519 w.
586 2475 680 2518 Vat.
701 2488 742 2529 p.
802 2475 841 2517 Ι
847 2477 1055 2530 egebatur
1085 2479 1185 2519 ante
1216 2474 1465 2520 Bekkerum
1496 2472 1713 2528 αγροῖκος.

484 2533 537 2581 C
597 2531 842 2586 φαίνεόι
819 2538 1029 2587 anniv]
1074 2537 1121 2575 V.
1162 2534 1319 2589 φαίνῃ,
1363 2530 1479 2585 quod
1522 2535 1733 2573 mutatum
1775 2544 1829 2573 ex
1866 2534 1974 2584 Aug.
1994 2543 2044 2574 w.

370 2591 560 2646 itemque
592 2589 722 2634 Bodl.
752 2595 796 2633 et
829 2590 924 2632 Vat.
946 2589 1017 2642 A„
1050 2590 1105 2634 de
1134 2576 1291 2644 quibu's
1327 2589 1516 2636 Bekker.
1545 2588 1765 2637 immerito
1795 2587 1906 2630 silet.

426 2730 479 2771 Β.
520 2729 719 2784 β-ἐβηλό
732 2745 752 2774 ς
781 2744 835 2769 τε
864 2730 954 2769 καὶ
984 2729 1169 2785 ἅγροι-
1247 2727 1377 2770 tostin.
1397 2726 1538 2780 p.87=
1569 2725 1760 2768 ἀπιοῦσα
1779 2726 2046 2782 apocri-9²10«.

365 2800 473 2837 κος,
504 2801 548 2827 π.
578 2802 622 2827 π.
654 2787 719 2841 μ.]
752 2786 954 2838 Respicit
984 2787 1037 2827 ad
1071 2799 1167 2826 ver-
1249 2785 1329 2839 τὴν
1361 2784 1522 2841 θύραν.

366 2856 459 2885 sum
479 2842 714 2902 Orphicum
736 2857 778 2896 p.
800 2842 900 2884 447.
919 2842 986 2884 ed.
1011 2842 1164 2886 Herm.

367 2901 629 2954 Φθέγξομαι
669 2905 734 2945 οἱς
765 2901 895 2954 θέμις
922 2901 1032 2940 ἐστί·
1075 2899 1167 2940 θύ-

367 2973 446 3011 ρας
475 2955 516 2999 δ’
549 2958 766 2999 ἐπίθεσθε
781 2957 974 3011 βέβηλοι,
1006 2956 1059 2999 de
1077 2971 1162 3011 quo

367 3015 452 3057 vid.
485 3013 759 3059 Ruhnken.
792 3015 847 3056 ad
879 3013 992 3055 Tim.
1025 3029 1067 3068 p.
1092 3017 1162 3060 60.

368 3072 683 3126 Wesseling.
729 3086 797 3128 ap.
849 3072 1046 3114 Valcken.
1100 3074 1164 3116 De

367 3130 613 3173 Aristobulo
649 3129 743 3172 lud.
784 3143 826 3183 p.
862 3129 941 3174 199
981 3142 1072 3182 sqq.
1117 3136 1162 3173 et

365 3190 627 3231 Creuzer.-
671 3186 726 3229 ad
765 3187 920 3229 Plotin.
968 3187 1021 3228 de
1058 3188 1160 3230 Pul-

362 3246 453 3287 crit.
487 3260 527 3300 p
559 3243 658 3289 332.
725 3244 944 3298 Loquutio
985 3250 1158 3287 cetero

361 3304 461 3355 quin
494 3303 598 3345 satis
629 3302 800 3344 usitata.
846 3302 1045 3344 Herod.
1084 3303 1155 3345 ΙΙΙ.
1300 3299 1397 3356 ἐγὼ
1428 3301 1479 3341 δὲ
1508 3297 1711 3342 οὑτωσὶ
1736 3301 1858 3351 ἔχω·
1900 3313 2040 3341 navo

359 3360 438 3403 78:
470 3362 611 3403 θέλων
639 3359 780 3403 αὐιοῦ
801 3361 1059 3416 προςθεῖιαι
1078 3359 1156 3407 τὰς
1239 3356 1343 3414 ἀι]
1386 3359 1511 3402 Quae
1548 3357 1782 3400 inserviunt
1821 3358 2040 3411 explican-

357 3417 516 3475 θύρας.
578 3419 616 3462 Ι
628 3432 699 3474 ys,
749 3417 803 3462 de
852 3416 988 3461 caede
1037 3416 1150 3460 Pra-
1241 3416 1305 3459 dis
1342 3416 1484 3459 verbis
1530 3415 1691 3456 οὑτωσὶ
1731 3416 1838 3467 ἔχω,
1882 3427 1933 3456 ea
1983 3413 2040 3456 «le

1307 2869 1355 2911 C.
1386 2867 1547 2922 μηδὲν
1576 2868 1883 2911 ποικίλλειν
1912 2885 2052 2925 προς

1246 2925 1446 2976 excitavi
1499 2925 1534 2968 h.
1578 2942 1614 2969 e.
1657 2938 1761 2968 nou
1809 2927 2048 2971 obscure

1247 2998 1281 3026 s.
1309 2984 1564 3037 ambigue
1586 2984 1750 3038 loqui.
1776 2983 2046 3039 ApteWyt-

1246 3041 1580 3086 tenbacliius
1621 3043 1887 3096 comparavit
1927 3044 2045 3085 Ari-

1249 3106 1419 3142 staen.
1460 3099 1598 3152 Epist.
1631 3100 1686 3142 11.
1718 3101 1766 3143 7:
1806 3101 1885 3154 ἔφη
1931 3099 2044 3156 πρὸς

1246 3159 1400 3200 ἐκεῖνον
1415 3154 1574 3210 ἁπλῶς,
1603 3157 1737 3211 μηδὲν
1754 3157 2043 3202 ποικίλλουσα.

1249 3230 1289 3258 ν.
1317 3220 1462 3258 annot.
1495 3214 1548 3256 ad
1585 3228 1680 3268 cap.
1711 3214 1785 3255 lx.
1822 3213 1936 3258 med.
