2222 3762
412 199 553 254 XVI

408 345 535 399 stris
574 344 912 414 accepisset,
951 353 1013 395 ut
1050 344 1105 396 in
1151 342 1428 395 interiores
1467 360 1885 400 rerumcausas
1926 348 2104 418 inqui-

407 435 529 469 rere
579 423 633 470 et
681 415 1036 468 humanarum
1085 433 1262 467 rerum
1317 412 1498 466 studio
1563 412 1865 470 divinarum
1927 437 2106 476 rerum

409 487 920 558 contemplationem
977 485 1272 556 adiungere
1313 483 1575 538 studeret.
1650 487 1845 557 Itaque
1884 489 2106 546 investi-

406 559 560 630 gavit
597 567 858 627 tanquam
897 556 1310 610 fundamentum
1350 555 1644 626 quoddam,
1687 559 1743 611 in
1785 579 1894 629 quo
1933 567 2106 614 totum

407 631 687 684 doctrinae
744 643 872 682 suae
924 627 1232 680 aedificium
1272 634 1604 696 exstrueret,
1663 632 2108 703 excogitavitque

405 702 645 756 nobilem
706 701 850 753 illam
912 699 1248 768 multumque
1309 698 1632 752 celebratam
1688 700 1989 755 doctrinam
2043 702 2110 756 de

404 774 576 841 ideis,
629 771 698 824 ad
737 790 898 840 quam
934 778 1192 838 tanquam
1231 769 1302 821 ad
1338 770 1666 840 principium
1706 790 1863 826 suum
1899 774 2110 844 reliqua

406 845 587 898 omnia
622 844 861 896 referret.
950 840 1117 907 Quod
1173 860 1280 910 quo
1326 848 1573 912 temp‘o‘re
1604 844 1825 912 fecerit,
1867 865 1978 898 non
2010 865 2108 917 po-

404 923 514 968 test
575 923 724 967 certo
779 912 1024 966 definiri:
1089 912 1226 965 illud
1277 921 1459 965 tamen
1508 921 1713 966 certum
1766 916 2106 985 arbitramur,

404 986 554 1056 quod
590 987 697 1038 iam
737 1001 902 1055 supra
938 983 1201 1052 diximus,
1241 1003 1391 1050 eum,
1442 991 1733 1054 postquam
1770 986 2110 1041 Parmenidis

405 1058 706 1112 doctrinam
753 1056 1133 1127 cognovisset,
1201 1055 1483 1127 paullatim
1533 1056 1601 1108 ad
1650 1056 1796 1109 illam
1855 1057 1922 1110 de
1970 1058 2108 1112 ideis

404 1130 728 1183 sententiam
764 1129 852 1180 vel
883 1126 1267 1180 inveniendam
1303 1127 1391 1180 vel
1415 1129 1750 1198 argumentis
1781 1130 2107 1183 confirman-

403 1201 527 1254 dam
578 1200 815 1254 delatum
867 1218 988 1251 esse
1036 1199 1104 1267 *).
1191 1199 1338 1252 Nam
1410 1199 1611 1252 sensim
1665 1207 1720 1252 et
1772 1200 2108 1270 pedetentim

402 1273 507 1326 hoc
557 1273 760 1326 iactum
813 1289 934 1324 esse
983 1270 1072 1335 vel
1121 1290 1187 1323 ex
1241 1270 1420 1341 priore
1470 1277 1623 1341 parte
1663 1272 1928 1326 sermonis
1962 1272 2107 1327 illius

403 1344 673 1398 coniicere
711 1343 858 1410 licet,
901 1342 994 1412 qui
1027 1341 1376 1395 'Parmenidis
1414 1342 1635 1394 nomine
1668 1342 1967 1414 inscriptus
2003 1356 2104 1398 est.

403 1415 516 1471 Sed
554 1414 875 1468 accedamus
927 1413 998 1466 ad
1044 1414 1220 1485 ipsam
1257 1414 1405 1466 illam
1444 1412 1775 1482 doctrinam,
1816 1431 1979 1484 quam
2014 1434 2108 1468 ne—

403 1506 558 1542 cesse
597 1494 681 1539 est
716 1487 894 1539 teneri
933 1486 1000 1539 ab
1042 1485 1319 1554 omnibus,
1375 1485 1469 1555 qui
1505 1485 1795 1538 Platonem
1833 1503 1956 1540 cum
1993 1487 2106 1539 fru—

402 1567 496 1613 ctu
535 1558 717 1627 aliquo
754 1559 936 1630 legere
1013 1557 1236 1629 cupiant
1271 1556 1366 1627 **).
1832 1571 1834 1574 ·

543 1631 630 1684 Ac
669 1629 737 1684 de
775 1649 838 1683 eo
880 1628 1098 1699 quidem
1134 1628 1294 1681 Plato
1343 1645 1467 1681 cum
1505 1627 1831 1682 Parmenide
1887 1629 2104 1682 omnino

403 1701 707 1771 consensit,
758 1701 908 1771 quod
957 1708 1013 1754 et
1059 1701 1178 1772 ipse
1219 1698 1457 1754 discerni
1505 1700 1680 1762 voluit
1730 1700 1888 1754 binas
1928 1712 2107 1754 rerum

401 1783 650 1827 natu-ras:
693 1773 936 1842 alteram,
977 1791 1117 1842 quae
1155 1771 1303 1825 cerni
1329 1771 1501 1826 oculis
1538 1778 1750 1842 posset,
1789 1789 1950 1840 quam
1989 1773 2107 1845 qui-

402 1844 527 1899 dem
577 1844 882 1913 ὄοξαστήν,
937 1844 1295 1916 opinabilem,
1347 1843 1676 1915 appellavit,
1730 1843 1858 1913 quia
1903 1843 2107 1896 nullam

401 1916 642 1971 efficeret
674 1917 940 1971 >scientiae
988 1915 1299 1968 firmitatem
1345 1922 1399 1967 et
1442 1915 1834 1980 constantiamg
1887 1915 2105 1968 alteram

401 1987 789 2055 διανοητικήν,
830 2007 969 2058 quae
1011 1988 1127 2041 sola
1164 1994 1345 2040 mente
1382 1993 1435 2039 et
1472 1986 1807 2059 cogitatione
1846 1988 2106 2057 cognosci

399 2066 586 2132 posset
633 2079 696 2114 ac
745 2060 882 2114 nihil
930 2077 1213 2113 commune
1261 2058 1490 2112 haberet
1539 2076 1662 2111 cum
1711 2058 1873 2112 rebus
1911 2057 2107 2130 adspe-

400 2132 692 2187 ctabilibus
731 2151 793 2186 ac
833 2132 1083 2185 sensibus
1123 2130 1403 2184 subiectis.
1459 2130 1722 2183 *Tametsi
1751 2147 1880 2183 vero
1905 2130 2106 2183 utrius-

401 2221 507 2274 que
553 2203 870 2276 philosophi
918 2202 986 2256 de
1036 2202 1140 2255 hac
1188 2220 1245 2254 re
1293 2220 1493 2274 magna
1543 2202 1651 2254 fuit
1702 2201 1759 2254 in
1795 2201 2107 2255 universum

400 2276 718 2346 consensiO,
757 2283 940 2328 tamen
980 2274 1089 2327 dici
1125 2273 1218 2326 vix
1252 2280 1501 2355 potest,¹=
1523 2279 1862 2344 quantopere
1900 2268 1955 2324 in
1996 2273 2107 2326 sin-

399 2346 542 2418 gulis
583 2346 862 2404 doctrinae
911 2345 1156 2417 partibus
1210 2344 1593 2398 d1ssenserint‘.·
1655 2343 1722 2397 Id
1759 2343 1908 2412 quod
1945 2344 2106 2397 facile

398 2417 629 2472 iudicari
686 2418 889 2490 poterit
938 2436 1005 2469 ex
1053 2415 1303 2468 Platonis
1351 2415 1633 2468 doctrinae
1683 2415 1909 2466 ratione.
1995 2414 2106 2467 Hic

401 2489 570 2557 enim,
612 2507 778 2559 quum
818 2487 1016 2553 omnia,
1059 2503 1197 2556 quae
1235 2486 1484 2539 sensibus
1520 2485 1914 2557 percipiuntur,
1955 2485 2103 2553 oriri,

400 2560 625 2628 mutari,
703 2559 926 2632 agitari,
989 2556 1209 2610 interire
1286 2556 1789 2626 animadvertisset,
1864 2557 1921 2609 in
1987 2576 2104 2611 eam

400 2630 679 2703 paullatim
732 2630 1053 2684 sententiam
1109 2626 1359 2695 devenit,
1415 2636 1477 2681 ut
1523 2635 1741 2682 certam·
1784 2628 2102 2700 firmamque

464 2862 484 2884 a
1415 2858 1426 2868 .
1499 2857 1523 2870 ..
1620 2858 1630 2869 .
1708 2858 1747 2889 η.

490 2863 507 2916 )
536 2860 947 2963 ἔδοξ’ἒῗέἀὲιῗὲωῗῆ
983 2859 1173 2971 ἵζ’ῑρὲς
1205 2858 1548 2971 ,352233221'u335
1578 2857 2103 2969 ,32:3120'313202232332:

540 2978 654 3020 illius
691 2979 913 3021 doctrinae
955 2972 1293 3025 animadvertas3
1352 2976 1521 3028 plenam
1565 2978 1609 3016 et
1663 2973 1869 3028 integram
1914 2972 2100 3026 reperias

537 3036 709 3079 demum
758 3040 798 3081 in
834 3036 1036 3091 operibus
1063 3038 1215 3089 postea
1247 3032 1390 3075 editis.
1621 3047 1625 3051 ²
1972 3068 1973 3071 ,
2003 3070 2022 3082 ,,

446 3094 517 3153 “*)
539 3095 695 3194 {socos
726 3095 952 3147 Platonis,
974 3093 1104 3193 Sumie
1143 3091 1581 3190 d'lcii‘h·1sunt}qua;1
1604 3089 1906 3188 εἰκροεείξιῃιίιε,
1950 3087 2100 3186 ᾳιιῑςΠτι

590 3166 684 3195 enn
787 3166 923 3195 anno
1037 3163 1163 3192 sem.
1299 3162 1407 3190 noso
1455 3163 1478 3192 ι.
1587 3161 1701 3190 aon.
1787 3177 1797 3188 .
1880 3177 1890 3186 .
1970 3181 1978 3188 .
2090 3178 2099 3187 .

542 3212 675 3265 praef.
699 3169 844 3268 eplnb4
875 3225 968 3266 sqq.
1004 3166 1045 3264 g.
1077 3207 1162 3254 124
1195 3220 1288 3262 sqq.
1321 3206 1373 3247 T.
1407 3165 1481 3249 lpll.
1520 3221 1558 3259 p.
1597 3206 1664 3250 10.
1699 3206 1751 3248 al.
1792 3207 1836 3244 et
1880 3159 2029 3256 pai-’tim
2076 3217 2098 3242 a

543 3269 667 3311 nubis
699 3272 907 3323 Prolegg.
955 3268 1011 3310 ad
1051 3267 1214 3310 Phileb.
1247 3281 1286 3320 p.
1318 3263 1428 3306 XXI
1458 3278 1553 3317 sqq.
1595 3265 1662 3306 ed.
1699 3263 1737 3305 Ι.
1778 3261 1941 3302 laudati
1979 3265 2095 3309 sunt,

538 3340 624 3371 non
660 3342 769 3384 opus
800 3328 1045 3382 putavimus
1078 3324 1270 3368 indicare
1304 3329 1347 3365 et
1381 3335 1631 3374 recensere,
1671 3319 1930 3379 pracsertim
1962 3329 2095 3371 quum

537 3380 763 3431 brevitatis
803 3387 915 3427 ratio
956 3383 1152 3426 habenda
1195 3389 1326 3425 esset.
1399 3382 1498 3423 Alia
1540 3381 1675 3423 iucem
1723 3389 1841 3420 suam
1881 3373 2095 3428 accipient

538 3455 590 3486 ex
624 3445 700 3500 iis,
733 3457 843 3498 quae
875 3442 928 3486 ad
961 3441 1264 3485 parmenidem
1300 3439 1623 3493 disputavimus.
