2158 3718
329 173 407 209 Lx
939 172 1384 212 PROLEGOMENA

328 300 678 370 mandamque
733 299 919 352 valeat.
1004 297 1273 353 'Nolumus
1326 300 1465 353 enim
1520 299 1733 371 penitus
1776 300 1794 352 i
1835 301 2010 354 norari
2087 316 2090 320 ·

328 371 554 424 aliorum
599 372 699 425 hoc
742 370 797 422 in
845 388 1043 440 genere
1079 368 1284 422 merita.
1345 369 1687 440 Quamquam
1722 389 1791 424 no
1829 371 1875 424 is
1910 370 2013 426 hoc

328 441 561 506 dabitur,
598 451 659 496 ut
685 440 908 494 subinde
931 439 1164 493 breviter
1187 440 1444 495 addamus
1470 461 1703 510 caussaS,
1743 460 1838 496 cur
1860 441 2014 500 aliter

329 521 486 581 atque
522 513 598 566 illi
637 512 940 565 sentiamus,

400 583 592 653 Viguit
613 582 778 653 igitur
800 580 1092 634 recentiore
1116 589 1354 651 tempore
1378 582 1702 653 aliquamdiu
1728 602 1792 636 ea
1815 582 2012 654 opini0,

328 663 389 706 ut
423 653 578 706 Plato
624 654 679 705 in
725 650 1006 704 scribendo
1051 650 1152 704 hoc
1196 671 1355 722 opere
1401 653 1458 705 id
1501 654 1676 726 egisse
1719 662 2012 726 putaretur,

328 733 393 776 ut'
434 743 602 776 vanae
647 723 713 775 de
753 720 989 781 Socratis
1032 741 1162 794 erga
1203 723 1464 793 ingenuos
1508 725 1883 789 adolescentem,
1930 724 2014 777 in-

329 795 622 865 primisque
642 790 995 857 Alcibiadem,
1023 811 1201 845 amore
1227 793 1618 848 criminationes
1635 795 2015 867 impugnaren-

332 877 434 927 tur,
468 875 628 934 atque
654 865 932 917 doceretur
967 883 1199 917 amorem
1234 864 1384 917 illum
1408 884 1516 917 non
1541 865 1706 918 fuisse
1730 875 1941 936 turpem
1965 874 2019 918 et

263 974 265 978 -
329 935 588 999 illicitum,
645 935 741 989 sed
794 935 1071 988 honestum
1125 943 1283 1004 atque
1337 935 1384 988 le
1426 935 1546 989 ibus
1601 937 2018 989 convenientem.

332 1005 511 1073 Quam
549 1006 764 1076 quidem
800 1006 1111 1059 sententiam
1147 1014 1359 1076 praeter
1387 955 1797 1060 {iderotum
1833 1007 1891 1059 in
1913 1005 2019 1058 Di-

333 1077 492 1130 ction.
513 1077 808 1148 Encyclop.
833 1097 873 1130 S.
893 1097 944 1130 v.
973 1076 1331 1149 Composition
1350 1077 1508 1131 tutati
1530 1086 1652 1131 sunt
1668 1077 1897 1130 maxime
1913 1075 2017 1130 Fr.

331 1147 492 1219 Aug.
549 1148 847 1202 Wolfius
893 1147 1147 1218 Prolegg.
1201 1148 1270 1200 ad
1318 1146 1567 1219 SymPOS.
1658 1188 1670 1201 .
1715 1148 1783 1200 38
1833 1165 1912 1216 sq.
1969 1157 2021 1200 et

332 1219 531 1272 Henr.
568 1218 885 1272 Ludovic.
935 1217 1319 1271 Hartmann.
1366 1218 1576 1271 Prolus.
1613 1167 1701 1274 Ee
1743 1217 2019 1289 proposito

334 1288 610 1361 Symposii
652 1289 908 1343 Platonis.
971 1287 1257 1352 Gubenae,
1306 1290 1458 1342 1797.
1504 1291 1582 1354 4.‚
1622 1288 1714 1358 qui
1761 1307 2022 1342 summam

330 1360 454 1414 libri
489 1380 595 1414 una
670 1357 970 1414 otissimum
1000 1359 1302 1414 Alcibiadis
1338 1360 1574 1414 oratione
1598 1359 1857 1414 contineri
1894 1378 2019 1414 cen-

334 1440 572 1486 suerunt.
668 1450 768 1485 uae
805 1431 941 1484 ratio
977 1450 1074 1484 cur
1107 1430 1471 1501 improbabilis
1510 1431 1595 1495 sit,
1634 1429 2022 1501 propemodum

334 1511 521 1574 sponte
558 1511 797 1574 apparet.
834 1502 975 1555 Nam
1010 1501 1261 1572 primum,
1299 1510 1360 1554 ut
1395 1501 1497 1554 alio
1521 1501 1639 1555 loco
1675 1500 2022 1566 ostendimus,

333 1574 400 1627 de
434 1573 555 1627 istis
591 1571 1043 1628 criminationibus
1078 1571 1210 1624 nihil
1245 1572 1358 1624 fere
1390 1572 1638 1625 innotuit.
1675 1570 1891 1626 Deinde
1921 1572 2024 1626 hoc

335 1646 378 1698 si
396 1643 607 1697 Platoni
629 1645 685 1697 in
703 1643 1024 1699 elaborando
1043 1642 1287 1696 convivio
1307 1643 1499 1696 fuisset
1514 1662 1613 1714 pro
1654 1642 1864 1707 ositum‚
1883 1641 2022 1695 mul-

334 1725 418 1768 tae
455 1715 631 1786 operis
666 1723 845 1786 partes
880 1715 1053 1767 forent
1101 1732 1538 1785 supervacaneae.
1643 1723 1804 1783 taque
1839 1713 2024 1767 merito

332 1806 475 1839 nunc
514 1786 774 1839 sententia
809 1786 1047 1839 virorum
1083 1784 1507 1839 doctissimorum
1543 1784 1739 1838 reiecta
1775 1792 1871 1838 est.
1917 1782 2025 1836 His

333 1875 462 1910 vero
497 1857 738 1928 proxime
777 1856 1036 1910 successit
1069 1855 1171 1909 Fr.
1215 1853 1896 1923 Schleiermacherus,
1932 1854 2025 1924 qui

334 1938 508 1981 tamen
557 1937 610 1981 et
653 1927 771 1998 ipse
819 1927 1028 1981 censuit
1060 1926 1119 1979 in
1169 1924 1407 1980 Socratis
1460 1935 1731 1995 tamquam
1770 1924 2026 1997 sapientis

332 1999 490 2053 laude
523 1998 887 2068 quaerendum
922 2016 1040 2052 esse
1064 1997 1375 2067 primarium
1402 1996 1702 2068 scriptionis
1737 2015 2025 2069 argumen-

336 2080 449 2122 tum
492 2069 719 2139 ideoque
767 2069 925 2122 etiam
957 2068 1270 2122 Alcibiadis
1317 2067 1542 2123 orationi
1585 2067 1876 2138 plurimum
1929 2065 2025 2119 tri-

337 2140 611 2194 buendum
656 2159 774 2194 esse
811 2139 1116 2193 arbitratur.
1174 2137 1394 2210 Quippe
1438 2139 1622 2193 statuit
1656 2138 1740 2192 vir
1776 2137 2028 2210 egregius

337 2210 683 2283 Symposium
719 2220 771 2265 et
791 2211 1133 2273 Phaedonem
1158 2209 1455 2264 arctissima
1485 2209 1876 2264 necessitudine
1900 2227 2026 2262 con-

335 2283 575 2336 iunctum
612 2302 730 2336 esse
766 2302 888 2336 cum
929 2280 1184 2350 Sophista
1220 2290 1273 2334 et
1310 2279 1550 2334 PoliticO.
1615 2278 1884 2348 Quocirca
1926 2298 2028 2352 pu-

339 2363 415 2406 tat
459 2355 517 2407 in
554 2351 842 2425 Symposio
889 2361 943 2405 et
977 2352 1264 2406 Phaedone
1314 2352 1459 2406 illam
1496 2350 1735 2405 exhiberi
1774 2349 2030 2423 sapientis

337 2425 642 2497 imaginem,
690 2442 850 2494 quam
885 2423 1039 2476 Plato
1082 2424 1139 2476 in
1175 2422 1438 2494 principio
1479 2421 1765 2492 Sophistae
1801 2441 1835 2474 a
1871 2440 1927 2476 se
1962 2420 2027 2473 il-

338 2496 623 2549 lustratum
657 2495 722 2547 iri
759 2494 1081 2566 promiserit.
1128 2494 1214 2548 De
1251 2513 1358 2563 qua
1393 2513 1452 2546 re
1490 2493 1641 2546 Tom.
1667 2492 1741 2545 II.
1778 2491 1927 2546 Part.
1952 2489 2029 2544 II.

339 2566 568 2619 Praefat.
606 2566 675 2618 ad
709 2563 899 2635 Symp.
936 2585 989 2636 p.
1015 2565 1118 2618 369
1158 2583 1273 2634 sqq.
1319 2564 1396 2618 ita
1433 2563 1676 2633 scripsit:
1726 2563 1890 2626 „Far
1911 2564 2028 2626 den,

341 2640 435 2689 der
472 2639 556 2689 die
587 2637 756 2689 Saehe
794 2638 898 2707 auf
915 2639 1026 2688 eine
1048 2637 1250 2706 freiere
1290 2635 1456 2687 Weise
1483 2634 1777 2695 benachtet,
1816 2635 1884 2685 ist
1905 2634 2031 2705 jene

350 2707 579 2773 Triloqie
623 2727 727 2758 ‘nur
774 2707 991 2758 seltener
1033 2708 1145 2757 und
1188 2705 1474 2758 hem-licher
1509 2704 1766 2757 vollendet
1798 2706 2028 2774 qemein-

342 2777 620 2847 schaftlieh
669 2776 834 2828 durch
878 2793 1036 2827 unser
1089 2771 1377 2845 Gespre'ieh,
1426 2776 1523 2827 das
1577 2771 1871 2844 Gastmahl,
1922 2776 2034 2826 und

343 2847 510 2900 durch
545 2849 643 2898 das
678 2846 1121 2917 ndchsgfolyende,
1160 2847 1259 2897 den
1283 2844 1557 2908 Phaedon,
1593 2847 1649 2897 in
1673 2844 1898 2897 wele-hen
1923 2845 2030 2897 bei-

345 2920 445 2970 den
480 2935 1086 2986 zusavnmenyenommen
1122 2916 1319 2968 Platon
1354 2935 1451 2969 uns
1490 2917 1574 2969 ein
1596 2916 1733 2968 Bild
1770 2917 1859 2968 des
1896 2915 2029 2968 Phi-

346 2988 595 3059 losophen
648 2988 887 3040 daretellt
939 2989 995 3039 in
1053 2989 1147 3039 der
1191 2986 1397 3039 Person
1443 2989 1533 3039 des
1586 2985 1859 3051 Soleo-acea,
1923 2987 2035 3038 und

347 3079 514 3112 zwar
549 3060 719 3129 zei9t
755 3076 818 3110 er
855 3058 963 3110 ilm
1001 3060 1080 3110 im
1116 3058 1443 3121 Phaedon,
1480 3058 1594 3110 wie
1632 3076 1698 3110 er
1734 3059 1814 3109 im
1858 3057 2031 3109 Tode

349 3130 711 3193 erseheint,
775 3130 839 3180 in
892 3148 1185 3181 anserem
1247 3126 1595 3181 Gastmahl
1658 3128 1813 3180 aber
1864 3128 2032 3180 wird

349 3202 677 3263 derselbe,
740 3202 857 3252 wie
913 3218 976 3251 er
1027 3201 1265 3269 yelebt,
1332 3199 1775 3252 verherrlieht
1827 3198 2031 3251 durch

338 3275 486 3343 jene
524 3271 828 3324 Lobrede
866 3271 972 3323 des
1010 3271 1430 3332 Alkibiades‚
1468 3269 1702 3323 welche
1740 3269 1901 3322 doeh
1939 3269 2028 3338 of-

337 3344 582 3413 senbar
627 3345 735 3396 der
782 3338 1006 3412 Gipfel
1050 3345 1174 3395 und
1221 3343 1320 3395 die
1360 3342 1576 3394 Krone
1623 3342 1731 3393 des
1773 3340 2030 3410 ‘qanzen
