2222 3762
396 154 462 207 62
942 207 944 210 ,
1006 155 1480 214 PLATO-NIS
1521 204 1554 209 ,.
1590 202 1648 208 ,..

394 325 503 374 μην
549 305 649 372 μὲν
695 294 794 356 οὖν
835 300 913 359 ,ἄν
958 307 1125 361 τοῦτο
1173 302 1316 359 οὕτω
1355 310 1644 375 γενέσθαι,
1691 314 1737 362 εἴ
1775 329 1826 362 τι
1858 305 2088 379 ἄμεινον

394 397 486 444 καὶ
539 385 668 458 ὑμῖν
712 392 806 441 καὶ
849 393 996 457 ἐμοί,
1054 393 1144 442 καὶ
1200 393 1366 444 πλέον
1410 394 1463 443 τί
1501 412 1567 460 με
1607 395 1833 458 ποιῆσαι
1877 392 2089 448 ἀπολο-

393 472 690 542 γούμενον·
740 469 893 541 οἶμαι
930 475 998 538 Υ(ἳὲ
1043 468 1181 527 αὐτὸ
1223 471 1468 543 χαλεπὸν
1515 475 1671 540 εἶναι,
1704 481 1797 536 καὶ
1839 475 1905 532 οὐ
1940 477 2090 538 πάνυ

392 579 459 627 με
502 552 798 624 λανθάνει,
848 554 967 612 οἶόν
1012 562 1172 610 ἐστιν.
1211 553 1359 626 ὅμως
1391 561 1562 614 τοῦτο
1590 564 1691 626 μὲν
1734 560 1826 614 ἰ’τω
1873 558 1985 637 ὅπῃ
2010 565 2090 631 τῷ

395 643 514 712 θεῷ
561 644 745 715 φίλον,
796 644 871 709 τῷ
918 643 974 694 δὲ
1019 639 1171 710 νόμῳ
1221 647 1470 696 πειστέον
1509 647 1602 698 καὶ
1644 644 2047 716 ἀπολογητέον.
2094 697 2097 701 ,

520 723 661 800 Cap.
705 721 1225 795 ΙΙΙ.Ἀναλοέβωμεν
1255 717 1356 779 οὖν
1398 726 1456 792 ἐξ
1483 725 1672 798 ἀρχῆς,
1720 735 1800 792 τίς
1844 728 1878 796 ἡ
1922 751 2092 796 κατη-

392 815 554 882 γορία
578 813 739 872 ἐστίν,
779 808 835 873 ἐξ
859 801 921 874 ἧς
946 807 979 875 ἡ
1017 806 1116 879 ἐμὴ
1145 807 1385 878 διαβολὴ
1407 817 1641 929 γέγονεν,
1673 807 1719 889 ᾖ
1760 811 1826 880 δὴ
1871 818 1965 869 καὶ
2004 836 2092 869 πι-

393 970 434 1010 11.
473 965 596 1009 vind.
635 968 669 1010 1.
702 965 742 1011 4.
775 968 815 1011 6.
847 965 963 1009 Flor.
1009 968 1049 1008 d.
1113 969 1193 1009 ..11
1225 968 1352 1009 Rarr.
1384 935 1549 1010 BCDS.
1584 969 1773 1025 Hirchig.
1819 968 1932 1011 οὕτω
1965 971 2092 1042 etiam

390 1030 490 1068 ante
522 1025 664 1079 πολλῳ
694 1022 836 1079 χρόνῳ
867 1025 1108 1077 inculcavit,
1142 1031 1315 1079 praeter
1345 1027 1667 1095 necessitatem.

507 1083 670 1123 τοῦτο
709 1082 804 1134 μὲν
846 1083 965 1136 ἴτω]
1009 1084 1112 1126 Aid.
1144 1085 1250 1127 Bas.
1281 1084 1316 1127 Ι.
1357 1082 1455 1137 ἤτω,
1487 1098 1614 1138 quam
1648 1085 1831 1128 sormam
1865 1060 2092 1142 repudian—

391 1142 487 1183 dam
522 1154 618 1183 esse
651 1141 796 1182 docuit
831 1141 1030 1182 Buttm.
1072 1142 1149 1185 Gr.
1185 1143 1324 1194 ΑιιιρΙ.
1369 1143 1421 1182 Τ.
1453 1143 1488 1184 Ι.
1522 1157 1562 1196 p.
1594 1143 1692 1186 550.
1715 1146 1794 1184 ·.ed
1825 1145 1865 1187 1.
1929 1145 2090 1184 Verum

390 1193 680 1252 praebuerunt
698 1200 800 1242 Bas.
832 1200 874 1242 2.
895 1198 1102 1252 stephan.
1135 1205 1177 1241 et
1205 1199 1343 1241 codd.
1367 1212 1498 1252 quum
1531 1203 1684 1254 optimi
1716 1208 1804 1243 tum
1838 1203 1939 1255 long
1912 1215 1969 1242 ve
1997 1204 2091 1253 piu-

389 1260 498 1309 rimi,
532 1271 608 1310 pro
639 1270 726 1310 quo
757 1256 1022 1307 Hirschig
1026 1257 1123 1300 ,de
1153 1270 1231 1299 suo
1263 1257 1383 1298 dedit
1413 1258 1534 1298 ἔστω.
1587 1258 1793 1301 Ceterum
1826 1263 1932 1302 vett.
1965 1260 2088 1301 editt.

391 1324 434 1358 et
465 1328 577 1357 rece.
611 1328 776 1356 omnes.
810 1311 928 1366 ὅμως
958 1291 1036 1354 333⁰
1035 1316 1164 1355 τοῦτο
1195 1329 1235 1365 μ.
1289 1315 1377 1355 Sed
1411 1315 1458 1355 δὲ
1488 1327 1575 1356 om.
1605 1317 1715 1358 Ven.
1750 1318 1790 1357 b.
1822 1317 1918 1358 Vat.
1960 1316 2091 1359 vind.

387 1377 428 1418 1.
449 1375 490 1419 4.
514 1374 556 1417 6.
587 1373 695 1414 Flor
726 1373 766 1413 (1.
831 1372 912 1416 .11.
941 1373 1040 1414 Par.
1059 1374 1150 1414 DS.
1174 1387 1252 1414 nec
1275 1379 1380 1425 puto
1410 1383 1669 1426 aquoquam
1705 1374 1996 1416 desideratum
2030 1374 2091 1416 iri.

505 1431 552 1474 B.
616 1432 698 1471 τίς
741 1425 766 1484 ἦ
807 1433 1114 1485 κατηγορία
1152 1430 1329 1484 ἐστίν]
1373 1429 1508 1479 ἐστι’π,
1547 1433 1675 1482 vulgo
1721 1433 1954 1484 omissum,
1974 1445 2090 1472 011111

387 1492 490 1531 Bas.
523 1490 562 1532 2.
595 1495 769 1530 tuentur
798 1489 925 1530 Βο(11
959 1489 1060 1530 Vat.
1090 1491 1202 1533 Ven.
1234 1503 1271 1532 a.
1304 1490 1345 1530 b.
1379 1490 1507 1532 Vind.
1540 1489 1580 1533 1.
1620 1466 1659 1533 6
1686 1489 1942 1566 Florentini
1940 1494 1995 1531 et
2027 1502 2092 1545 re-

387 1549 488 1601 liqui
521 1557 668 1588 omnes
699 1553 870 1598 praeter
900 1546 1038 1588 Vinci.
1062 1548 1121 1590 2.
1133 1547 1173 1590 3.
1205 1546 1246 1590 4.
1279 1547 1318 1590 5.

503 1603 783 1645 πιστεύων
814 1605 1090 1659 Μέλητος]
1156 1605 1229 1645 Sic
1261 1604 1389 1648 Bodi.
1424 1605 1528 1647 Ven.
1583 1606 1622 1648 b.
1655 1605 1784 1645 Vinci.
1833 1605 1872 1647 1.
1907 1604 2006 1645 Par.
2040 1605 2091 1647 D.

387 1663 506 1707 Flor.
549 1664 591 1706 b.
634 1677 671 1704 e.
702 1663 726 1706 i.
765 1664 925 1715 Augei.
967 1671 1012 1704 et
1048 1676 1172 1715 quern
1212 1661 1436 1704 Bekker.
1476 1677 1517 1715 g.
1558 1664 1622 1711 ‚si-g
1608 1663 1754 1706 mavit
1820 1663 1977 1714 Vulgo
2004 1660 2092 1702 Μέ-

388 1723 515 1762 λιτος.
548 1719 799 1762 Eustathius
831 1716 976 1761 tamen
1011 1722 1063 1761 ad
1097 1719 1255 1775 Odyss.
1287 1733 1326 1765 v,
1362 1721 1459 1764 106.
1499 1734 1554 1774 p
1551 1720 1639 1762 4-2.
1688 1721 1827 1764 ’1.11,
1867 1720 2092 1774 emnzlips

389 1778 574 1820 Μέλιτος
613 1778 803 1820 defendit
842 1792 865 1819 a
907 1780 1081 1825 nomine
1121 1777 1209 1828 μέλι
1256 1778 1488 1820 deducens.
1553 1779 1641 1820 Sed
1688 1778 1744 1817 ita
1786 1779 2090 1832 paenuitimam

389 1839 564 1880 brevem
609 1849 706 1878 esse
751 1837 1056 1888 conveniebat,
1095 1849 1208 1888 quae
1248 1836 1360 1889 apud
1405 1836 1731 1888 Aristophanem
1776 1835 1984 1888 producta
2009 1834 2097 1886 'hae

389 1896 528 1937 betur.
591 1894 749 1935 Forma
783 1894 978 1947 Μέλητος
1008 1906 1137 1947 quum
1173 1906 1254 1934 non
1289 1893 1419 1934 modo
1462 1895 1637 1948 optimis
1664 1893 1805 1934 codd.
1839 1894 1949 1946 apud
2000 1893 2093 1933 Pia-

387 1960 552 2004 tonem,
582 1951 933 2006 Xenophontem,
967 1952 1222 2003 Lucianum,
1250 1952 1552 2002 Aristotelem,
1579 1951 1824 2001 Libanium,
1857 1951 1979 2001 aiios,
2009 1951 2093 1991 sed

388 2012 518 2053 etiam
559 2011 694 2052 titulis
727 2015 772 2052 et
796 2010 1160 2062 'inscriptionibus
1192 2013 1253 2060 (v,
1286 2009 1470 2053 Bentiei.
1505 2010 1642 2063 Resp.
1673 2009 1729 2049 ad
1766 2009 1888 2061 Boyl.
1920 2009 2090 2062 p'.167.

1286 2124 1544 2165 definiuntur
1591 2123 1904 2176 sequentibus
1925 2117 2090 2166 verBis:

1287 2182 1355 2222 καὶ
1393 2181 1526 2221 πλέον
1563 2185 1605 2223 τί
1638 2197 1686 2233 με
1724 2181 1903 2234 ποιῆσαι
1933 2175 2092 2220 ἀπολο-

1286 2237 1514 2294 ymspsvgov
1546 2237 2096 2293 aliquidproficere,

1287 2298 1324 2341 11.
1370 2312 1408 2341 e.
1449 2297 1704 2347 efficere,
1755 2303 1815 2338 ut
1856 2309 1948 2337 vos
1990 2309 2093 2337 ma-

389 2126 454 2168 de
484 2134 560 2167 me
594 2124 943 2179 opinionem,
977 2131 1023 2166 ut
1056 2138 1097 2178 p.
1128 2124 1197 2167 24.

389 2183 539 2228 Λ.»28.
572 2185 628 2227 A.
659 2183 731 2226 20.
766 2184 815 2226 D.
855 2184 923 2228 21.
959 2183 1008 2226 Β.
1063 2183 1199 2226 Nimi-

388 2255 476 2285 rum
536 2237 723 2295 διαβολὴ
775 2241 815 2282 11.
868 2244 1013 2283 nest
1059 2242 1198 2282 mala

389 2301 603 2358 opinio,
669 2300 942 2354 suspicio,
1005 2305 1199 2351 quate-

388 2372 491 2402 nus
555 2358 719 2400 falsis
789 2355 1197 2398 criminationi-

389 2418 485 2460 bus
547 2417 796 2458 excit-ita
861 2421 959 2456 est.
1029 2414 1199 2482 Hesy-

389 2476 565 2517 chius:
604 2469 833 2525 Διαβολή·
874 2469 1141 2512 ὑπόπτευσις
1171 2466 1199 2524 ἢ

389 2530 617 2585 ὑπόληψις.
667 2531 879 2574 Quoniam
923 2536 1096 2571 autem
1113 2527 1197 2570 So-

389 2595 531 2633 crates
565 2587 790 2630 eximenda
817 2587 895 2627 hac
916 2586 1103 2627 indicum
1143 2587 1198 2628 de

390 2664 436 2692 se
469 2647 670 2710 opinione
704 2646 781 2685 sibi
802 2643 1009 2698 proderat
1029 2648 1073 2684 et
1091 2657 1194 2684 con-

389 2706 583 2755 sulebat,
623 2704 756 2746 facile
787 2706 925 2755 patet,
957 2713 1033 2742 cur
1066 2701 1195 2742 Plato

389 2763 614 2816 scripserit
651 2758 887 2812 ἐξελέσθαι,
921 2771 1002 2799 non
1027 2757 1194 2810 ἑξελεῖι.

388 2820 541 2862 -111
568 2819 708 2860 verbis
757 2815 956 2871 ταύτην
992 2810 1057 2856 ’ἑν
1109 2814 1194 2858 οὕ-

387 2889 487 2921 τως
520 2874 684 2932 ὀλίγῳ
716 2873 892 2930 χρόνῳ
923 2874 1194 2916 animadver-

384 2937 512 2980 tenda
534 2942 600 2977 est
618 2936 806 2988 gravitas
829 2932 1054 2984 orationis,
1085 2944 1196 2985 quae

384 2995 540 3049 partim
574 2994 686 3034 inest
732 2992 772 3032 in
807 2990 1063 3045 pronomine
1094 2987 1193 3031 ταὺ·

385 3067 482 3107 την,
520 3051 677 3106 partim
707 3050 746 3091 in
787 3047 1061 3117 oppositione
1090 3060 1192 3090 ver-

385 3113 538 3153 borum
591 3107 638 3149 ἐν
690 3107 832 3161 πολλῳ
880 3102 1022 3160 χρόνῳ
1064 3111 1108 3146 et
1148 3104 1194 3146 ἐν

387 3166 529 3210 οὕτως
561 3162 692 3221 ὀλίγῳ
722 3162 864 3236 χρόνῳ
899 3163 956 3204 cf.
975 3175 1016 3214 p.
1047 3163 1172 3207 24.A

386 3229 474 3269 Est
522 3230 666 3267 autem
718 3218 864 3277 ὀλίγος
905 3217 1066 3274 χρόνος
1104 3223 1191 3263 cie-

387 3283 545 3340 psydra
571 3281 785 3323 definitus.
806 3294 843 3323 v.
863 3278 1194 3321 Soneimann.

388 3341 557 3395 Antiqq.
590 3353 632 3394 p
667 3339 766 3382 282.

317 3397 337 3402 ”
445 3399 613 3441 τοῦτο
646 3393 786 3438 οὕτω
817 3395 1189 3450 γειέσθαι-]

388 3458 531 3502 Verbo
551 3452 618 3496 οὔ
621 3469 678 3496 τω
709 3454 912 3509 γενέσθαι
950 3453 1192 3496 accuratius

1272 3453 1479 3506 privatas,

1284 2358 1385 2397 lam
1427 2355 1492 2396 de
1534 2369 1612 2396 me
1653 2355 1961 2408 opinionem
2007 2355 2092 2394 ab‘-

1283 2414 1495 2455 iiciatis
1544 2413 1851 2465 bonamque
1913 2412 2095 2452 susci-

1284 2471 1369 2524 pia
1382 2471 1466 2512 tis.
1501 2471 1563 2510 De
1582 2470 1768 2511 formula
1787 2466 1964 2518 ἄμεινόν
1979 2467 2094 2508 ἐστιν

1283 2542 1325 2572 v.
1357 2527 1411 2569 ad
1442 2528 1606 2568 Criton.
1639 2541 1682 2581 p.
1713 2526 1783 2570 54.
1820 2527 1868 2568 B.

1340 2585 1499 2625 τοῦτο
1540 2583 1636 2634 μὲν
1689 2582 1808 2637 ἴτω]
1858 2583 2092 2632 exitum,

1283 2644 1588 2684 mentitum
1616 2641 1826 2684 habeto.
1867 2641 2091 2694 Loquendi

1281 2711 1417 2754 genus
1451 2700 1680 2741 inlustravit
1703 2700 1740 2741 H
1758 2700 1999 2741 emsterh
2015 2712 2040 2739 n
2056 2713 2091 2742 s,

1281 2758 1333 2800 ad
1382 2757 1551 2799 Gallim.
1611 2758 1770 2810 Hymn.
1819 2756 1862 2797 in
1910 2757 2003 2798 Dei.
2051 2769 2090 2798 v,

1281 2815 1378 2860 128.
1414 2829 1453 2869 p.
1487 2815 1584 2859 170.
1622 2815 1674 2856 ed
1719 2815 1823 2857 Ern.

1339 2874 1445 2942 Cap.
1487 2873 1561 2916 111.
1619 2874 1670 2914 B.
1731 2868 1987 2925 Μέλητός
2034 2884 2092 2922 με

1281 2928 1576 2999 ἐγράψατο
1595 2929 1688 2984 τὴν
1718 2927 1934 2984 γραφὴν
1973 2927 2089 2969 ταύ-

1282 2989 1400 3045 την]
1433 3003 1576 3043 γραφη
1618 2989 1658 3029 111
1692 2988 1789 3030 soro
1815 2989 1960 3028 Attico
1977 2999 2090 3027 sem-

1280 3061 1358 3102 per
1398 3047 1553 3088 dieitur
1593 3045 1648 3087 de
1691 3046 1860 3087 caussis
1891 3044 2091 3099 publicis,

1280 3117 1409 3159 quum
1450 3106 1546 3157 quis
1589 3109 1822 3144 accusatur
1853 3102 1908 3144 de
1949 3102 2091 3142 crimi-

1280 3163 1404 3204 nibus
1418 3162 1470 3203 ad
1490 3166 1624 3203 totam
1647 3161 1959 3214 rempublicam
1990 3172 2090 3212 per-

1280 3220 1535 3271 tinentibus;
1577 3218 1657 3260 sed
1693 3217 1786 3271 δίκη
1832 3217 1887 3258 de
1920 3218 2089 3257 caussis

1279 3278 1490 3329 omnibus,
1521 3282 1565 3318 et
1596 3276 1781 3329 privatis
1810 3279 1854 3316 et
1884 3274 2086 3327 publicis:

1278 3348 1424 3377 verum
1462 3336 1533 3376 ubi
1571 3332 1665 3386 δίκη
1695 3333 1884 3375 refertur
1902 3332 1955 3372 ad
1985 3345 2088 3385 γρα-

1280 3390 1386 3447 φήν,
1441 3390 1866 3446 semper·¹sign3fieat
1912 3401 2090 3432 caussas

1540 3463 1579 3490 v.
1620 3447 1919 3490 Schssma'nn
1958 3448 2088 3488 Anti-
