2158 3718
736 135 818 177 AD
851 134 1270 205 PHAEDONEM.
1817 132 1883 185 31

117 279 404 338 Phaedone,
442 277 527 328 ubi
562 278 757 340 gravior
792 276 950 342 aliqua
990 277 1270 326 dialecticae
1318 276 1616 340 quaestionis
1657 289 1773 339 pars
1811 275 1886 324 vel

117 351 379 413 suscipitur
415 348 489 397 vel
526 347 748 397 absoluta
785 354 881 404 est,
921 363 978 396 eo
1016 346 1161 396 modo
1197 345 1346 395 verba
1375 346 1510 402 facit,
1543 352 1599 395 ut
1623 346 1814 394 virtutis
1841 353 1888 394 et

118 420 384 483 sapientiae
419 419 633 468 rationes
667 418 939 474 intueatur,
977 419 1166 467 animos
1202 418 1471 465 amicorum
1500 416 1560 465 ad
1587 417 1886 480 desperatio-

117 505 228 538 nem
258 489 472 539 abiectos
498 490 654 551 erigat
689 496 735 538 et
759 489 1065 551 tranquillet,
1107 503 1301 538 causam
1329 487 1524 536 dubiam
1553 493 1602 536 et
1627 487 1886 550 ancipitem

117 560 305 610 divinae
339 560 547 609 iustitiae
583 560 660 621 pie
696 560 908 608 confisus
942 564 1137 608 tueatur
1163 558 1383 622 adeoque
1419 559 1559 621 quasi
1589 558 1788 606 numine
1815 557 1885 605 di-

116 631 226 679 vino
260 631 520 679 instinctus
554 629 768 678 suturam
805 630 1079 678 animorum
1115 629 1257 678 vitam
1285 636 1568 691 auguretur,
1597 628 1807 693 denique
1836 634 1887 676 ut

118 701 190 756 iis,
218 715 346 765 quae
372 699 624 748 dialectico
653 702 879 749 acumine
905 700 1224 756 disseruntur,
1254 699 1397 748 etiam
1423 700 1710 747 interiorem
1736 700 1885 747 animi

113 771 449 820 assensionem
476 770 717 820 conciliet.
769 771 871 819 Hac
905 771 1054 834 igitur
1079 772 1270 820 ratione
1297 771 1417 818 scite
1443 769 1664 834 profecto
1692 769 1886 831 excogi-

117 847 215 890 tata
235 839 371 890 Plato
393 840 566 896 effecit,
591 847 657 898 ut,
683 841 1093 905 quemadmodum
1115 842 1164 889 in
1184 839 1449 904 ‘tragoediis
1477 842 1664 889 cantica
1691 838 1884 888 chorica

114 917 162 960 et
206 912 450 961 orationes
493 913 740 974 agentium
786 926 1109 974 personarum
1146 911 1344 960 alternis
1382 910 1567 959 vicibus
1606 925 1712 960 sese
1758 911 1886 959 exci-

112 983 275 1047 piunt,
310 983 376 1030 ita
414 983 558 1030 etiam
594 984 646 1030 in
681 981 943 1031 Phaedone
981 980 1190 1045 duplicia
1233 981 1371 1043 quasi
1419 980 1660 1030 elementa
1705 982 1886 1045 operiS‚

114 1051 264 1101 altera
310 1052 470 1101 ethica
498 1067 567 1119 ac
612 1053 846 1109 suasoria,
894 1051 1045 1100 altera
1092 1051 1368 1107 dialectica,
1416 1051 1779 1108 discernantur,
1829 1067 1886 1099 ex

113 1122 290 1188 quibus
317 1124 574 1172 universus
609 1121 735 1171 liber
762 1122 822 1171 ad
849 1120 1043 1171 fabulae
1082 1121 1285 1170 alicuius
1322 1122 1575 1170 scaenicae
1613 1120 1885 1171 similitudi-

111 1208 226 1242 nem
252 1195 315 1242 sit
340 1194 651 1258 composituS,
681 1197 857 1242 ornatu
893 1193 1116 1242 scaenico
1154 1193 1461 1257 potissimum
1489 1191 1549 1241 ab
1576 1191 1757 1242 ultimis
1797 1193 1885 1242 So-

113 1264 259 1312 cratis
285 1264 397 1313 satis
424 1269 740 1326 extremaque
769 1263 964 1312 fortuna
991 1262 1191 1312 adscito,

252 1334 386 1393 Quae
434 1335 627 1398 quidem
667 1334 751 1383 ubi
787 1340 1036 1391 tenemUS,
1074 1349 1174 1382 non
1211 1335 1276 1382 ita
1313 1333 1509 1382 difficile
1546 1339 1619 1384 est
1652 1334 1883 1391 iudicare,

114 1405 246 1470 quod
281 1412 447 1455 tamen
482 1405 642 1454 adhuc
679 1407 809 1454 viros
847 1405 1153 1454 doctissimos
1189 1405 1294 1453 fere
1330 1404 1492 1462 latuit,
1540 1420 1780 1470 quaenam
1824 1407 1886 1454 sit

113 1478 260 1525 totius
299 1476 462 1540 operis
498 1490 758 1539 compages
795 1481 842 1524 et
877 1481 1138 1524 structura.
1190 1475 1295 1524 Hoc
1329 1478 1490 1539 ipsum
1526 1477 1674 1539 igitur
1710 1478 1773 1524 ita
1804 1492 1884 1524 ex-

112 1561 298 1611 ponere
342 1545 654 1603 conabimur,
701 1552 754 1595 ut
798 1547 943 1595 etiam
987 1547 1206 1595 universi
1246 1547 1487 1595 sermonis
1525 1553 1884 1609 argumentum,

112 1623 352 1682 quatenus
378 1617 437 1666 ad
463 1632 569 1666 rem
596 1623 906 1681 praesentem
934 1632 1057 1681 opus
1083 1617 1320 1673 videatur,
1350 1616 1688 1667 dilucidemus.

251 1687 420 1752 Itaque
454 1689 612 1751 prima
649 1687 827 1750 dialogi
859 1703 979 1751 pars
1015 1686 1360 1752 complectitur
1406 1687 1757 1751 prologum,
1806 1689 1885 1752 qui

111 1759 323 1823 pertinet
356 1772 512 1821 usque
545 1758 604 1807 ad
641 1773 688 1822 p.
716 1756 784 1807 69
815 1758 868 1808 E.
924 1756 1015 1814 Qui
1051 1758 1250 1822 quidem
1288 1758 1426 1807 locus
1453 1759 1571 1807 duas
1598 1758 1747 1808 habet
1772 1774 1884 1824 par-

114 1836 200 1886 ωε,
215 1835 318 1878 tum
340 1844 546 1879 scaenae
567 1829 955 1886 adornationem,
978 1835 1080 1878 tum
1110 1830 1388 1893 argumenti
1411 1830 1767 1893 expositionem
1787 1845 1883 1878 una

112 1915 222 1950 cum
240 1901 398 1964 prima
419 1900 749 1964 disputatione
772 1899 919 1948 ethici
945 1901 1139 1963 generis
1154 1897 1187 1965 1)
1206 1939 1218 1957 ,
1248 1915 1371 1964 quae
1398 1915 1466 1964 pa
1485 1915 1551 1948 ro
1567 1900 1622 1948 di
1649 1901 1752 1950 vice
1775 1900 1882 1949 fun-

111 1973 265 2035 gitur,
305 1972 367 2019 ita
405 1976 460 2019 ut
494 1969 670 2035 dialogi
706 1967 980 2037 πρότασιν
1015 1971 1256 2020 conficiat.
1307 1970 1592 2034 Respondet
1618 1971 1766 2033 igitur
1804 1971 1884 2019 hic

112 2042 249 2090 locus
286 2043 327 2088 ei
366 2042 494 2105 parti
530 2042 835 2105 tragoediae,
875 2055 1000 2104 quae
1037 2041 1314 2105 pertinebat
1339 2055 1494 2106 usque
1521 2041 1580 2090 ad
1605 2042 1882 2103 ingressum

113 2113 249 2160 chori
290 2111 362 2161 vel
399 2113 613 2176 primum
652 2114 755 2161 eius
791 2113 1032 2161 canticum
1070 2111 1382 2176 habebatque
1415 2112 1606 2160 initium
1633 2112 1881 2167 dramatis,

113 2182 240 2231 unde
268 2182 381 2247 quid
408 2187 636 2243 ageretur
663 2184 861 2231 omnino
889 2182 1107 2245 intellegi
1132 2188 1322 2246 posset,
1353 2189 1405 2231 ut
1432 2183 1559 2247 apud
1589 2182 1737 2248 Soph.
1763 2182 1879 2231 Oed.

111 2253 226 2317 Tyr.
260 2249 481 2302 1--150.

252 2323 415 2372 Altera
451 2338 565 2387 pars
600 2323 748 2372 habet
782 2325 1056 2372 actionis
1090 2325 1121 2373 i.
1149 2340 1190 2373 e.
1229 2322 1510 2373 dialecticae
1546 2323 1884 2387 disputationis

113 2395 581 2443 contentionem
618 2395 716 2442 sive
754 2388 1030 2450 ἐπίτασιν,
1073 2394 1468 2459 quandoquidem
1504 2395 1775 2458 disputatur
1819 2394 1882 2443 ibi

113 2466 172 2513 de
213 2466 537 2528 argumentiS,
578 2464 755 2529 quibus
791 2467 980 2514 animos
1015 2464 1315 2514 immortales
1352 2466 1458 2513 fore
1505 2463 1881 2529 intellegatur2)‚

115 2543 162 2584 et
186 2535 452 2585 absolvitur
479 2535 636 2584 tribus
661 2536 907 2600 partibUS,
937 2537 986 2584 in
1012 2536 1188 2601 quibus
1214 2536 1464 2586 dialectica
1491 2543 1636 2601 atque
1663 2538 1880 2584 suasoria

115 2621 269 2670 eaque
306 2608 517 2656 maxime
554 2608 758 2657 moralia
797 2606 996 2656 alternis
1033 2606 1220 2656 vicibus
1256 2622 1363 2656 sese
1407 2609 1470 2655 ita
1519 2607 1784 2671 excipiant,
1831 2615 1883 2655 ut

113 2678 273 2726 omnia
310 2677 662 2727 admirabiliter
699 2679 756 2726 ad
797 2678 1131 2742 episodiorum
1170 2685 1217 2727 et
1261 2679 1571 2727 stasimorum
1608 2676 1881 2726 similitudi-

114 2763 224 2797 nem
262 2753 539 2811 comparata
576 2748 846 2797 videantur.
899 2749 1020 2798 Nam
1056 2750 1272 2812 primum
1318 2749 1510 2812 quidem
1562 2749 1731 2798 ordine
1778 2747 1881 2797 sere

113 2819 345 2867 continuo
365 2819 455 2866 tria
476 2833 565 2882 pro
583 2820 855 2868 animorum
879 2820 1263 2883 sempiternitate
1285 2820 1558 2868 afferuntur
1578 2826 1878 2882 argumenta,

114 2890 194 2952 qui
222 2895 294 2939 est
321 2890 458 2951 quasi
478 2904 632 2938 novus
652 2889 842 2939 fabulae
863 2897 999 2939 actus
1019 2889 1093 2938 vel
1120 2892 1383 2952 primum
1413 2885 1878 2952 ἐπεισόδιονῧ).

113 2959 299 3018 Quibus
349 2959 657 3008 sermonibus
708 2961 935 3010 Socrates
995 2960 1213 3024 adiungit
1264 2962 1650 3018 cohortationeS,
1704 2960 1881 3024 quibus

112 3030 344 3086 ostendit,
375 3036 607 3093 quantum
636 3030 694 3078 ad
723 3032 948 3081 virtutem
977 3038 1024 3080 et
1049 3033 1333 3095 sapientiam
1362 3033 1557 3087 reserat,
1586 3038 1638 3080 ut
1664 3033 1878 3080 animum

112 3102 159 3148 in
201 3101 288 3148 hac
326 3102 414 3147 vita
452 3102 697 3157 terrestri,
727 3102 885 3165 quoad
913 3102 1017 3150 fieri
1043 3103 1216 3165 possit,
1257 3118 1282 3150 a
1319 3104 1541 3166 corporis
1567 3103 1880 3149 concretione

113 3170 320 3219 liberum
350 3177 667 3234 praestemus
720 3171 852 3228 Quae
881 3173 1075 3235 quidem
1106 3188 1214 3221 cum
1245 3174 1338 3221 sint
1369 3173 1524 3222 ethice
1554 3174 1705 3235 magis
1733 3187 1876 3235 quam

227 3355 266 3405 1)
301 3355 368 3396 Cf.
400 3367 538 3407 supra
570 3366 611 3404 p.
643 3355 711 3395 27.

225 3413 267 3461 2)
300 3412 412 3464 Pag.
449 3413 501 3451 69
525 3412 559 3449 Ε
597 3435 612 3438 -
682 3411 758 3449 107
783 3410 831 3448 B.

226 3470 267 3519 3)
302 3468 415 3520 Pag,
450 3469 503 3507 69
528 3468 561 3505 E
595 3490 647 3494 -—
678 3467 728 3506 81
756 3466 803 3509 Β,
