2158 3718
367 156 466 207 178
935 152 1477 208 PRAEFATIO

363 296 521 350 facile
561 295 838 348 conciliari
874 296 1071 365 potuit.
1149 293 1420 350 Constans
1461 306 1642 350 autem
1666 311 1829 369 atque
1863 321 2056 372 perpe-

362 376 458 421 tua
509 368 625 421 eius
674 366 779 419 fuit
828 386 957 438 erga
1005 367 1289 421 Socratem
1336 388 1493 422 suum
1530 369 1669 422 fides
1707 379 1762 423 et
1801 373 2054 442 amicitia,

364 459 525 509 quam
562 438 698 491 adeo
737 437 991 508 religiose
1030 438 1218 507 coluit,
1257 447 1336 509 ut,
1377 460 1543 510 quum
1580 441 1670 493 ille
1708 441 1763 494 in
1794 443 2055 498 iudicium

363 518 511 565 esset
544 518 790 578 vocatus,
830 510 946 579 ipse
986 527 1154 562 senex
1193 529 1314 563 cum
1353 530 1481 565 sene
1503 510 1738 582 (Criton.
1768 534 1820 584 p.
1847 517 1932 568 49.
1957 517 2055 586 A.)

362 582 547 636 mallet
603 580 668 633 de
719 600 819 633 sua
867 580 1041 651 ipsius
1097 582 1271 634 salute
1316 583 1645 653 periclitari,
1702 603 1863 653 quam
1912 587 2057 642 illius

362 653 642 707 vinculum
693 652 904 705 solvere
955 659 1049 704 aut
1096 652 1354 709 relaxare.
1451 653 1821 721 Quamobrem
1893 659 2055 711 etiam

363 723 519 778 affuit
567 723 615 774 ei
663 724 721 775 in
769 722 974 776 iudicio
1028 742 1277 777 caussam
1311 743 1466 778 suam
1505 725 1708 780 dicenti
1746 735 1908 798 atque
1947 749 2058 782 una

363 816 485 849 cum
541 794 659 847 aliis
709 795 934 847 multam
981 815 1081 865 pro
1136 815 1199 848 eo
1251 796 1518 866 spondere
1566 806 1788 869 paratus
1826 800 1954 864 fuit3
2003 823 2055 853 V.

359 867 602 939 Apolog.
641 865 854 921 Socrat.
892 887 946 937 p.
987 868 1071 920 35.
1114 867 1186 919 D.
1227 869 1311 920 38.
1352 868 1418 920 Β.
1507 868 1658 936 Quin
1707 871 1868 923 etiam
1902 871 2056 924 vadi-

359 939 601 993 monium
637 957 738 1009 pro
776 956 838 992 eo
878 940 1144 1009 suscepit,
1195 939 1354 992 sicuti
1403 958 1469 992 ex
1506 940 1800 994 Phaedone
1838 962 1893 1012 p.
1938 945 2057 997 115.

360 1012 434 1064 D.
473 1009 822 1081 intelligitur,
864 1017 1028 1080 atque
1067 1010 1248 1063 omnia
1284 1012 1547 1079 tentavit,
1598 1021 1658 1064 ut
1706 1013 1870 1065 etiam
1918 1021 2054 1067 tem-

359 1102 493 1155 pore
530 1082 992 1154 periculosissimo
1034 1082 1232 1135 veteris
1272 1083 1431 1136 amici
1485 1091 1539 1136 et
1582 1083 1862 1138 familiaris
1896 1085 2057 1139 saluti

361 1156 686 1210 consuleret.

503 1227 561 1280 Is
611 1226 783 1296 igitur
832 1225 889 1277 in
926 1224 1031 1278 hoc
1071 1224 1288 1297 dialogo
1325 1225 1498 1295 ipsius
1531 1227 1750 1280 nomine
1788 1228 2054 1300 inscripto

361 1299 450 1352 die
489 1307 614 1351 ante
640 1297 884 1353 Socratis
922 1304 1152 1349 mortem
1187 1297 1349 1349 tertio
1386 1298 1560 1366 primo
1599 1299 1777 1352 adhuc
1814 1299 2055 1353 diluculo

361 1371 431 1425 ad
466 1371 614 1424 hunc
648 1371 705 1423 in
741 1387 1029 1437 carcerem,
1068 1368 1125 1420 in
1165 1388 1324 1438 quein
1365 1369 1644 1422 coniectus
1685 1378 1832 1439 erat,
1872 1390 2056 1424 narra-

358 1452 450 1497 tur
496 1442 742 1509 venisse,
794 1451 855 1493 ut
904 1450 1026 1493 eum
1075 1439 1145 1491 ad
1193 1440 1379 1513 fugam
1416 1441 1806 1511 capessendam
1842 1461 2055 1512 permo-

358 1522 540 1582 veret,
583 1513 652 1567 ad
691 1532 852 1583 quam
893 1511 1051 1564 amici
1089 1511 1406 1582 ipsiusiam
1447 1513 1628 1564 omnia
1665 1521 1948 1583 parassent
1983 1514 2054 1584 ¹¹⁸).

358 1587 515 1640 Fecit
552 1593 732 1639 autem
769 1583 931 1637 Plato
968 1581 1278 1651 Socratem,
1331 1602 1497 1652 quum
1539 1584 1742 1638 amicus
1778 1585 1834 1638 in
1873 1593 2055 1638 custo-

357 1659 490 1712 tiam
525 1656 920 1728 ingrederetur,
959 1673 1133 1723 usque
1163 1654 1480 1707 suavissime
1521 1654 1892 1725 dormientem,
1934 1655 2054 1710 Cri-

358 1739 652 1799 tonemque
688 1726 886 1780 deinde
925 1727 974 1778 ei
1009 1726 1308 1797 paullisper
1343 1726 1419 1778 ita
1457 1726 1803 1796 assidentem,
1843 1736 1907 1781 ut
1943 1748 2053 1782 non

354 1803 475 1856 sine
523 1818 721 1870 magna
766 1796 1003 1868 quadam
1041 1796 1397 1850 admiratione
1445 1798 1546 1850 viri
1584 1797 1653 1850 ad
1693 1801 1887 1871 capitis
1921 1819 2051 1873 sup-

357 1873 580 1945 plicium
637 1868 983 1924 condemnati
1032 1870 1267 1938 quietem
1323 1876 1379 1920 et
1437 1870 1886 1938 tranquillitatem
1937 1872 2053 1926 ani-

357 1943 680 1998 madvertat.
765 1941 865 1994 Ille
903 1960 1033 1994 vero
1071 1939 1292 1993 tandem
1332 1959 1360 1991 e
1398 1959 1586 1994 somno
1630 1943 2050 2013 expergefactus

355 2017 600 2083 miratur,
641 2012 790 2084 quod
822 2012 1030 2065 amicus
1068 2019 1180 2064 tam
1216 2011 1386 2064 multo
1421 2031 1578 2064 mane
1615 2012 1721 2066 hoc
1758 2013 1851 2067 die
1886 2033 2052 2067 vene-

357 2087 458 2155 rit,
510 2086 737 2155 eiusque
775 2084 855 2138 rei
891 2102 1143 2137 caussam
1178 2082 1503 2136 sciscitatur.
1581 2082 1708 2150 Quo
1759 2085 1904 2138 facto
1942 2084 2051 2153 hic,

355 2159 458 2212 viri
508 2157 873 2212 constantiam
921 2162 976 2208 et
1025 2154 1190 2207 animi
1237 2154 1564 2224 aequitatem
1611 2156 1667 2208 in
1715 2163 1871 2209 tanta
1909 2156 2052 2212 cala-

356 2231 547 2285 mitate
582 2228 911 2295 admiratus,
951 2226 1200 2279 nuntium
1239 2244 1297 2278 se
1336 2226 1413 2278 ait
1446 2224 1641 2279 afferre
1679 2228 2052 2283 tristissimum

355 2311 521 2372 atque
560 2299 968 2372 gravissimumt
1010 2316 1204 2350 navem
1243 2297 1385 2350 enim
1424 2316 1649 2367 sacram,
1680 2298 1740 2351 in
1773 2297 2050 2369 Apollinis

351 2374 614 2428 honorem
663 2372 722 2424 in
765 2369 970 2424 Delum
1016 2368 1253 2422 insulam
1298 2368 1439 2421 mitti
1488 2370 1779 2438 quotannis
1814 2370 2049 2438 solitam,

353 2445 460 2499 hoc
497 2443 584 2496 die
624 2461 743 2496 esse
775 2438 1097 2508 redituram,
1137 2458 1245 2507 qua
1280 2458 1499 2492 reversa
1523 2440 1573 2492 ei
1596 2441 1935 2494 moriendum
1958 2441 2046 2495 sit.

352 2517 550 2585 Itaque
587 2520 747 2585 rogat
784 2531 906 2565 eum
942 2510 1232 2565 tenerrimo
1275 2529 1398 2564 cum
1424 2511 1621 2564 amoris
1646 2510 1848 2566 affectu
1882 2521 2047 2582 atque

354 2587 635 2653 obsecrat,
674 2591 738 2638 ut
773 2600 918 2637 nunc
956 2582 1178 2648 saltem,
1220 2579 1347 2633 dum
1385 2580 1564 2638 adhuc
1599 2582 1789 2651 liceat,
1848 2603 2047 2655 oppor-

352 2658 642 2712 tunitatem
682 2663 738 2708 et
775 2654 1118 2708 occasionem
1156 2671 1183 2705 e
1228 2651 1477 2705 custodia
1512 2653 1861 2725 aufugiendi,
1917 2674 1948 2708 a
1987 2674 2045 2709 se

352 2728 660 2795 ceterisque
699 2725 888 2779 amicis
926 2730 1201 2795 paratam,
1251 2723 1505 2794 arripiat,
1553 2724 1720 2795 idque
1760 2726 2046 2781 consilium

352 2801 403 2854 ei
441 2797 778 2871 gravissimis
815 2796 1149 2869 argumentis
1178 2795 1555 2850 commendare
1595 2805 1651 2850 et
1686 2798 1918 2869 probare
1954 2816 2046 2852 co-

350 2878 528 2925 natur.
603 2867 717 2924 Sed
753 2866 1198 2940 nequepericuli
1232 2865 1558 2922 imminentis
1594 2868 1922 2941 magnitudo>
1949 2888 2044 2923 ne-

352 2960 457 3012 que
493 2959 682 3014 preces
721 2940 1016 2994 amicorum
1052 2937 1374 2992 tenerrimae
1401 2939 1663 3010 efficiunt,
1702 2948 1765 2994 ut
1785 2939 2043 2996 Socrates

321 3191 324 3192 ⁷
390 3139 458 3193 ι.)
488 3140 598 3180 Rem
635 3143 882 3181 memorant
918 3140 1048 3180 etiam
1079 3141 1249 3182 Auctor
1277 3140 1472 3193 Apolog.
1511 3142 1718 3195 Xenoph.
1739 3174 1741 3176 .
1762 3142 1801 3193 §.
1835 3142 1913 3186 23:
1955 3138 2039 3182 ταῖι·

495 3197 675 3251 ἑταίρων
723 3196 919 3248 ἐκκλέψαι
969 3193 1108 3238 αὐτὸν
1151 3196 1434 3250 βουλομένων
1475 3195 1553 3252 οὐχ
1593 3196 1798 3251 ὖφείπετο
1840 3215 1875 3241 κ.
1923 3215 1954 3241 τ.
2003 3202 2036 3240 λ.

493 3256 774 3297 Plutarch.
813 3255 871 3296 ll.
910 3268 951 3308 p.
990 3256 1118 3300 1126.
1158 3255 1236 3299 13:
1281 3254 1518 3311 Σωκράτης
1554 3256 1654 3308 μετὰ
1694 3255 1769 3311 τὴν
1810 3256 2038 3312 καταδίκην

491 3314 638 3367 φυγῆς·
670 3308 787 3367 αὐτῷ
817 3310 1229 3367 μηχανημὲνηςῶπὸ
1263 3313 1346 3354 τῶν
1378 3317 1515 3367 φίλων
1546 3312 1628 3358 οὐκ
1659 3313 1866 3370 ἐχρήσατο
1884 3331 1919 3358 κ.
1945 3331 1977 3359 τ.
2001 3319 2036 3357 λ.

491 3370 705 3425 Respexit
738 3372 832 3423 ipae
864 3371 1032 3412 Plato
1052 3372 1292 3420 Phaedon.
1323 3385 1363 3428 p.
1392 3373 1462 3418 99.
1494 3376 1552 3416 A.
