2158 3718
371 181 475 231 186
1004 180 1418 232 PLATOMS

276 326 320 375 E
370 345 451 381 νει
500 319 644 381 ὄντα
687 322 726 380 ἃ
769 327 937 393 λέγεις
980 327 1102 423 περὶ
1160 325 1327 396 ἐμοῦ,
1366 333 1471 384 καί
1525 349 1607 391 τις
1662 326 1775 383 ἔστ’
1829 334 1889 384 ἐν
1930 333 2055 401 ἐμοὶ

367 405 612 480 δύναμις,
657 406 731 464 δι’
787 401 856 475 ἧς
890 405 964 462 ἂν
1007 405 1074 462 σὺ
1106 414 1288 478 γένοιο
1315 406 1580 480 ἀμείνων·
1626 409 1924 484 ἀμήχανόν
1967 434 2055 469 τοι

366 492 569 558 κάλλος
611 489 794 565 ὁρῴης
827 489 901 546 ἂν
930 498 988 547 ἐν
1014 483 1133 562 ἐμοὶ
1163 495 1258 548 καὶ
1303 496 1416 560 τῆς
1444 491 1597 564 παρὰ
1630 499 1717 551 σοὶ
1747 494 2054 572 εὐμορφίας

365 575 634 648 πάμπολυ
679 579 964 652 διαφέρον.
1014 582 1059 631 ει
1103 573 1170 643 δὴ
1201 580 1474 651 καθορῶν
1500 577 1639 635 αὐτὸ
1666 578 2053 637 κοινώσασθαί

283 689 288 694 ·
365 666 422 716 τέ
447 683 542 732 μοι
573 667 854 732 ἐπιχειρεῖς
881 663 974 716 καὶ
1007 659 1375 728 ἀλλάξασθαι
1408 659 1607 727 κάλλος
1635 662 1766 720 ἀντὶ
1797 663 2049 732 κάλλους,

368 743 470 801 οὐκ
514 743 681 815 ὀλίγῳ
724 766 833 817 μου
878 748 1221 802 πλεονεκτεῖν
1264 749 1491 811 διανοεῖ,
1533 746 1658 802 ἀλλ’
1712 747 1844 804 ἀντὶ
1889 749 2051 818 δόξης

226 835 332 883 219
368 827 655 897 ἀλήθειαν
696 831 881 884 καλῶν
923 831 1178 884 κτᾶσθαι
1220 837 1499 902 ἐπιχειρεῖς
1543 834 1635 886 καὶ
1669 835 1745 903 τῷ
1772 827 1889 892 ὄντι
1921 833 2055 932 χρύ-

369 933 468 969 σεα
509 915 779 984 χαλκείων
837 915 1227 984 διαμείβεσθαι
1280 925 1439 979 νοεῖς.
1496 913 1646 981 ἀλλ’,
1700 908 1742 971 ὦ
1796 916 2053 990 μακάριε,

362 993 600 1069 ἄμεινον
643 995 846 1059 σκόπει,
887 995 965 1069 μή
1010 1018 1067 1053 σε
1112 997 1388 1054 λανθάνω
1422 998 1585 1059 οὐδὲν
1629 996 1724 1056 ὤν.
1769 997 1804 1069 ἦ
1842 1023 1929 1057 τοι
1956 1004 2055 1068 τῆς

365 1085 618 1145 διανοίας
660 1079 795 1159 ’όψις
838 1077 1066 1153 ἄρχεται
1111 1079 1206 1150 ὀξὺ
1249 1087 1495 1154 βλέπειν,
1539 1080 1680 1140 ὅταν
1723 1082 1756 1153 ἡ
1803 1088 1912 1143 τῶν
1952 1084 2055 1158 ὀμ-

365 1164 556 1239 μάτων
601 1168 700 1233 τῆς
743 1165 925 1234 ἀκμῆς
967 1164 1154 1236 λήγειν
1197 1170 1464 1244 ἐπιχειρῇ·
1510 1166 1575 1224 οὐ
1623 1172 1678 1224 δὲ
1713 1169 1928 1226 τούτων
1972 1173 2052 1225 ἔτι

363 1248 574 1325 πόῤῥω.
659 1248 835 1320 Κάγώ
880 1248 1156 1318 ἀκούσας,
1221 1250 1303 1306 Τὰ
1351 1255 1453 1323 μὲν
1493 1251 1627 1326 παρ’
1683 1257 1846 1324 ἐμοῦ,
1891 1258 2052 1332 ἔφην,

482 1443 534 1485 Ε.
593 1440 885 1496 ἀμήχανόν
925 1459 1014 1484 τοι
1050 1441 1276 1494 κάλλος]
1317 1439 1577 1485 zm'durlum
1612 1458 1690 1498 pro
1723 1447 1842 1497 vulg.
1876 1463 1922 1488 τε
1953 1447 2053 1489 dedi

368 1517 393 1544 e
424 1501 551 1543 Bodl.
583 1501 709 1542 Vind.
735 1500 770 1544 1.
812 1501 1024 1554 probante
1071 1501 1200 1543 etiam
1244 1502 1291 1542 C.
1325 1501 1397 1543 Fr.
1428 1502 1700 1544 Hermanno.
1774 1504 1921 1546 Ceteri
1961 1505 2055 1547 libri

364 1572 467 1601 cum
501 1557 592 1604 Ald.
628 1558 847 1602 Bas.1.2.
883 1558 1086 1600 exhibent
1120 1575 1178 1600 τι.

482 1616 832 1657 πλεονεκτεῖν
864 1616 940 1655 δι
927 1615 1102 1670 ινοεῖ]
1152 1615 1202 1658 V.
1234 1615 1411 1668 διανοῇ,
1442 1615 1558 1670 quod
1589 1630 1614 1659 e
1642 1616 1769 1659 Bodl.
1807 1618 1902 1660 Vnt
1922 1617 1978 1660 A·
2012 1623 2057 1662 et
2124 1605 2129 1609 Ι

369 1686 509 1726 marg.
543 1673 659 1714 Flor.
685 1673 734 1717 F.
766 1674 1040 1715 mutavimus.
1098 1673 1207 1715 Nam
1246 1673 1414 1715 Bodlei.
1444 1679 1489 1715 et
1521 1674 1645 1724 Vat.‚
1685 1674 1740 1717 de
1770 1675 1926 1729 quibus
1959 1676 2057 1719 silet

359 1729 624 1781 hemeras,
665 1730 724 1771 ita
766 1731 973 1784 scriptum
1016 1730 1173 1773 habere
1212 1731 1385 1773 Bastius
1423 1735 1467 1773 et
1506 1731 1776 1775 Gaisfordius
1826 1737 2053 1806 testantur.

369 1788 479 1832 Dein
509 1786 642 1828 καλὸν
679 1788 778 1832 Par.
797 1789 898 1830 ΒΚ.
933 1788 1028 1831 vat.
1048 1801 1090 1842 p.
1150 1787 1283 1831 Iidem
1315 1786 1512 1840 χρύσεια.

484 1845 536 1888 Ρ.
568 1844 668 1890 219.
727 1844 756 1897 ἧ’
786 1861 875 1886 τοι
900 1850 1000 1897 τῆς
1030 1845 1359 1895 διανοίας]
1349 1847 1447 1896 ἴτοι
1477 1845 1603 1890 codd.
1635 1847 1828 1901 plerique
1859 1861 2026 1891 omnes·

486 1900 556 1944 Τὰ
589 1907 684 1957 μὲν
714 1902 834 1957 παρ)
862 1903 1025 1957 ἐμοῦ]
1061 1902 1159 1956 ἐμοὶ
1194 1908 1283 1946 vat.
1300 1901 1352 1946 A
1376 1904 1502 1946 Bodl.
1523 1903 1647 1946 vind.
1661 1904 1702 1949 2.
1722 1911 1766 1947 et
1786 1918 1848 1959 pr.
1872 1906 1976 1948 Ven.
1996 1906 2044 1947 Ξ.

481 1960 571 2002 καὶ
600 1961 727 2017 ἐμοὶ
756 1960 906 2016 ἡγεῖ]
941 1961 989 2005 V.
1021 1959 1118 2016 ἡγῇ,
1154 1960 1270 2015 quod
1303 1974 1448 2004 rursus
1481 1974 1564 2004 nou
1596 1975 1620 2004 e
1652 1963 1747 2004 solo
1779 1966 1976 2018 Ang.w.,
2009 1969 2057 2006 ut

427 2103 480 2145 E.
538 2102 629 2143 καί
666 2119 750 2149 τις
795 2100 902 2144 ἔστ’
951 2102 1004 2143 ἐν
1051 2100 1177 2156 ἐμοὶ

370 2159 624 2216 δύναμις]
658 2161 823 2212 Locus,
856 2161 892 2202 si
922 2161 1017 2215 quis
1048 2161 1172 2211 alius,

364 2231 508 2261 ‘sanus
556 2222 600 2260 et
649 2219 920 2273 incorruptus
969 2218 1049 2260 dici
1090 2231 1174 2260 non

375 2280 520 2332 potest
549 2281 752 2329 quantum
791 2275 1014 2318 molestiae
1043 2276 1176 2319 iwer-

377 2335 572 2389 pretibus
613 2334 834 2376 creaverit,
896 2333 986 2374 Sed
1031 2333 1176 2375 missis

379 2392 508 2434 variis
537 2391 632 2433 istis
669 2392 917 2446 opinionum
953 2403 1178 2434 cemmen-

377 2450 433 2491 tis
472 2448 575 2502 quid
615 2450 738 2491 nobis
775 2461 923 2491 verum
966 2449 1177 2500 videatur,

378 2508 526 2562 paucis
555 2519 772 2561 exponere
803 2506 1064 2548 conabimur.
1097 2506 1180 2548 Est

377 2565 508 2618 igitur
537 2565 749 2607 sententia
781 2565 1013 2606 verborum
1048 2563 1177 2606 haec.

379 2621 596 2663 Videris
627 2621 888 2676 profecto
921 2635 1023 2663 non
1055 2634 1176 2664 con-

380 2680 703 2724 temnendus
735 2693 876 2731 esse,
910 2679 1175 2731 siquidem

380 2747 506 2777 vera
550 2741 677 2776 sunt
714 2748 849 2788 quae
895 2735 959 2776 de
991 2747 1068 2776 me
1099 2735 1175 2776 di-

382 2805 465 2833 cis
495 2805 554 2832 ac
592 2805 638 2833 sn
674 2805 872 2833 revera
902 2804 952 2832 in
981 2804 1057 2832 me
1089 2803 1174 2831 vis

381 2848 654 2902 quaedam
686 2849 856 2899 inest,
897 2861 994 2901 qua
1027 2852 1081 2888 tu
1112 2846 1175 2888 fi-

381 2920 445 2948 as
497 2906 707 2948 melior.
777 2905 904 2947 Nam
963 2904 1060 2946 hoc
1099 2905 1175 2947 ita

382 2964 425 3006 si
469 2963 569 3015 sit,
615 2964 1004 3004 immensam
1057 2975 1174 3016 pro-

382 3021 533 3064 fecto
592 3020 914 3073 conspicias
979 3020 1031 3061 in
1093 3033 1174 3061 me

381 3077 808 3134 pulcritudinem
861 3067 1173 3118 formosita-

382 3143 440 3178 te
471 3142 566 3178 tua
593 3136 760 3177 multo
798 3135 1172 3189 praestantio-

384 3208 506 3238 rem.
557 3193 645 3236 Sed
664 3193 910 3247 postremis,
942 3205 1054 3244 quae
1075 3205 1173 3234 cum

383 3252 500 3304 gravi
531 3252 852 3293 asseveratione
877 3250 1053 3301 reliquis
1070 3251 1168 3291 sub—

382 3310 638 3362 iunguntur,
682 3319 767 3350 non
807 3306 977 3349 additur
1016 3307 1176 3350 diserte

384 3367 597 3417 conditio,
657 3367 815 3420 quippe
863 3377 973 3418 quae
1020 3370 1177 3418 sponte

382 3423 644 3478 intelligitur.
703 3421 960 3467 Germanice
991 3420 1176 3465 dixeris:

1260 2101 1552 2154 „wahrlich
1584 2103 1704 2146 eine
1736 2103 2059 2146 wunder-ba-

1261 2172 1321 2201 re
1364 2159 1662 2204 Sclnfinheit
1706 2160 1947 2204 weit-dest
1990 2161 2058 2205 du

1263 2217 1394 2258 dann
1463 2219 1513 2259 in
1581 2219 1685 2260 mir
1753 2218 2057 2273 erblicken,

1262 2273 1462 2318 welche
1529 2275 1615 2318 die
1678 2275 2059 2331 Wohlgestalt

1262 2345 1323 2374 an
1374 2332 1461 2374 dir
1518 2334 1647 2376 weit
1704 2334 2057 2377 fibertrifft.“

1262 2391 1466 2432 Ceterum
1499 2391 1736 2444 asyndeton
1762 2391 1802 2432 in
1832 2391 1950 2445 gravi
1981 2390 2060 2433 hac

1263 2449 1588 2490 asseveratione
1609 2449 1762 2492 ceteris
1782 2450 1922 2490 verbis
1953 2449 2058 2491 sub·

1261 2505 1374 2548 iecta
1405 2506 1618 2548 neminem
1651 2506 1902 2550 morabitur.

1319 2561 1441 2604 ἀντὶ
1471 2561 1632 2617 δόξης
1661 2562 1939 2616 αλήθειαν
1968 2578 2054 2603 κα-

1261 2621 1359 2661 λῶν
1408 2619 1509 2675 κτ.]
1556 2620 1593 2662 h
1639 2633 1677 2664 e.
1715 2619 1814 2661 ἀντὶ
1849 2621 1984 2661 καλῶν
2027 2616 2056 2660 8

1261 2678 1378 2718 δοκεῖ
1421 2676 1527 2717 καλὰ
1567 2676 1607 2717 εἶ
1612 2693 1679 2717 ναι
1731 2679 1925 2718 κτᾶσθαι
1962 2678 2056 2718 ἐπι-

1254 2736 1414 2787 χειρεῖς
1444 2731 1598 2773 καλοὶι
1580 2752 1605 2773 α
1637 2735 1752 2774 ἔστιν
1779 2731 1835 2779 ὡς
1862 2732 2055 2787 ἀληθῶς.

1254 2790 1302 2831 ln
1352 2791 1557 2842 proximis
1604 2789 1754 2832 alludit
1801 2791 1855 2832 ad
1916 2794 2055 2834 locum

1257 2846 1498 2889 Homeri
1529 2847 1647 2890 Iliad.
1680 2848 1751 2891 Vl.
1782 2861 1821 2890 v.
1856 2846 1942 2892 234
1964 2862 2058 2902 sqq.

1254 2902 1355 2944 ἔνθ’
1389 2919 1441 2944 αυ
1451 2920 1496 2946 τε
1516 2903 1698 2959 Γλαύκῳ
1718 2905 1933 2977 Κρονίδης
1953 2910 2058 2960 φρέ-

1255 2978 1331 3008 νας
1363 2963 1522 3007 ἐξέλετο
1553 2961 1694 3016 Ζεύς,
1731 2959 1782 3008 ὃς
1820 2963 1927 3036 πρὸς
1966 2965 2057 3005 Τυ-

1256 3020 1401 3072 δείδην
1440 3018 1662 3074 Διομήδεα
1702 3019 1845 3073 τεύχε’
1885 3021 2057 3075 ἄμειβε,

1254 3075 1415 3132 χρύσεα
1441 3079 1667 3130 χαλκείων,
1704 3076 1957 3133 ἑκατόμβοι’
1993 3080 2059 3120 ἓν·

1257 3136 1476 3186 νεαβοίωι.

1319 3191 1482 3236 Ρ.2Ῑ9.
1515 3191 1545 3245 ἧ’
1572 3208 1661 3233 τοι
1692 3193 2059 3244 τῆςδιανοίας

1260 3249 1397 3302 ὄψις
1426 3248 1508 3304 -]
1552 3250 1676 3292 Solet
1716 3265 1786 3290 τοι
1814 3251 1854 3292 in
1884 3257 2058 3292 senten—

1261 3308 1330 3349 tiis
1363 3307 1596 3350 afferendis
1625 3308 1686 3349 sic
1718 3309 1845 3361 poni,
1878 3314 1924 3349 nt
1954 3319 2058 3349 con-

1261 3365 1457 3407 firmandi
1510 3364 1667 3408 habeat
1715 3366 1799 3406 vim
1846 3371 1892 3407 et
1926 3364 2059 3418 signi-

1261 3422 1520 3466 ficationem.
1579 3422 1671 3467 Nos
1701 3422 1866 3466 voculis
1889 3421 1968 3476 ja,
2004 3420 2063 3476 ja
