2158 3718
563 161 1068 217 SYMPOSIUM.
1108 180 1160 229 p.
1199 164 1308 212 210
1342 165 1414 214 st.

1729 166 1830 215 155

161 313 283 374 λος·
346 310 512 364 τοῦτο
558 304 623 361 δ’1
659 303 1004 372 ἐννοήσαντα
1048 308 1389 374 καταστῆναι
1443 306 1831 365 πάντων.τῶν

161 395 344 448 καλῶν
388 386 656 461 σωμάτων
697 389 963 460 ἐραστήν,
1020 388 1141 455 ἑνὸς
1194 394 1251 446 δὲ
1297 388 1357 446 τὸ
1398 389 1617 467 σφόδρα
1661 390 1827 450 τοῦτο

156 473 400 549 χαλάσαι
455 471 964 547 καταφρονήσαντα
1023 479 1116 531 καὶ
1170 470 1399 546 σμικρὸν
1452 473 1829 547 ἡγησάμενον·

159 555 311 632 μετὰ,
344 562 400 614 δὲ
444 560 621 613 ταῦτα
664 553 727 612 τὸ
770 563 828 612 ὲν
871 568 992 623 ταῖς
1033 571 1238 633 ψυχαῖς
1280 558 1479 625 κάλλος
1515 558 1835 634 τιμιώτερον

161 641 486 714 ἡγήσασθαι
514 644 628 696 ,τοῦ
672 648 730 696 ὲν
785 644 862 712 τῷ
904 642 1141 714 σώματι,
1198 640 1329 708 ὥςτε
1384 647 1476 699 καὶ
1533 641 1632 700 ἐὰν
1673 650 1837 700 ἐπιει-

160 725 260 804 κὴς
294 723 371 782 ὢν
415 721 520 793 τὴν
545 723 732 803 ψυχήν
775 747 858 817 rig
886 729 980 781 καὶ
1026 722 1181 807 [ἐὰν]
1228 725 1456 801 σμικρὸν
1498 724 1688 794 ἄνθος
1730 731 1837 807 ἔχῃ,

274 887 332 930 τὸ
368 885 579 943 σφόδρα
610 891 778 927 τοῦτο
806 889 1070 944 χαλάσαι]
1102 889 1182 931 τὸν
1211 889 1381 945 σφόδρα
1411 895 1572 932 τοῦτον
1603 892 1701 933 Par.
1724 891 1826 934 DK-

161 946 305 1001 Vat.p.
324 945 500 988 Vind.7.
558 944 724 986 Deinde
755 945 900 988 Vat.n.
920 947 1130 991 Flor.b.i.
1163 947 1343 1002 σμικρὸν
1376 947 1513 989 αὐτὸν
1543 948 1827 1004 ἡγησάμενον.

271 1003 364 1044 καὶ
400 1001 493 1043 ἐὰν
534 999 780 1054 ἐπιεικὴς
818 1003 910 1056 ὤν]
956 1005 1004 1046 V.
1049 1004 1129 1056 ἄν,
1171 1006 1313 1046 invitis
1352 1005 1479 1048 codd.
1537 1005 1831 1049 Alterumfflv

160 1066 261 1103 ante
292 1058 473 1116 σμικρὸν
502 1058 729 1100 delendum
761 1071 934 1104 censeo.
990 1062 1134 1103 Minus
1171 1067 1291 1103 recte
1328 1062 1369 1103 in
1405 1061 1483 1102 κᾶν
1519 1065 1674 1107 mutari
1706 1065 1832 1106 iussit

163 1118 342 1169 Herm„
374 1117 532 1171 quippe
560 1116 676 1174 quod
709 1129 733 1157 a
763 1116 963 1160 Platonis
994 1132 1193 1161 sermone
1225 1119 1439 1163 abhorret.

157 1229 412 1272 omnibus
459 1230 798 1283 corporibus
843 1233 956 1286 pul-

158 1286 453 1330 critudin
475 1300 555 1328 em
617 1300 738 1330 esse
799 1300 954 1330 unum

154 1345 427 1398 idemque,
459 1343 497 1387 h.
531 1358 568 1386 e.
601 1344 635 1384 si
665 1357 749 1386 non
779 1345 834 1386 ad
863 1346 957 1388 ide-

156 1416 225 1445 am
248 1401 381 1455 ipsius
403 1400 696 1454 pulcritudinis
718 1405 953 1456 perveniat.

157 1460 306 1513 ltaque
355 1457 405 1498 τὸ
448 1457 517 1498 ἐπ’
570 1460 674 1500 εἴδει
715 1458 847 1500 καλὸν
889 1466 958 1502 est

159 1519 414 1571 pulcrum
461 1514 513 1556 in
560 1517 778 1569 specie3
838 1517 956 1570 quod

159 1573 392 1628 opponitur
450 1585 549 1626 gen
565 1573 666 1624 eri,
728 1580 775 1615 ut
832 1580 954 1617 recte

155 1631 320 1674 monuit
379 1629 832 1683 wyttenbachius
901 1631 956 1673 ad

157 1688 326 1742 Eunap.
364 1700 405 1741 p.
436 1687 535 1730 247.
596 1687 726 1731 Quod
740 1719 742 1721 -
756 1688 955 1741 quoniam

158 1745 410 1788 incredibile
437 1745 572 1788 visum
605 1750 673 1786 est
706 1745 788 1786 Rii
805 1759 828 1787 c
842 1747 867 1788 k
881 1759 957 1788 er-

157 1808 243 1854 to,
274 1802 317 1843 in
347 1802 666 1844 commentariis
696 1801 749 1843 ad
780 1803 959 1844 Parme-

157 1859 302 1903 uidem
342 1864 387 1900 et
432 1859 657 1901 Ponticum
717 1860 958 1912 docuimus,

155 1916 271 1963 εἶδος
299 1929 378 1971 pro
400 1916 514 1958 varia
537 1917 764 1970 verborum
784 1923 829 1961 et
859 1931 959 1959 sen-

157 1975 386 2017 tentiarum
416 1973 682 2016 connexione
708 1979 752 2015 et
773 1975 829 2016 de
859 1988 959 2029 spe·
984 1997 989 2001 -·

155 2033 249 2083 cie,
301 2044 429 2084 quam
479 2042 592 2073 nunc
628 2038 786 2073 vocant
825 2032 958 2074 diale-

158 2089 279 2140 ctici,
322 2094 366 2130 et
396 2088 451 2130 de
482 2100 645 2130 summo
675 2102 834 2142 genere
864 2091 956 2131 sive

155 2145 252 2188 idea
287 2145 488 2198 usurpari
525 2146 679 2190 solere.
750 2147 953 2188 Ceterum

155 2216 240 2245 non
292 2202 476 2244 diffiteor
522 2204 648 2246 malle
702 2216 772 2245 me
819 2206 858 2246 εἰ
900 2203 948 2256 δὴ

155 2259 294 2303 διώκει
324 2260 525 2313 scriptum
560 2259 668 2312 legi,
707 2273 952 2314 quanquam

155 2317 372 2371 quomodo
408 2318 575 2370 vulgata
615 2317 740 2361 lectio
780 2319 950 2361 defendi

155 2382 310 2428 queat,
378 2386 612 2427 sanequam
682 2377 949 2430 exploratum

94 2430 98 2432 ἡ
155 2433 374 2474 habemus.

214 2521 382 2558 τοῦτο
415 2515 460 2555 δ’
492 2515 834 2569 ἐννοήσαντα
868 2533 952 2557 κα-

156 2575 446 2628 ταστῆναι]
481 2575 554 2618 int.
585 2573 816 2617 αὖτόνδεῖ.
859 2573 953 2617 Re-

157 2633 342 2687 liquerat
378 2633 567 2674 Diotima
610 2645 660 2674 ac
702 2631 954 2675 deseruerat

160 2690 370 2732 orationis
414 2690 611 2742 obliquae
640 2689 824 2730 formam
855 2689 954 2730 inde

157 2761 182 2789 a
215 2747 378 2789 verbis:
410 2747 480 2787 καὶ
507 2749 545 2787 εἰ
574 2749 640 2790 δεῖ
670 2747 836 2788 διώκειν
855 2763 890 2787 κ.
914 2762 952 2789 τ.

159 2805 215 2856 L,
250 2817 359 2845 nunc
389 2804 442 2844 ad
473 2818 564 2846 eam
598 2817 741 2847 rursus
773 2803 953 2846 reverti-

158 2867 239 2902 tur.
292 2861 421 2904 Quod
445 2874 496 2902 ne
523 2863 616 2915 quis
635 2868 808 2916 praeter
830 2873 952 2902 usum

159 2924 204 2958 et
245 2917 599 2960 consuetudinem
641 2920 803 2960 factum
855 2931 954 2960 esse

158 2974 380 3028 opinetur,
422 2975 506 3014 alia
547 2975 588 3016 id
628 2988 761 3028 genus
806 2988 953 3016 exem-

160 3035 230 3086 pla
293 3043 428 3084 nuper
496 3033 840 3082 consignavimus
900 3031 953 3072 ad

161 3088 383 3130 Phaedon.
407 3086 524 3140 986.
545 3091 595 3129 A.
610 3089 677 3132 95.
699 3091 746 3129 C.
771 3089 894 3130 Prot.
914 3102 956 3142 p.

163 3145 650 3200 338.C.Alcibiad.ll.p
683 3146 775 3188 147.
788 3146 839 3188 E.
867 3146 952 3187 La-

163 3204 274 3245 clnet.
295 3216 331 3256 p.
357 3203 447 3246 leo.
471 3202 521 3242 Β-

222 3286 340 3335 iude
382 3289 434 3328 ὄὲ
483 3285 539 3328 ἰὁ
585 3285 801 3341 σφόδρα
839 3292 956 3328 τοῦ-

165 3363 223 3388 το
252 3343 508 3399 χαλάσαι]
541 3344 578 3386 h.
602 3359 639 3388 e.
668 3345 955 3387 veliemen-

164 3412 280 3447 tem
328 3405 475 3446 illam
518 3405 674 3444 unius
705 3404 957 3457 corporis

1043 1233 1403 1287 cupiditatem
1457 1236 1759 1277 remittere
1789 1239 1840 1276 et

1041 1292 1199 1343 quasi
1243 1293 1567 1338 relaxare.
1636 1293 1745 1334 Nam
1785 1291 1834 1333 τὸ

1041 1346 1214 1401 σφόδρα
1259 1353 1392 1389 τοῦτο
1441 1350 1554 1391 idem
1603 1355 1671 1391 est
1722 1350 1839 1403 quod

1040 1409 1175 1446 τοῦτο
1216 1404 1265 1446 τὸ
1310 1404 1480 1461 σφόδρα
1516 1410 1618 1462 ἐρᾶν
1662 1409 1730 1448 vel
1759 1404 1839 1448 τᾶν

1040 1461 1233 1516 σφοδρὸν
1261 1467 1418 1503 τοῦτον
1447 1467 1598 1518 ἔρωτα,
1633 1465 1745 1506 unde
1772 1465 1838 1506 in-

1040 1521 1246 1573 telligitur
1275 1534 1407 1562 causa
1438 1522 1611 1575 originis
1642 1522 1835 1563 lectionis

1040 1578 1082 1620 in
1113 1578 1256 1620 multis
1288 1578 1417 1621 codd.
1449 1584 1729 1621 conservatae
1757 1578 1837 1620 τὸν

1041 1633 1210 1690 σφόδρα
1240 1639 1410 1676 τοῦτον.

1097 1690 1222 1739 ὕςτε
1252 1691 1337 1732 καὶ
1373 1691 1463 1732 ἐὰν
1492 1693 1743 1747 ἐπιεικὴς
1771 1694 1837 1736 ὢν

1039 1766 1078 1790 τ.
1122 1747 1196 1801 ψ.]
1246 1749 1416 1791 Horum
1464 1752 1692 1793 verborum
1732 1765 1839 1794 con-

1039 1807 1222 1847 structio
1283 1819 1413 1859 quam
1473 1808 1599 1849 valde
1651 1809 1834 1862 laboret,

1041 1864 1207 1905 etiamsi
1249 1877 1332 1904 non
1374 1866 1585 1906 senserint
1623 1866 1838 1920 interpre—

1040 1925 1134 1972 tes,
1182 1926 1323 1962 tamen
1361 1923 1427 1962 vel
1467 1922 1672 1963 mediocri
1709 1924 1839 1966 animi

1041 1978 1277 2020 attentione
1318 1979 1532 2020 neminem
1586 1985 1730 2032 potest
1775 1982 1838 2022 la—

1041 2040 1148 2077 tere.
1209 2035 1352 2080 Quum
1395 2036 1506 2078 enim
1536 2034 1636 2084 ὥςτε
1665 2038 1738 2076 καί
1765 2051 1837 2079 re·-

1039 2092 1261 2135 ferendum
1300 2091 1366 2134 'sit
1397 2092 1451 2134 ad
1480 2092 1668 2148 ἐξαρκεῖν
1697 2092 1835 2151 αὐτῷ,

1039 2155 1221 2204 apparet
1253 2163 1401 2191 eorum
1433 2151 1688 2203 verborum,
1724 2165 1833 2205 quae

1036 2208 1259 2249 interiecta
1281 2213 1393 2259 sunt,
1426 2209 1634 2249 rationem
1666 2207 1739 2249 ἐάν
1770 2210 1832 2250 liis

1036 2265 1154 2306 illato
1176 2264 1350 2306 miritice
1373 2265 1625 2317 perturbari.
1684 2266 1835 2319 Neque

1036 2327 1180 2363 tamen
1222 2323 1348 2375 longe
1395 2321 1604 2363 medicina
1647 2323 1832 2377 petenda

1036 2385 1117 2420 est.
1196 2378 1350 2419 Deleto
1409 2380 1520 2421 enim
1573 2381 1708 2422 altero
1759 2379 1834 2420 ἐὰν

1037 2437 1177 2477 omnia
1218 2441 1332 2478 sarta
1373 2440 1487 2477 tecta
1529 2444 1663 2478 erunt.
1722 2437 1833 2480 Nam

1035 2493 1096 2534 ita
1126 2493 1196 2534 καὶ
1218 2491 1400 2545 σμικρόν
1424 2495 1627 2548 positum,
1662 2499 1711 2536 ut
1732 2495 1830 2536 Cri-

1037 2556 1126 2592 ton.
1159 2564 1197 2591 c.
1232 2550 1282 2592 V.
1317 2556 1424 2591 extr.
1465 2553 1504 2592 εἴ
1539 2566 1582 2610 ’ξι
1619 2552 1689 2591 καὶ
1730 2567 1835 2607 σμι-

1037 2607 1140 2662 κρόν
1181 2608 1296 2661 ἡμῶν
1335 2607 1493 2660 ὄφελος
1533 2613 1609 2660 ἠν,
1650 2613 1695 2651 et
1734 2622 1834 2651 sex-

1037 2665 1174 2706 centis
1206 2665 1299 2707 aliis
1329 2666 1449 2706 locis.
1511 2665 1632 2708 Idem
1670 2665 1724 2707 de
1755 2666 1835 2708 hoc

1037 2723 1134 2764 loco
1179 2734 1314 2775 nuper
1350 2723 1487 2765 visum
1531 2736 1639 2771 esse⁴
1664 2724 1833 2773 ,Astio

1037 2791 1123 2820 non
1163 2780 1253 2820 sine
1303 2780 1429 2822 animi
1485 2780 1644 2822 laetitia
1687 2781 1830 2823 video.

1039 2836 1260 2878 Sententia
1301 2837 1431 2890 igitur
1471 2837 1575 2878 haec
1617 2843 1701 2887 est:
1758 2838 1833 2879 ita

1038 2902 1094 2934 ut
1145 2895 1227 2935 vel
1275 2900 1411 2946 tum,
1462 2895 1509 2935 si
1565 2895 1691 2947 quis
1733 2909 1833 2936 me-

1039 2950 1221 2992 diocri
1261 2952 1422 2994 animi
1469 2952 1722 2993 bonitate
1762 2953 1832 2991 in-

1038 3013 1290 3052 structus
1336 3022 1524 3062 parum
1571 3008 1830 3060 corporis

1038 3065 1419 3118 pulcritudine
1473 3066 1708 3113 floreat,
1767 3078 1829 3104 eo

1037 3127 1334 3165 contentus
1379 3124 1457 3163 sit
1499 3127 1578 3162 etc.
1652 3122 1713 3161 De
1757 3122 1828 3160 illo

1036 3181 1106 3219 καί
1136 3185 1234 3233 post
1261 3178 1362 3226 ἇίςτε
1394 3178 1672 3229 interposito,
1715 3177 1828 3229 quod

1039 3237 1357 3278 Riickertus
1422 3235 1574 3275 iniuria
1639 3233 1828 3275 deletum

1037 3294 1130 3345 ivit,
1161 3295 1463 3347 explicavimus
1494 3290 1548 3330 ad
1580 3290 1734 3344 Remp.
1759 3291 1827 3332 vl.

1039 3364 1079 3403 p.
1111 3351 1210 3395 506.
1243 3352 1291 3391 D.
1355 3349 1558 3389 Ceterum
1599 3346 1739 3395 ἄνθος
1777 3347 1831 3388 de

1041 3409 1235 3462 corporis
1265 3404 1544 3460 pulcritudine
1565 3403 1725 3447 dictum
1744 3404 1830 3449 sre—
