2222 3762
1749 193 1864 246 XV

168 336 395 410 perfecti
431 334 693 406 sapientis
729 334 1019 404 imaginem
1059 334 1116 386 in
1153 332 1493 386 sermonibus
1546 331 1656 385 suis
1693 332 1863 385 intro-

170 408 386 462 duxerit
436 418 600 476 atque
651 405 923 458 dicentem
972 405 1164 459 fecerit
1201 423 1291 472 ea,
1345 422 1483 472 quae
1520 403 1638 473 ipse
1677 402 1864 457 divino

166 479 387 552 ingenio
425 497 524 532 suo
563 477 947 549 excogitasset.
1024 477 1113 530 De
1164 494 1274 545 qua
1320 494 1379 527 re
1418 475 1576 545 plura
1615 473 1866 527 dicentur

167 558 377 621 postea.

307 619 530 688 Quanto
558 626 740 672 autem
765 618 949 671 studio
976 616 1356 688 philosophiae
1380 624 1495 668 tum
1523 634 1742 686 operam
1769 615 1863 669 de—

169 691 326 760 derit,
366 691 525 744 facile
551 689 743 743 exinde
772 690 953 761 colligi
979 696 1180 760 potest,
1222 687 1369 758 quod
1391 687 1483 740 illo
1500 687 1622 757 ipso
1652 695 1863 758 tempo-

167 782 245 831 re,
274 782 381 833 quo
407 763 665 816 utebatur
694 760 940 816 Socratis
967 760 1332 814 familiaritate
1356 766 1411 812 et
1448 758 1862 828 consuetudine,

167 834 472 905 complures
512 833 820 904 composuit
846 832 1111 904 dialogOS‚
1139 832 1196 884 in
1224 831 1421 900 quibus
1449 849 1615 900 quum
1642 831 1862 883 omnino

167 904 501 959 Socraticam
523 905 766 958 imitatus
793 912 877 957 est
903 902 1204 957 disserendi
1229 903 1511 970 rationem,
1550 909 1664 954 tum
1703 902 1864 955 etiam

166 976 412 1047 singulos
460 975 725 1044 quosdam
770 974 1146 1045 philosophiae
1197 973 1475 1043 popularis
1523 973 1675 1026 locos
1714 993 1864 1026 more

166 1045 446 1101 Socratico
483 1045 774 1099 illustravit
809 1047 884 1114 ⁹⁸)-
963 1044 1212 1112 Quorum
1259 1043 1521 1097 librorum
1570 1051 1741 1096 artem
1778 1064 1865 1097 ra-

164 1117 478 1185 tionemque
515 1116 749 1186 posthac
787 1117 976 1187 paucis
1015 1114 1324 1168 describere
1351 1115 1684 1167 conabimur.
1739 1115 1863 1168 Ma-

164 1188 307 1240 xime
371 1194 551 1241 autem
619 1189 735 1240 eius
794 1188 1034 1241 studium
1095 1185 1387 1239 scribendi*
1418 1186 1714 1239 excitatum
1763 1195 1864 1256 est,

167 1278 334 1329 quum
381 1259 602 1312 nefariis
650 1259 858 1313 artibus
902 1259 1181 1313 hominum
1227 1258 1747 1327 improbissimorum
1787 1259 1866 1311 ef·

164 1332 368 1383 fectum
406 1329 645 1399 videret,
684 1338 747 1383 ut
784 1330 1040 1385 Socrates
1080 1349 1190 1382 non
1228 1329 1403 1382 solum
1438 1328 1734 1398 impietatis
1774 1349 1863 1383 ac-

167 1409 473 1469 cusaretur,
524 1401 622 1456 sed
659 1402 821 1455 etiam
859 1402 1218 1456 iniustissimo
1255 1399 1459 1453 iudicio
1499 1400 1693 1470 capitis
1734 1421 1864 1454 con-

165 1472 526 1526 demnaretur.
611 1473 676 1526 In
728 1492 889 1543 quem
936 1493 1103 1543 quum
1148 1479 1407 1541 tanquam
1457 1471 1514 1524 in
1557 1471 1863 1541 perfectum

163 1544 380 1597 virtutis
431 1563 494 1597 ac
542 1545 843 1614 sapientiae
895 1545 1167 1615 exemplar
1218 1543 1416 1596 intueri
1472 1544 1862 1612 consuevisset,

147 1634 486 1687 *generosum
538 1616 652 1669 eius
701 1624 893 1686 pectus
945 1616 1147 1670 exarsit
1200 1614 1621 1686 flagrantissimo
1680 1615 1863 1669 studio

164 1686 400 1740 tuendae
452 1687 793 1749 innocentiae
842 1687 1089 1760 magistri
1139 1686 1252 1754 sui,
1303 1686 1408 1740 hoc
1456 1693 1539 1739 est
1586 1686 1701 1739 eius
1740 1688 1863 1756 viri,

167 1759 261 1827 qui
310 1758 483 1812 omnis
534 1759 750 1811 virtutis
801 1779 865 1813 30
913 1759 1213 1830 sapientiae
1252 1757 1455 1810 vindex
1491 1771 1546 1810 et
1581 1758 1865 1813 restitutor

164 1828 459 1882 videretur.
540 1830 737 1900 Itaque
789 1831 882 1884 illo
932 1839 1174 1901 tempore
1236 1838 1289 1882 et
1341 1828 1601 1900 proximis
1665 1829 1863 1884 dehinc

165 1901 350 1969 annis,
413 1909 476 1953 ut
522 1901 769 1971 videtur,
833 1922 943 1956 non
998 1919 1174 1973 pauca
1226 1901 1526 1954 elaboravit
1583 1900 1864 1954 literarum

165 1978 530 2041 monumenta,
575 1973 774 2042 quibus
813 1975 900 2027 vel
937 1973 1178 2028 Socratis
1218 1992 1438 2026 causam
1477 1971 1738 2037 defendit,
1776 1973 1864 2027 vel

164 2058 358 2096 nomen
397 2043 512 2096 eius
551 2053 714 2113 atque
751 2045 943 2100 laudes
977 2046 1055 2097 ita
1090 2044 1406 2113 illustravit,
1445 2046 1508 2096 ut
1544 2043 1705 2096 simul
1738 2064 1864 2115 par-

166 2121 248 2167 tes
286 2113 549 2183 quasdam
596 2135 727 2169 suae
775 2117 948 2188 ipsius
998 2116 1276 2169 doctrinae
1330 2122 1627 2187 exponeret
1681 2123 1735 2168 et
1773 2135 1863 2169 ex-

165 2185 407 2255 plicaret.
482 2187 626 2238 Nam
663 2195 953 2256 utrumque
986 2187 1278 2239 ‘consilium
1313 2194 1426 2239 tam
1463 2194 1610 2239 arcte
1637 2187 1864 2240 coniun-

166 2256 276 2323 xit,
314 2262 377 2307 ut
413 2255 547 2325 quid
582 2257 923 2326 potissimum
959 2257 1016 2309 in
1054 2257 1344 2310 scribendo
1384 2264 1603 2310 secutus
1643 2259 1745 2326 sit,
1803 2277 1862 2311 re

165 2345 274 2379 non
309 2326 443 2380 satis
481 2326 770 2398 diligenter
808 2346 1106 2400 perpensa,
1159 2326 1450 2381 admodum
1499 2327 1695 2382 dubius
1734 2329 1863 2382 hae·-

164 2415 282 2455 rere
331 2398 530 2466 possis.
604 2399 691 2451 De
741 2419 851 2469 qua
885 2419 944 2452 re
981 2400 1113 2452 item
1149 2399 1398 2468 pluribus
1435 2399 1575 2452 infra
1613 2399 1862 2471 disputa-

165 2468 327 2521 bitur.

305 2539 491 2610 Atque
539 2540 804 2595 hactenus
855 2540 1093 2611 quidem.
1123 2539 1358 2593 vidimus
1395 2538 1683 2591 Platonem
1720 2539 1862 2593 inter

164 2610 527 2682 philosophos·
553 2612 697 2666 illius
734 2614 928 2666 aetatis
957 2613 1225 2666 neminem
1253 2611 1424 2682 pluris
1461 2609 1658 2664 fecisse
1698 2629 1862 2680 quam

165 2682 541 2735 Parmeniden]
588 2691 749 2754 atque
811 2683 1107 2738 Socratem.
1182 2683 1377 2751 Itaque
1418 2701 1484 2734 ex
1518 2681 1711 2734 horum
1749 2682 1860 2736 dis-

165 2753 366 2824 ciplina
407 2754 636 2824 plurima
670 2756 847 2826 ipsum
885 2756 1200 2826 repetiisse,
1256 2773 1422 2823 quum
1467 2772 1621 2807 suam
1658 2752 1860 2807 doctri-

165 2843 291 2877 nam
328 2824 613 2895 conderet,
662 2827 863 2880 nemini
909 2828 1104 2880 mirum
1153 2825 1444 2878 videbitur.
1531 2823 1859 2895 Quanquam

165 2895 272 2948 hoc
308 2895 441 2948 fecit
478 2897 586 2966 sic,
636 2906 696 2950 ut
747 2897 884 2951 nihil
919 2918 1029 2951 non
1068 2896 1137 2950 ad
1175 2915 1330 2950 suam
1366 2895 1631 2948 rationem
1667 2897 1858 2950 immu-

163 2966 390 3034 taverit,
457 2968 636 3021 omnia
685 2989 784 3023 suo
833 2989 980 3023 more
1029 2967 1391 3040 exploraverit
1438 2975 1495 3020 et
1543 2966 1614 3019 ad
1665 2987 1856 3022 causas

167 3056 294 3091 suas
333 3040 688 3092 revocaverit.
762 3041 980 3094 Etenim
1016 3047 1229 3093 tantum
1270 3039 1473 3106 abfuit,
1513 3046 1576 3091 ut
1612 3038 1855 3092 divinum

164 3108 412 3162 Platonis
450 3109 728 3183 ingenium
762 3112 816 3165 in
853 3113 920 3166 iis
959 3111 1358 3180 acquiesceret,
1412 3129 1551 3180 quae
1600 3129 1632 3162 a
1685 3111 1856 3182 magi-

450 3271 494 3278 ——-

234 3351 272 3403 ¹⁸¹)
300 3351 357 3395 V.
380 3351 549 3452 5220&
591 3352 771 3395 Laert.
829 3352 898 3395 nl.
939 3351 1008 3395 35.
1047 3351 1116 3396 38.
1179 3350 1549 3405 Olympiodor.
1599 3350 1690 3391 vit.
1742 3350 1849 3390 Plat.

303 3421 344 3460 p.
474 3439 484 3447 .
