2158 3718
747 123 829 168 AD
860 122 1275 168 PHAEDONEM.
1823 121 1889 173 13

134 284 439 336 consequens
480 269 629 326 foret,
675 272 750 324 ut,
797 267 835 315 si
869 265 948 316 ille
994 271 1120 317 esset
1167 265 1450 322 harmonia,
1493 265 1597 329 ipsa
1636 263 1887 314 harmonia

131 341 314 392 nullam
350 355 582 391 sonorum
622 339 902 388 varietatem
928 345 1124 403 caperet
1151 352 1206 386 ac
1235 351 1429 401 semper
1455 340 1652 384 sonaret
1677 333 1888 399 aequali-

131 419 222 462 ter.
271 411 375 462 Hoc
410 425 525 461 vero
560 411 599 458 si
623 410 688 458 ita
717 414 968 465 statuatur,
1003 410 1088 475 qui
1114 408 1327 457 animum
1354 407 1659 455 harmoniam
1687 420 1792 456 esse
1819 404 1889 453 di-

133 488 272 540 cunt,
298 483 333 531 ii
358 482 602 532 affirmare
629 485 865 545 cogentur
887 479 953 537 id,
982 479 1110 543 quod
1135 493 1279 528 nemo
1305 477 1399 527 sibi
1417 476 1556 526 facile
1581 476 1888 542 persuadeat,

134 555 322 603 animos
347 553 585 602 humanos
610 551 923 616 turpitudinis
949 557 995 600 et
1019 550 1263 615 pravitatis
1289 550 1486 597 omnino
1524 562 1630 598 esse
1666 551 1890 612 expertes

132 626 445 689 omniumque
471 623 787 672 animantium
813 623 999 671 animos
1027 621 1244 671 eiusdem
1266 620 1453 669 virtutis
1481 635 1586 670 esse
1610 619 1887 683 participes.

131 695 348 760 Denique
374 695 588 744 animum
615 695 838 742 novimus
865 693 1059 757 corpori
1085 693 1326 757 imperare
1344 705 1504 754 neque
1525 705 1637 739 raro
1660 690 1762 739 eius
1777 704 1889 753 per-

131 765 492 815 turbationibus
527 770 574 813 et
609 763 953 828 cupiditatibus
990 763 1247 812 adversari.
1299 760 1438 818 Quod
1475 761 1693 826 quidem,
1735 761 1775 810 si
1810 758 1891 808 ille

131 837 282 900 ipsius
317 836 537 900 corporis
574 840 702 885 esset
736 834 974 899 quaedam
1009 834 1210 883 intentio
1248 838 1294 882 et
1327 833 1576 888 remissi0,
1615 831 1721 881 fieri
1757 829 1890 880 nullo

130 907 276 956 modo
301 912 478 971 posset.
531 906 627 956 Sed
654 906 713 955 de
739 906 993 955 harmonia
1020 904 1248 954 Simmiae
1282 905 1396 953 satis
1423 903 1629 959 dictum;
1670 902 1891 952 conside-

130 993 296 1027 remus
320 993 452 1027 nunc
478 978 620 1027 etiam
650 976 840 1026 Cebetis
864 977 1107 1025 rationem
1125 973 1174 1040 1).

270 1049 419 1098 Putas
451 1054 628 1103 autem,
667 1063 695 1096 o
723 1046 891 1105 CebeS,
924 1047 1016 1095 nisi
1041 1044 1197 1103 fallor,
1226 1045 1415 1094 animus
1443 1045 1631 1093 etiamsi
1654 1045 1703 1093 in
1730 1043 1893 1093 multis

131 1124 270 1169 antea
299 1120 446 1168 fuerit
471 1118 775 1183 corporibuS,
803 1122 965 1167 tamen
991 1116 1111 1165 nihil
1134 1116 1389 1181 impedire,
1419 1117 1678 1180 quominus
1702 1120 1892 1179 tempo-

131 1191 199 1239 ris
227 1189 541 1240 diuturnitate
566 1188 816 1254 paullatim
843 1194 1159 1238 consumatur
1193 1194 1240 1236 et
1266 1186 1525 1250 aliquando
1552 1187 1776 1236 intereat.
1825 1187 1893 1235 Ac

132 1261 352 1326 profecto
387 1274 615 1324 magnam
650 1266 794 1325 atque
831 1274 1024 1324 gravem
1063 1258 1414 1308 dubitationem
1438 1258 1490 1305 in
1525 1256 1741 1307 medium
1769 1262 1891 1306 attu-

131 1331 241 1382 listi.
293 1332 482 1398 Quippe
518 1330 833 1396 explicandus
868 1336 941 1380 est
966 1329 1102 1379 locus
1131 1329 1211 1378 ille
1238 1329 1298 1379 de
1322 1344 1490 1378 rerum
1516 1333 1705 1386 natura,
1743 1342 1891 1391 gene-

132 1405 321 1453 ratione
356 1410 403 1453 et
440 1403 769 1467 corruptione.
822 1402 877 1451 In
904 1417 1049 1467 quem
1077 1416 1187 1450 cum
1214 1407 1261 1450 et
1285 1402 1390 1466 ipse
1417 1400 1679 1449 admodum
1704 1400 1894 1448 iuvenis

134 1489 290 1525 essem
334 1472 536 1530 delatus,
581 1474 793 1522 narrabo
837 1472 974 1522 vobis
1019 1471 1134 1537 quid
1176 1472 1295 1521 mihi
1337 1476 1438 1520 tum
1475 1471 1720 1520 acciderit.
1773 1471 1891 1521 Cum

134 1546 265 1595 enim
300 1545 571 1594 doctrinam
605 1545 919 1610 physicam
956 1550 1182 1608 putarem
1223 1559 1328 1593 esse
1365 1542 1509 1606 longe
1535 1542 1890 1607 praestantissi-

133 1631 278 1673 mam,
308 1617 488 1682 quippe
515 1631 641 1681 quae
667 1616 883 1671 doceret,
914 1617 1091 1680 quibus
1119 1614 1276 1664 causis
1301 1628 1381 1663 res
1408 1629 1577 1663 omnes
1602 1613 1678 1663 vel
1705 1614 1893 1662 oriren-

133 1694 212 1736 tur
245 1686 321 1736 vel
353 1687 634 1743 interirent,
671 1685 938 1750 plurimum
974 1685 1121 1735 studii
1156 1687 1205 1734 in
1240 1700 1295 1734 ea
1327 1683 1568 1734 collocare
1594 1685 1746 1750 coepi.
1798 1684 1893 1734 Sed

134 1758 350 1823 quamvis
388 1759 606 1808 omnium
634 1757 1039 1823 philosophorum
1066 1758 1316 1820 opiniones
1342 1757 1682 1820 investigarem
1710 1762 1757 1804 et
1781 1770 1892 1820 per-

134 1830 404 1896 quirerem,
440 1833 605 1878 tamen
632 1828 692 1877 de
718 1834 829 1878 ortu
856 1834 904 1877 et
927 1829 1126 1877 interitu
1150 1821 1327 1878 'rerum
1353 1826 1474 1876 nihil
1499 1829 1611 1875 novi
1647 1842 1724 1876 me
1751 1826 1810 1875 ab
1836 1827 1894 1875 iis

133 1901 320 1949 discere
345 1915 460 1949 mox
483 1898 709 1948 intellexi.
755 1899 929 1949 Postea
952 1898 1100 1949 incidi
1125 1898 1252 1948 forte
1278 1900 1327 1947 in
1352 1897 1534 1947 librum
1559 1899 1889 1961 Anaxagorae.

134 1969 227 2027 Qui
254 1986 364 2022 cum
392 1972 553 2020 omnia
581 1986 606 2019 a
632 1976 796 2021 mente
823 1970 982 2019 divina
1008 1969 1223 2018 ordinari
1250 1975 1297 2019 et
1322 1969 1652 2018 administrari
1679 1968 1890 2023 doceret,

135 2042 298 2091 dicere
326 2056 423 2090 non
448 2056 673 2105 possum,
713 2046 890 2106 quanta
917 2056 1027 2105 spes
1052 2042 1155 2089 veri
1180 2039 1456 2089 inveniendi
1483 2041 1700 2089 animum
1727 2055 1892 2089 meum

135 2113 459 2176 occupaverit.
511 2112 607 2161 Sed
641 2113 819 2161 mirum
858 2112 987 2160 dictu
1033 2117 1127 2167 est,
1174 2117 1472 2176 quantopere
1517 2112 1660 2160 etiam
1697 2109 1774 2159 illa
1814 2126 1892 2159 me

134 2182 362 2232 fefellerit
388 2184 697 2246 exspectatio,
748 2183 940 2231 Etenim
966 2181 1046 2231 ille
1072 2197 1290 2247 quoque,
1319 2187 1372 2230 ut
1397 2180 1697 2245 singularum
1723 2196 1890 2230 rerum

135 2255 347 2319 aperiret
381 2268 551 2303 causas
586 2259 634 2303 et
658 2254 894 2310 rationeS‚
932 2268 1119 2309 aerem,
1160 2268 1359 2318 aquam,
1396 2252 1485 2301 alia
1513 2252 1655 2301 huius
1682 2254 1889 2317 generis,

134 2330 381 2389 tamquam
406 2324 655 2374 machinas
682 2324 915 2388 quasdam
944 2323 1232 2380 adhibebat,
1272 2329 1488 2374 mentem
1515 2323 1724 2372 divinam
1748 2338 1890 2389 prae-

134 2395 444 2445 termittebat.
493 2396 624 2445 Haec
651 2411 761 2444 cum
787 2396 905 2444 mihi
931 2395 1241 2452 accidissent,
1267 2395 1479 2461 physicis
1504 2393 1710 2451 relictis»,
1751 2393 1891 2444 aliam

135 2467 258 2516 viam
292 2466 658 2531 ingrediendam
686 2481 791 2516 esse
816 2467 972 2515 statui.
1024 2466 1187 2531 Itaque
1222 2466 1340 2518 mihi
1372 2465 1515 2530 plane
1539 2466 1760 2530 persuasi
1786 2479 1892 2515 esse

136 2537 337 2602 aliquid,
375 2538 505 2603 quod
529 2553 619 2603 per
644 2553 696 2587 se
723 2543 850 2588 esset
873 2552 1126 2602 magnum,
1164 2537 1417 2602 pulcrum,
1452 2536 1636 2586 bonum
1674 2542 1720 2586 et
1755 2539 1892 2586 cuius

134 2609 179 2656 vi
214 2608 515 2665 efficeretur,
559 2614 613 2658 ut
646 2624 769 2673 quae
809 2623 999 2672 magna,
1040 2609 1234 2674 pulcra,
1282 2608 1411 2658 bona
1444 2623 1618 2658 vocare
1661 2607 1889 2663 solemus,

135 2678 262 2728 hanc
298 2679 450 2742 ipsam
483 2681 706 2729 virtutem
741 2679 1138 2744 adipiscerentur.
1200 2681 1366 2730 Putavi
1400 2680 1547 2744 igitur
1580 2694 1661 2730 res
1694 2678 1892 2744 pulcras

137 2764 236 2799 non
263 2748 448 2805 colore,
486 2751 571 2799 sed
595 2750 921 2815 pulcritudine
955 2751 1152 2815 pulcras
1189 2752 1295 2800 fieri
1339 2750 1656 2816 similiterque
1690 2764 1890 2814 magnas

135 2820 492 2884 magnitudine,
528 2837 700 2886 parvas
734 2823 994 2885 parvitate,
1036 2823 1263 2872 honestas
1298 2823 1566 2871 honestate.
1618 2820 1751 2878 Quae
1778 2837 1889 2871 cum

136 2891 340 2940 firmiter
376 2898 620 2948 tenerem,
659 2894 796 2957 coepi
833 2894 975 2942 etiam
1011 2892 1294 2958 intellegere
1331 2892 1451 2941 nihil
1488 2908 1592 2942 esse
1628 2894 1677 2941 in
1719 2908 1886 2942 rerum

137 2968 309 3011 natura
343 2968 570 3011 constans
608 2968 654 3012 et
687 2963 983 3013 immutabile
1009 2970 1203 3028 praeter
1238 2964 1377 3021 illud,
1416 2965 1546 3028 quod
1570 2979 1660 3029 per
1687 2979 1738 3013 se
1765 2970 1891 3014 esset

135 3048 327 3090 verum,
367 3032 576 3088 bonum,
624 3032 871 3096 pulcrum,
918 3034 1013 3083 hoc
1049 3040 1122 3085 est
1174 3042 1368 3099 praeter
1403 3036 1534 3084 ideas
1576 3050 1745 3084 rerum
1787 3034 1885 3083 sola

136 3110 299 3154 mente
336 3103 818 3167 comprehendendas
853 3111 900 3154 et
935 3106 1073 3170 quasi
1106 3106 1377 3155 intuendas.
1428 3106 1560 3155 Ilaec
1586 3106 1733 3169 igitur
1758 3112 1884 3159 sunt,

137 3190 259 3239 quae
285 3175 333 3223 in
357 3175 534 3311 harum
561 3189 726 3224 rerum
755 3179 1037 3239 quaestione
1064 3177 1205 3227 etiam
1235 3192 1364 3226 nunc
1400 3177 1607 3226 tenenda
1636 3192 1742 3227 esse
1768 3177 1885 3226 mihi

136 3246 357 3295 videntur
413 3285 421 3293 .

251 3415 291 3467 1)
322 3416 372 3455 P.
406 3417 458 3455 92
489 3415 525 3454 E
563 3436 605 3442 -
641 3416 693 3455 95
726 3416 775 3455 B.

248 3471 293 3524 2)
323 3473 373 3512 P.
406 3472 459 3511 95
490 3472 523 3511 Β
558 3494 607 3499 -
642 3473 721 3511 100
750 3473 800 3510 A.
