2158 3718
258 2814 289 2854 1

438 140 538 190 132

1069 139 1482 192 PLATONlS

435 290 655 357 γέγονεν
697 283 728 342 ὁ
760 281 951 356 Ἔρως,
995 287 1288 355 γεννηθεὶς
1327 290 1386 340 ἐν
1427 296 1546 350 τοῖς
1580 289 1784 353 ἐκείνης
1809 289 2123 357 γενεθλίοις

438 373 531 426 καὶ
575 366 696 440 ἅμα
742 370 903 445 φύσει
940 366 1176 442 ἐραστὴς
1218 365 1295 423 ὧν
1338 373 1461 440 περὶ
1501 366 1564 426 τὸ
1626 368 1827 438 καλόν,
1877 373 1970 426 καὶ
2022 374 2123 439 τῆς

428 451 761 527 Ἀφροδίτης
807 455 978 520 καλῆς
1025 450 1212 520 οὔσης.
1257 449 1356 507 ἅτε
1400 446 1501 509 οὖν
1549 452 1745 524 Πόρου
1790 458 1884 510 καὶ
1910 459 2123 520 Πενίας

433 535 556 602 υἱὸς
600 536 678 593 ὢν
722 536 752 593 ὁ
782 537 958 609 ’Έρως
1000 542 1060 592 ὲν
1103 535 1333 614 τοιαύτῃ
1367 536 1499 614 τύχῃ
1529 543 1858 605 καθέστηκε.
1901 542 2122 612 πρῶτον

432 625 535 694 μὲν
579 629 745 689 πένης
788 619 880 676 ἀεί
923 627 1069 689 ἐστι,
1128 623 1222 677 καὶ
1281 624 1490 676 πολλοῦ
1549 625 1629 692 δεῖ
1670 619 1888 688 ἁπαλός
1929 645 1985 678 τε
2029 625 2122 679 καὶ

430 702 627 770 καλός,
691 704 814 761 οἷον
873 709 926 761 οἱ
983 708 1186 761 πολλοὶ
1245 705 1493 771 οἴονται,
1547 703 1694 761 ἀλλὰ
1754 704 1987 780 σκληρὸς
2029 709 2122 762 καὶ

339 798 383 850 D
433 786 717 861 αὐχμηρὸς
765 791 859 844 καὶ
901 787 1256 857 ἀνυπόδητος
1286 793 1376 844 καὶ
1401 786 1610 861 ἄοικος,
1647 789 1991 862 χαμαιπετὴς
2035 790 2122 847 ἀεὶ

431 869 508 929 ὢν
561 876 655 929 καὶ
715 869 1034 948 ἄστρωτος,
1093 877 1182 929 ἐπὶ
1239 873 1453 949 θύραις
1510 876 1603 929 καὶ
1660 880 1717 929 ὲν
1771 872 1923 941 ὁδοῖς
1958 873 2123 931 ὑπαί-

544 1065 595 1110 C.
657 1063 1042 1122 ἀνυπόδητος]
1104 1066 1252 1110 Ambr.
1293 1066 1389 1111 Vat.
1424 1078 1462 1109 r.
1504 1070 1670 1108 tantum
1707 1077 1794 1108 non
1830 1059 1988 1121 ubique
2027 1064 2124 1108 alec.

428 1122 538 1166 Mox
567 1121 833 1170 α’νυποδέτος
865 1124 968 1166 Ven.
986 1126 1032 1166 Ξ.
1059 1123 1235 1169 Vind.2.

547 1181 601 1223 D.
663 1179 802 1221 ὑπαί
819 1184 984 1233 9ριος
1012 1180 1380 1236 κοιμώμενος]
1426 1180 1663 1233 Perperam
1694 1183 1801 1222 vett.
1835 1178 1954 1222 editt.
1988 1176 2119 1221 ὕπαι-

431 1238 606 1294 opem,
634 1239 754 1291 quod
787 1252 840 1280 ex
860 1238 998 1283 ‚Bodl.
1019 1239 1118 1281 Vat.
1132 1238 1186 1281 A.
1212 1239 1375 1282 νοοῖ.
1400 1236 1679 1281 Vind.1.2.7.
1707 1236 1924 1281 Par-DK.
1946 1239 2119 1280 Aumw.

428 1296 523 1338 Vat.
540 1308 624 1350 ps.
649 1295 820 1339 Flor.n.
846 1296 951 1338 edit.
979 1296 1080 1340 Bas.
1101 1294 1144 1340 2.
1179 1302 1224 1340 et
1253 1296 1442 1351 Origene
1480 1307 1519 1345 c,
1564 1294 1738 1337 Celsum
1772 1294 1848 1338 lV.
1863 1294 1936 1340 39.
1955 1308 1999 1349 p.
2014 1269 2121 1338 352.

427 1352 482 1395 Τ.
504 1353 538 1397 1.
560 1352 628 1396 ed.
655 1354 757 1397 Par.
773 1354 1068 1397 emendatum.

426 1493 687 1547 studere,
737 1507 780 1536 v.
821 1493 876 1536 ad
914 1493 1147 1548 Protagor.
1190 1507 1232 1548 p.

427 1552 527 1598 343.
559 1552 613 1594 C.
692 1568 695 1576 ’

484 1609 534 1652 C.
594 1607 678 1649 καὶ
709 1606 818 1664 ἅμα
850 1606 1012 1663 φύσει
1044 1608 1120 1663 ἐρ.
1151 1604 1232 1661 ὢν]

426 1680 488 1709 ae
525 1667 690 1709 simul
728 1670 927 1711 natura
972 1678 1069 1706 sua
1119 1666 1233 1719 pul-

426 1724 507 1766 (ϊί
569 1736 780 1775 amans,
840 1735 1000 1777 quum
1062 1724 1231 1764 etiam

415 1782 610 1824 ¹Venus
645 1783 842 1835 pulcra
875 1781 1035 1822 sit.—
1078 1780 1232 1821 Verbis

424 1834 520 1881 οἷον
552 1841 598 1879 οἱ
635 1838 790 1879 πολλοὶ
833 1839 1004 1879 οἴονται
1032 1838 1232 1890 'tangitur

424 1895 665 1951 Agathonis
695 1895 899 1947 iudicium
923 1909 963 1950 p.
985 1894 1079 1939 195.
1105 1896 1155 1939 D.
1177 1895 1229 1936 E.

424 1959 716 2009 expromtum.

481 2010 610 2052 ἀλλὰ
645 2009 888 2066 σκληρὸς
916 2013 1005 2060 --]
1038 2009 1228 2063 Egregio

423 2069 604 2110 artificio
659 2075 793 2110 Amor
839 2069 921 2110 ita·
949 2067 1226 2119 describitur,

423 2131 473 2167 ut
503 2131 596 2167 tota
627 2126 862 2180 descriptio
904 2125 957 2167 ad
989 2125 1225 2167 amantium

421 2183 611 2226 rationes
670 2189 960 2238 attemperata
1009 2183 1077 2224 sit.
1148 2182 1226 2224 lsti

419 2241 535 2283 enim
574 2241 674 2295 quid
716 2254 800 2283 non
832 2241 1079 2296 perferunt,
1120 2252 1227 2294 quas

421 2311 652 2340 aerumnas
701 2312 785 2341 non
841 2300 1054 2351 subeunt,
1117 2310 1227 2351 quos

418 2357 593 2398 labores
650 2369 732 2398 non
790 2358 1010 2399 exantlare
1067 2357 1223 2407 solent,

420 2413 658 2456 dummodo
715 2414 806 2456 voti
863 2414 946 2455 sui.
995 2418 1224 2467 compotes

415 2472 558 2513 fiant?
592 2477 637 2514 et
667 2476 818 2514 contra
847 2471 948 2525 quid
978 2470 1106 2512 iidem
1137 2482 1224 2511 non

417 2529 612 2581 audent,
652 2529 756 2583 quid
800 2541 883 2571 non
914 2527 1221 2580 machinantur,

417 2599 524 2639 quas
555 2591 671 2629 artes
701 2593 830 2640 atque
869 2586 995 2628 dolos
1026 2598 1110 2626 non
1143 2598 1222 2627 ex-

415 2644 610 2696 cogitant
647 2658 699 2685 ac
736 2649 925 2695 tentant,
967 2648 1014 2684 ut
1060 2643 1222 2696 optatis

415 2701 505 2742 suis
549 2700 801 2753 potiantur?
861 2700 1068 2742 Nimirum
1110 2699 1221 2740 haec

414 2756 585 2807 omnia,
625 2770 736 2809 quae
777 2757 1056 2798 festivissime
1089 2767 1217 2796 exor-

416 2819 514 2854 nata
567 2819 691 2864 sumt,
741 2813 926 2865 denique
967 2825 1051 2854 non
1090 2813 1220 2852 alior-

417 2883 512 2912 sum
544 2872 760 2923 pertinent
791 2870 869 2910 nisi
900 2883 978 2921 eo,
1011 2874 1058 2910 ut
1086 2868 1216 2922 signi-

411 2928 567 2970 fieetur
597 2927 844 2981 magnitudo
876 2931 921 2968 et
953 2925 1219 2968 vehementia

415 2984 668 3038 cupiditatis
724 2984 839 3025 iliius
892 2985 1083 3035 nativae,
1134 2995 1219 3037 qua

413 3042 630 3084 hominum
648 3041 776 3084 animi
796 3054 933 3094 usque
949 3042 1002 3083 ad
1022 3043 1220 3095 pulcrum

412 3100 610 3142 feruntur
641 3102 768 3152 atque
794 3099 1072 3153 abripiuntur.
1133 3099 1219 3141 Ce-

414 3162 556 3199 terum
598 3157 930 3211 prudentissime
963 3157 1089 3198 Plato
1134 3157 1218 3198 iam

416 3228 543 3269 supra
574 3228 614 3269 p.
637 3213 731 3258 183.
761 3214 799 3256 A
823 3227 913 3267 sqq.
959 3215 1217 3257 Pausaniam

411 3273 582 3314 induxit
612 3271 689 3314 hos
716 3272 949 3314 ammutium
973 3273 1142 3316 labores
1168 3277 1217 3314 ret

411 3342 637 3372 aerumnas
668 3329 722 3372 ad
747 3329 882 3384 ipsius
914 3330 1028 3372 vitae
1058 3331 1215 3373 verita-

413 3392 502 3430 tem
533 3387 862 3431 describentem.

1703 1393 1731 1415 s

1377 1492 1430 1533 D.
1490 1489 1574 1532 ἐπὶ
1605 1487 1814 1546 θύραις
1845 1513 1899 1524 -·-
1928 1490 2119 1548 κοιμώ-

1319 1548 1513 1604 μενος]
1554 1546 1902 1591 Themistius
1942 1563 1982 1604 p.
2021 1549 2113 1595 162·

1319 1607 1379 1648 D:
1412 1606 1648 1658 θυραυλῶν
1676 1605 1743 1646 ἐπὶ
1773 1605 1959 1661 θύραις.
1997 1608 2035 1650 Ρ
2046 1610 2118 1650 lo..

1316 1664 1412 1706 tin.
1444 1677 1485 1718 p.
1505 1663 1601 1710 295.
1625 1662 1674 1704 Ε.
1697 1667 1746 1704 et
1766 1662 1864 1708 668.
1884 1667 1944 1707 Ae
1975 1664 2117 1713 αὐτός

1318 1723 1430 1762 ἐστιν
1469 1719 1493 1762 ὁ
1538 1721 1772 1775 θυραυλῶν
1794 1720 1926 1777 Ἔρως
1965 1735 2005 1764 v.
2036 1723 2115 1765 la-

1310 1791 1340 1820 ·c
1356 1793 1381 1820 o
1396 1779 1470 1819 bs.
1494 1779 1547 1821 ad
1572 1777 1743 1820 Antliol.
1762 1778 1840 1820 Gr.
1859 1779 1935 1823 XI.
1957 1792 1999 1834 p.
2020 1780 2114 1824 154.

1314 1835 1604 1889 Cogitandum
1625 1835 1680 1876 de
1699 1837 1980 1890 θυραυλίαις,
2001 1850 2116 1891 quae

1314 1907 1358 1947 p.
1394 1892 1489 1937 183.
1533 1896 1584 1935 A.
1636 1897 1845 1948 vocantur
1893 1894 2116 1948 κοιμήσας

1311 1950 1384 1992 ἐπὶ
1406 1950 1588 2004 θύραις.
1609 1963 1650 1991 v.
1682 1950 1899 1995 Kuster.
1931 1953 1984 1994 ad
2017 1953 2115 1995 Ari—

1312 2009 1452 2062 stoph.
1477 2007 1714 2051 Ecclesiaz.
1732 2021 1772 2052 ν.
1790 2007 1888 2053 956.
1908 2010 1987 2051 Ru
2000 2010 2112 2054 link.

1310 2066 1365 2108 ud
1389 2065 1494 2108 Tim·
1520 2080 1564 2120 p.
1591 2064 1671 2109 144
1692 2078 1756 2118 sq.
1778 2088 1833 2096 —
1860 2067 1952 2107 καὶ
1978 2069 2113 2120 ἴτης,

1311 2124 1341 2165 i.
1373 2136 1410 2164 e.
1458 2121 1653 2179 θρασύς,
1695 2122 1884 2166 audax.
1930 2124 2112 2179 Protag.

1311 2195 1353 2235 p.
1380 2180 1478 2226 349.
1504 2178 1784 2235 &namqu-1
1812 2179 1918 2229 τοῦς
1946 2181 2114 2235 ἀνδρεί-

1311 2253 1389 2285 ους
1433 2237 1705 2293 θαρῤαλέους
1746 2239 1901 2293 λέγεις,
1942 2237 1970 2292 ἢ
2008 2240 2112 2282 ἄλλο

1311 2311 1379 2348 τις
1438 2296 1529 2336 Καὶ
1557 2297 1654 2343 ἶτας
1681 2309 1744 2349 γε,
1777 2298 1872 2351 ἔφη,
1903 2295 1975 2352 ἐφ’
2007 2294 2036 2338 ἃ
2070 2299 2113 2338 οἱ

1309 2353 1465 2396 πολλοὶ
1524 2356 1766 2407 φοβοῦνται
1821 2355 1944 2397 ἰέναι.
1998 2355 2114 2396 Ari-

1309 2411 1494 2464 stoph.
1526 2411 1666 2452 Nubb.
1700 2409 1809 2455 443:
1841 2416 1932 2459 τοῖς
1957 2411 1999 2455 δ’
2033 2411 2109 2452 α’ν-

1311 2466 1514 2524 θρώποις
1542 2468 1654 2509 εἶναι
1678 2467 1787 2514 δόξω
1816 2467 2007 2524 θρασύς,
2037 2469 2112 2510 εὔ-

1308 2526 1519 2580 γλωττος,
1552 2523 1792 2580 τολμηρός,
1825 2527 1930 2580 ἴτης,
1962 2526 2037 2568 ubi
2066 2539 2106 2568 v.

1309 2583 1443 2625 schol.
1515 2583 1649 2636 Plura
1700 2583 1819 2624 dabit
1864 2584 1879 2624 l
1903 2597 1930 2624 a
1947 2596 1972 2625 o
1993 2596 2020 2624 ο
2041 2583 2068 2624 b
2087 2597 2109 2625 s

1308 2641 1452 2684 Lectt.
1476 2639 1601 2682 Stob.
1619 2653 1659 2692 p.
1685 2638 1748 2682 12.
1807 2640 1871 2682 De
1899 2640 2109 2694 proximis

1307 2697 1420 2738 conf.
1457 2696 1558 2736 Dio
1598 2695 1980 2748 Chrysostom.
2029 2698 2105 2740 Or.

1303 2753 1336 2794 l.
1359 2752 1493 2806 p.44t
1525 2751 1579 2800 ὡς
1609 2751 1632 2804 ἡ
1669 2756 1750 2793 τοῦ
1778 2754 1982 2807 βασιλέως
2007 2753 2106 2795 διά-

1304 2824 1403 2849 νοια
1436 2807 1635 2857 σύντονος
1663 2805 1778 2850 ου’σα
1816 2810 1888 2851 καὶ
1919 2817 2106 2865 θυμοει-

1303 2866 1396 2919 δής.
1426 2867 1806 2920 Olympiodor.
1830 2868 1873 2910 in
1893 2868 2103 2911 Alcibiad.

1303 2925 1463 2979 1.p.14
1498 2923 1565 2965 ed.
1585 2925 1744 2967 Creuz.
1777 2930 1860 2973 πᾶς
1886 2926 1968 2981 γὰρ
1998 2929 2102 2982 ἔρως

1296 2979 1510 3027 -σύντονός
1529 2983 1617 3023 ἐστι
1637 2984 1785 3034 μανία.
1825 2983 2101 3038 Loquutione

1303 3037 1498 3095 μηχανὰς
1527 3040 1709 3092 πλέκειν,
1740 3040 1915 3093 dolos,
1949 3041 2100 3083 fruu-

1305 3098 1400 3140 des
1465 3100 1725 3149 nectere,
1779 3098 1914 3140 utitur
1970 3099 2098 3141 etiam

1304 3154 1583 3208 Aristoph.
1617 3154 1759 3198 Nubb.
1796 3155 1927 3199 1128=
1963 3155 2099 3196 δεινοὶ

1302 3215 1470 3255 πλέκειν
1507 3225 1578 3252 τοι
1614 3211 1806 3267 μηχανὰς
1841 3210 2095 3267 Αἰγύπτιοι.

1301 3270 1509 3313 Aelian.
1550 3269 1607 3311 H.
1639 3272 1691 3311 A.
1718 3270 1791 3311 111.
1827 3270 1907 3315 302
1955 3267 2098 3325 σοφώ-

1299 3341 1433 3373 τατος
1474 3324 1499 3367 o‘
1536 3326 1687 3371 κόκκυξ
1725 3326 1796 3367 καὶ
1833 3330 1996 3370 πλέκειν
2023 3325 2095 3368 εὕ-

1299 3384 1468 3442 no'p'orc
1495 3383 1539 3428 ἐξ
1568 3382 1747 3441 ἀπόρων
1784 3382 1980 3439 μηχανὰς
2009 3384 2095 3427 δει-
