2222 3762
436 186 502 237 22
896 179 1512 241 PROLEGOMENA
1551 181 1660 234 AD

438 328 524 381 26.
575 325 625 379 Ε
677 354 740 364 -
791 326 877 378 27.
923 323 1038 394 Ε.).
1124 322 1378 392 Denique
1437 322 1599 377 etiam
1650 336 1719 376 ex
1783 323 2134 379 consiliorum

438 416 657 452 suorum
702 396 913 452 ratione
963 403 1018 448 et
1070 395 1166 464 pia
1213 412 1345 464 erga
1398 392 1638 447 divinam
1675 394 2013 450 voluntatem
2050 415 2135 449 re-

437 468 710 536 verentia,
759 487 868 538 qua
913 467 992 519 ita
1039 466 1246 519 factum
1281 464 1381 532 sit,
1434 472 1496 518 ut
1542 483 1718 534 usque
1755 465 1969 520 fortiter
2006 485 2138 520 con-

439 547 756 608 stanterque
803 544 988 610 partes
1037 536 1140 590 sibi
1192 535 1546 590 demandatas
1605 537 1951 606 sustinuerit,
2014 557 2139 609 per-

441 611 692 681 spicuum
727 610 842 663 fore
881 609 1201 675 arbitratur,
1257 625 1316 660 se
1371 626 1583 679 semper
1619 608 1773 678 pium
1812 615 1976 679 atque
2012 609 2140 662 reli-

441 683 654 754 giosum
693 681 889 744 fuisse3
942 698 1079 748 quos
1131 677 1351 747 quidem
1400 697 1592 732 sensus
1634 679 1795 732 etiam
1832 679 1911 732 ita
1944 679 2140 733 testifi-

441 761 626 820 catur,
676 758 740 803 ut
785 750 1036 804 libertate
1083 748 1244 821 plane
1303 748 1607 803 admirabili
1642 750 1997 820 profiteatur,
2047 751 2141 804 fir-

439 823 678 876 missime
715 821 819 875 sibi
850 821 927 875 ita
952 839 1072 874 esse
1106 839 1446 891 persuasum,
1486 828 1549 874 ut
1586 840 1645 874 se
1671 820 1930 876 divinitus
1956 822 2147 875 datum·

443 912 562 947 esse
599 892 1033 946 Atheniensibus
1073 891 1394 944 monitorem
1432 899 1488 944 et
1525 892 1912 964 castigatorem
1953 894 2142 947 existi-

441 972 581 1033 met,
634 962 782 1034 quod
836 963 1055 1034 quidem
1091 983 1288 1016 munus
1328 983 1485 1017 suum
1522 982 1642 1018 sese
1681 962 1970 1017 adseverat
2005 965 2142 1017 sem-

441 1055 540 1107 per
575 1035 984 1089 relioiosissime
1021 1035 1109 1087 vel
1143 1054 1200 1088 re
1237 1035 1487 1087 familiari
1525 1055 1626 1088 sua
1661 1054 1730 1087 ne
1770 1035 1915 1088 lecta
1941 1035 2143 1102 obiisse

444 1108 520 1177 (p.
561 1109 646 1160 27.
677 1079 736 1159 5³]
773 1138 844 1146 --
880 1108 967 1159 31.
1004 1106 1118 1175 R).
1207 1107 1364 1159 Haec
1410 1106 1577 1178 igitur
1628 1106 1695 1159 de
1733 1054 1976 1161 {ocratis
2068 1107 2142 1161 ie-

443 1185 555 1230 tate
595 1185 759 1248 atque
798 1178 1077 1250 religione.
1163 1176 1320 1245 Quae
1371 1178 1417 1231 si
1474 1177 1782 1248 quaeritur,
1835 1198 1962 1231 num
1998 1179 2015 1230 i
2059 1178 2144 1232 ius

445 1268 639 1303 sensus
679 1257 735 1302 et
766 1248 975 1303 iudicia
1013 1248 1080 1302 de
1117 1249 1279 1302 rebus
1318 1249 1515 1302 divinis
1552 1249 1786 1302 fideliter
1822 1250 2143 1320 exprimant,

444 1322 676 1374 fatemur
713 1339 842 1374 sane
880 1340 983 1374 nos
1021 1319 1240 1390 quidem
1276 1339 1380 1373 nec
1416 1320 1521 1373 hac
1559 1321 1615 1372 in
1654 1328 1807 1392 parte
1831 1320 1957 1374 libri
1985 1320 2145 1393 quid-

446 1412 609 1461 quam
644 1391 1103 1464 deprehendisse,
1157 1390 1306 1461 quod
1354 1411 1476 1444 cum
1525 1411 1783 1463 germana
1827 1391 1974 1446 illius
2021 1409 2146 1446 sen-

444 1464 620 1517 tentia
658 1471 714 1516 et
747 1464 960 1516 ratione
986 1461 1279 1517 discordet.
1355 1461 1591 1516 Constat
1627 1463 1787 1532 enim,
1827 1470 1891 1515 ut
1925 1462 2031 1516 iam
2056 1482 2147 1517 su-

445 1555 544 1606 pra
583 1535 945 1603 ostendimus,
984 1534 1136 1587 illum
1174 1553 1350 1604 neque
1388 1553 1510 1587 cum
1548 1533 1792 1606 physicis
1831 1542 1925 1587 aut
1961 1534 2148 1606 sophi-

447 1606 546 1660 stis
583 1607 812 1674 fecisse,
854 1607 949 1676 qui
988 1625 1188 1658 numen
1227 1606 1453 1659 deorum
1490 1605 1779 1675 tollerent,
1830 1625 2011 1676 neque
2047 1626 2147 1677 po-

445 1678 716 1748 pularium
755 1678 981 1730 deorum
1020 1677 1222 1731 cultum
1260 1677 1426 1748 impie
1463 1677 1797 1748 neglexisse,
1837 1676 1906 1730 de
1943 1695 2052 1747 qua
2089 1697 2148 1731 re

446 1750 533 1802 vel
580 1769 644 1802 ea
679 1750 916 1803 sufficiet
961 1767 1319 1816 memorasse,
1362 1767 1500 1818 quae
1532 1748 1852 1819 Xenoph.
1890 1749 2060 1802 Mem.
2101 1749 2148 1802 Ι.

451 1824 510 1888 1,
546 1822 578 1873 2
616 1840 735 1890 sqq.
775 1821 1043 1892 exposuit.
1130 1820 1219 1873 De
1255 1820 1517 1874 fabulosis
1567 1828 1780 1873 tantum
1825 1819 2150 1874 narrationi-

447 1894 579 1961 bus,
620 1911 758 1961 quae
803 1893 966 1964 vulgo
1006 1891 1072 1944 de
1112 1891 1216 1945 diis
1254 1891 1803 1960 circumferebantur,
1845 1891 2023 1962 deque
2062 1909 2150 1944 sa-

449 1963 668 2018 crificiis
703 1965 933 2034 aliisque
971 1963 1141 2017 sacris
1178 1963 1372 2017 ritibus
1409 1962 1628 2015 videtur
1674 1981 1785 2016 non
1823 1981 1946 2016 cum
1982 1962 2150 2035 vulgo

449 2036 718 2104 sensisse,
777 2036 980 2108 quippe
1021 2053 1159 2104 quae
1197 2053 1300 2087 nec
1333 2035 1579 2106 ipsorum
1617 2033 1843 2087 deorum
1879 2033 2148 2088 maiestati

449 2108 742 2161 convenire
779 2126 882 2160 nec
917 2105 1266 2178 popularium
1301 2124 1523 2159 suorum
1558 2106 1748 2159 virtuti
1786 2113 1840 2158 et
1875 2105 2149 2160 honestati

449 2178 582 2231 satis
621 2178 928 2232 conducere
965 2177 1344 2242 arbitraretur3
1394 2175 1462 2230 de
1511 2196 1620 2247 qua
1666 2177 1683 2229 i
1727 2176 1840 2230 sius
1877 2179 2151 2231 sententia

447 2249 611 2303 Plato
651 2249 867 2303 videtur
901 2250 958 2302 in
995 2249 1396 2320 Euthyphrone
1421 2267 1550 2302 vera
1574 2197 1900 2320 prodidisse.
1940 2247 2148 2316 Quam-

451 2340 645 2389 quam,
697 2322 860 2375 sicuti
911 2341 976 2373 ex
1022 2320 1257 2374 Phaedri
1296 2320 1570 2373 Platonici
1617 2319 1774 2373 initio
1813 2326 1997 2390 patet,
2048 2340 2151 2375 nec

448 2399 694 2446 vetustas
718 2393 852 2446 istas
870 2392 937 2447 de
963 2391 1066 2445 diis
1097 2391 1436 2444 narrationes
1463 2398 1665 2444 temere
1691 2390 2027 2461 spernendas
2057 2400 2152 2445 aut-

451 2463 731 2516 arbitrarie
754 2461 1190 2534 interpretandas
1221 2480 1344 2515 esse
1378 2463 1608 2528 censuit,
1636 2468 1830 2531 utpote
1847 2469 1997 2514 ratus
2021 2463 2150 2515 sub-

453 2553 572 2586 esse
610 2535 716 2587 illis
754 2542 1001 2587 sanctum
1028 2532 1307 2601 quiddam,
1348 2531 1498 2601 quod
1526 2533 1816 2586 subtilibus
1840 2533 2037 2585 mentis
2065 2553 2150 2586 ar-

452 2605 620 2674 gutiis
669 2623 867 2657 vexare
918 2612 1012 2656 aut
1061 2603 1328 2656 curiosius
1382 2603 1684 2672 disquirere
1734 2603 1872 2657 velle
1929 2624 2150 2675 perver-

452 2695 572 2727 sum
612 2683 776 2744 atque
816 2675 952 2729 adeo
982 2676 1135 2728 nefas
1157 2673 1455 2742 videretur,
1494 2693 1597 2728 nec
1629 2675 1963 2728 ceremonias
1986 2684 2151 2746 atque

452 2746 586 2799 ritus
622 2754 821 2799 temere
860 2744 1219 2818 negligendos
1297 2745 1502 2813 utavit,
1542 2746 1809 2815 siquidem
1849 2746 1920 2800 ad
1957 2765 2152 2803 sensus

452 2818 674 2886 pietatis
714 2826 768 2871 et
806 2818 1087 2889 religionis
1126 2764 1351 2870 alendos
1386 2817 1632 2870 valerent
1668 2838 1733 2872 ac
1755 2819 2031 2889 potentiae
2069 2818 2152 2871 di-

453 2889 611 2940 vinae
672 2890 983 2958 opinionem
1041 2895 1427 2942 sustentarent.
1514 2889 1671 2942 Haec
1724 2889 1925 2961 igitur,
1980 2909 2150 2960 quan-

458 2969 572 3013 tum
611 2960 829 3028 quidem
868 2960 1095 3014 iudicari
1134 2966 1347 3030 potest,
1386 2978 1515 3012 vera
1549 2960 1652 3013 fuit
1687 2970 1854 3031 atque
1891 2981 2151 3034 germana

454 3031 700 3085 Socratis
737 3031 804 3085 de
844 3031 946 3084 diis
987 3039 1149 3102 atque
1186 3030 1351 3084 rebus
1391 3029 1589 3085 divinis
1612 3033 1895 3086 sententia.
1971 3031 2151 3099 Quam

452 3101 541 3157 hic
579 3122 799 3172 quoque
835 3104 996 3174 plane
1034 3120 1343 3173 expressam
1382 3103 1606 3172 reperiri
1654 3123 1813 3156 nemo
1861 3104 2152 3174 quisquam

454 3182 652 3226 temere
691 3175 893 3228 infitias
930 3174 1106 3227 iverit.
1183 3171 1529 3242 Quamquam
1565 3173 1861 3228 tenendum
1908 3182 1993 3228 est
2025 3195 2152 3246 pro-

454 3244 582 3298 ferri
628 3244 734 3299 hoc
787 3245 909 3308 loco
958 3266 1067 3299 non
1107 3243 1214 3297 alia
1249 3263 1411 3313 quam
1459 3265 1597 3314 quae
1635 3245 1706 3299 ad
1741 3246 1916 3317 ipsam
1956 3246 2152 3299 Meleti
2221 3276 2222 3279 ¹

455 3316 856 3372 accusationem
915 3315 1282 3388 pertinebant„
1374 3313 1568 3386 Itaque
1628 3316 2016 3371 transmittitur
2077 3318 2152 3371 si·-

379 3390 396 3401 “
454 3386 650 3457 lentio,
703 3388 833 3458 quid
871 3389 954 3442 vir
991 3388 1204 3459 sapiens
1245 3385 1310 3439 de
1348 3387 1546 3444 fabulis
1583 3387 1853 3460 religiosis
1891 3388 2150 3452 senserit3
