2158 3718
296 233 301 238 .
353 199 458 248 158
963 189 1366 251 PLATO'NlS

350 339 474 408 ἑνὸς
517 342 790 400 δουλεύων
833 345 1049 419 φαῦλος
1090 335 1122 420 ᾖ
1165 348 1257 398 καὶ
1311 345 1710 418 σμικρολόγος,
1757 346 1884 405 ἀλλ’
1935 354 2022 406 ἐπὶ

345 425 410 483 τὸ
455 425 596 483 πολὺ
639 432 873 498 πέλαγος
914 435 1283 499 τετραμμένος
1338 433 1438 484 τοῦ
1495 435 1671 489 καλοῦ
1725 436 1817 488 καὶ
1870 437 2020 489 θεω-

345 514 458 584 ρῶν
516 509 757 575 πολλοὺς
814 514 908 566 καὶ
957 509 1162 576 καλοὺς
1213 511 1412 581 λόγους
1462 519 1554 570 καὶ
1593 520 2023 591 μεγαλοπρεπεῖς

343 599 495 673 τίκτῃ
552 599 644 651 καὶ
704 594 1054 665 διανοήματα
1104 605 1162 651 ὲν
1216 601 1522 674 φιλοσοφίᾳ
1590 599 1869 676 ἀφθόνῳ,
1924 607 2023 666 ἕως

346 675 420 734 ἂν
463 682 721 734 ἐνταῦθα
769 677 1010 753 ῥωσθεὶς
1052 683 1145 736 καὶ
1188 679 1454 749 αὐξηθεὶς
1493 689 1694 762 κατίδῃ
1739 684 1861 741 τινὰ
1905 692 2021 743 ἐπι-

344 761 560 834 στήμην
601 769 736 834 μίαν
784 762 1066 831 τοιαύτην,
1109 761 1144 832 ἥ
1184 771 1296 820 ἐστι
1339 769 1513 822 καλοῦ
1539 772 1770 825 τοιοῦδε.
1828 772 2017 840 ῙΙειρῶ

248 857 291 906 Ε
342 850 398 903 δέ
439 869 551 919 μοι,
595 852 714 923 ἔφη,
762 846 862 903 τὸν
905 851 1043 905 νοῦν
1086 855 1364 920 προςέχειν
1405 847 1478 915 ὡς
1530 850 1731 908 οἷόντε
1743 852 2017 924 μάλιστα.

463 928 602 1008 Cap.
651 929 881 987 XXIX.
951 930 1046 997 ‘¹09
1103 929 1208 1005 γὰρ
1256 930 1328 990 ἂν
1381 940 1534 1007 μέχρι
1577 939 1837 991 ἐνταῦθα
1880 934 2020 1008 πρὸς

332 1010 405 1070 τοὶ
448 1012 676 1086 ἐρωτικὰ
724 1019 1163 1095 παιδαγωγηθῇ,
1217 1016 1511 1089 θεώμενος
1564 1021 1760 1096 ἐφεξῆς
1808 1041 1867 1076 τε
1924 1025 2018 1076 καὶ

333 1097 531 1171 ὀρθῶς
574 1097 642 1155 τὰ
689 1098 863 1167 καλοί,
917 1098 1059 1174 πρὸς
1111 1105 1264 1167 τέλος
1307 1100 1412 1171 ηδη
1456 1101 1555 1159 ιών
1596 1108 1707 1160 τῶν
1748 1107 2018 1176 ἐρωτικῶν

304 1184 596 1259 ἐξαίφνης
637 1182 948 1285 κατόψεταί
990 1208 1041 1240 τι
1088 1183 1426 1259 θαυμαστὸν
1468 1184 1571 1255 τὴν
1613 1187 1784 1263 φύσιν
1825 1188 2013 1255 καλόν,

214 1311 248 1349 ἢ
336 1271 506 1324 τοῦτο
554 1275 754 1334 ἐκεῖνο,
800 1261 839 1323 ὦ
886 1267 1202 1342 Σώκρατες,
1246 1264 1311 1327 οὗ
1356 1269 1423 1339 δὴ
1470 1277 1645 1327 ἕνεκεν
1688 1275 1780 1328 καὶ
1826 1278 1881 1329 οἱ
1921 1277 2014 1345 έμ-

188 1374 294 1424 211
336 1356 593 1423 προσθεν
628 1353 832 1418 πάντες
872 1352 1033 1410 πόνοι
1078 1374 1236 1422 ησαν,
1282 1359 1504 1426 πρῶτον
1543 1360 1644 1427 μὲν
1684 1355 1770 1412 ἀεὶ
1815 1353 1882 1412 ὃν
1921 1361 2015 1412 καὶ

334 1434 461 1492 οὔτε
511 1436 839 1508 γιγνόμενον
882 1436 1008 1495 οὔτε
1064 1437 1477 1510 ἀπολλύμενον,
1534 1437 1661 1495 οὕτε
1705 1437 2012 1511 αὐξανόμε-

335 1542 437 1578 νον
482 1518 611 1578 οὕτε
655 1526 905 1599 φθῖνον,
963 1527 1149 1578 ἔπειτα
1211 1523 1277 1580 οὐ
1323 1526 1388 1600 τῇ
1429 1526 1531 1595 μὲν
1572 1521 1776 1591 καλόν,
1838 1527 1906 1602 τῇ
1948 1523 2001 1581 δ’

328 1757 582 1842 ωιμέιζέ
592 1743 1123 1846 ἒῗῖἕᾮὶἶῗοὶἶέιῗὶὶ
1154 1746 1851 1848 ‘32¹3¹¹2⁰t¹13¹2¹t¹23¹¹¹3b3³‘‡1.5?:
1848 1752 1897 1791 ‘¹
1915 1745 2007 1848 ι’ἶῖο

327 1855 524 1914 ἀφθόνῳ
557 1857 665 1903 Par.
682 1858 734 1901 F.
767 1860 898 1903 habet
927 1859 1155 1915 ἀφθόνως.
1213 1860 1359 1904 Astius
1393 1861 1567 1902 coniicit
1596 1860 1790 1914 αφθονα.

439 1915 489 1957 Ε·
550 1919 713 1973 μέχρι
752 1918 1030 1973 ἐνταῦθα]
1076 1919 1125 1962 V.
1158 1922 1330 1974 μέχοις,
1369 1918 1511 1960 invitis
1553 1918 1669 1960 libris
1705 1918 2005 1978 manuscriptis

324 1977 492 2015 tantum
529 1985 614 2016 non
647 1977 856 2018 omnibus.
919 1977 1048 2020 Quod
1081 1978 1190 2019 enim
1221 1975 1483 2030 Phrynichus
1512 1989 1553 2030 p.
1571 1975 1626 2027 6.
1657 1974 1930 2019 Herodianus
1959 1990 2003 2031 p.

324 2030 423 2075 451-
457 2031 584 2085 apud.
617 2032 872 2076 Piersonem
913 2033 965 2077 ad
997 2034 1135 2076 Moer.
1177 2040 1220 2077 et
1257 2034 1327 2076 alii
1363 2037 1536 2076 veteres
1574 2035 1842 2087 grammatici
1873 2036 2004 2090 μέχρι

324 2093 370 2130 et
397 2086 502 2143 ἄχρι
531 2093 730 2158 tanquam
765 2092 950 2133 Atticum
982 2093 1179 2147 probant,
1211 2095 1361 2146 μέχρις
1390 2096 1535 2133 autem
1568 2097 1612 2133 et
1640 2107 1766 2144 αχρις
1797 2098 2002 2146 tanquam

329 2145 578 2200 improbum
612 2148 831 2200 reficiunt,
864 2151 1138 2192 confirmatur
1166 2149 1270 2192 haec
1300 2149 1548 2191 observatio
1580 2149 1752 2191 mirifice
1782 2150 2005 2192 codicibus

322 2201 546 2256 Platonis,
599 2206 669 2259 qui
707 2207 778 2249 vix
819 2219 947 2248 unum
989 2209 1226 2250 alterumve
1265 2209 1406 2249 locum
1444 2206 1642 2248 fecerunt
1679 2206 1912 2260 reliquum,
1959 2207 2001 2249 in

326 2273 414 2314 quo
436 2262 626 2316 vulgetis
655 2263 797 2305 forma
826 2264 918 2307 sine
948 2263 1146 2307 lectionis
1176 2265 1386 2307 varietate
1412 2264 1663 2318 reperiatur.
1695 2265 1860 2319 conf-p
1865 2238 2004 2310 .’2·20.

321 2318 375 2363 D.
406 2323 450 2361 et
482 2319 647 2362 Buttm.
677 2321 824 2363 Gram.
858 2334 969 2364 max.
1003 2323 1038 2377 §.
1070 2321 1139 2366 26.
1172 2321 1213 2365 4.
1245 2321 1437 2363 Lobeck.
1472 2321 1525 2362 ad
1558 2320 1885 2376 Phryup1.4.

436 2379 495 2419 οὑ
527 2376 584 2430 δὴ
620 2376 790 2419 ἕνεκεν
820 2381 913 2420 καὶ
941 2381 988 2421 οἱ
1022 2381 1342 2436 ἔμπροσθεν
1371 2378 1432 2434 π.]
1464 2379 1553 2422 Pro
1582 2380 1700 2434 v.uig
1729 2377 1844 2421 evena
1873 2379 2003 2422 Bodl-

1205 2518 1287 2562 dici
1308 2519 1448 2575 possit
1478 2520 1523 2560 ἐν
1555 2518 1790 2575 φιλοσοφίᾳ
1813 2518 2002 2573 ἀφθόνῳ

1204 2579 1380 2632 gignere
1421 2590 1474 2619 ex
1514 2590 1611 2618 sese
1658 2582 1701 2619 et
1739 2578 1861 2631 quasi
1899 2591 2002 2632 pro-—

1204 2648 1350 2677 creare
1383 2636 1626 2688 praeclaros
1657 2642 1880 2676 sermones
1907 2647 1999 2676 mn·-

1202 2693 1462 2744 gnificosque
1492 2691 1619 2732 animi
1637 2704 1803 2733 sensus.
1828 2713 1879 2722 —-
1912 2708 1997 2731 κα-

1202 2749 1326 2802 τίδῃ
1366 2746 1487 2788 τινὰ
1523 2749 1623 2798 ἔτι,
1663 2747 1701 2788 h.
1736 2762 1773 2790 e.
1817 2749 1998 2790 scien-

377 2517 466 2559 καὶ
494 2522 718 2574 θεωρῶν
760 2520 996 2570 πολλούς
1025 2524 1116 2572 ——J

320 2575 389 2617 Ad
420 2580 599 2632 θεωρῶν
631 2578 765 2632 liquet
797 2579 1118 2633 intelligendum

257 2630 269 2638 ”
320 2646 417 2675 esse
457 2633 582 2675 αὐτό.
663 2636 790 2680 Quod
847 2649 928 2678 non
975 2636 1118 2678 feren-

320 2689 423 2732 dum
446 2697 600 2743 putans
619 2692 661 2733 H
674 2706 700 2734 o
714 2707 754 2735 m
769 2707 812 2735 m
825 2695 871 2735 ei
887 2695 899 2734 i
913 2707 970 2734 us
988 2707 1118 2746 prae-

317 2751 384 2787 ter
408 2748 708 2790 necessitatem
721 2749 992 2791 scribendum
1011 2763 1117 2790 con-

317 2804 443 2844 iecit:
474 2801 571 2843 ἀλλ’
612 2806 682 2845 ἐπὶ
714 2805 762 2846 τὸ
797 2805 903 2846 πολι)
933 2808 1117 2858 πέλαγος

315 2864 603 2914 τετραμμένος
630 2866 711 2902 τοῦ
742 2862 876 2903 καλοῦ
908 2862 979 2902 καὶ
999 2867 1115 2903 θεω-

320 2921 407 2972 ρῶν
435 2917 626 2964 πολλοὺς
660 2920 731 2959 καὶ
770 2919 926 2966 καλούς
963 2918 1116 2973 λόγους

316 2975 394 3015 καὶ
421 2973 697 3048 διανοήματα
714 2978 833 3032 τίκτῃ
865 2978 907 3016 ἐν
937 2977 1113 3030 φιλοσο-

316 3033 395 3086 φίᾳ
424 3030 621 3087 ἀφθόνῳ.
678 3033 766 3075 Pro
787 3033 974 3087 ἅφθόνυ
996 3034 1110 3087 quod

317 3091 505 3132 Astius
573 3092 755 3143 αφθοω
815 3093 1111 3144 reponendum

318 3152 482 3199 censet,
515 3147 558 3190 id
590 3153 633 3190 et
663 3149 802 3202 ipsum
835 3161 918 3190 non
939 3154 1007 3190 est
1039 3163 1115 3192 ne—

315 3205 572 3247 cessarium.
621 3204 828 3248 Nimirum
860 3206 1113 3249 immensum

316 3262 420 3303 inud
464 3262 761 3316 pulcritudinis
809 3265 991 3318 pelagus
1031 3265 1114 3306 im-

315 3332 507 3361 mensam
530 3320 659 3362 habet
679 3320 998 3374 philosophandi
1021 3335 1112 3363 ma-

316 3377 464 3419 teriam
508 3377 696 3431 ideoque
738 3378 894 3432 efficit,
950 3384 999 3420 ut
1044 3381 1114 3432 qui

316 3433 419 3475 inud
478 3437 814 3489 contemplatur,
886 3436 1109 3479 verissime

1201 2806 1330 2846 tiam
1369 2804 1554 2858 ipsius
1604 2806 1999 2857 pulcritudinis

1201 2875 1235 2902 s,
1267 2861 1430 2903 ideae
1462 2862 1993 2915 pulcritudinis,

1199 2932 1324 2972 quam
1379 2919 1582 2973 deinceps
1632 2921 1805 2974 egregie
1839 2921 1997 2963 adum-

1198 2977 1323 3018 brare
1352 2977 1543 3018 instituit.

1257 3034 1311 3076 E.
1371 3038 1538 3074 τοῦτο
1569 3035 1770 3085 ἐκεῖνο]
1802 3035 1830 3078 ἱ.
1863 3049 1901 3078 e.
1930 3036 1994 3078 ἰΙ-

1198 3091 1288 3134 lud
1344 3092 1546 3145 ipsum,
1607 3092 1768 3133 cuius
1834 3105 1995 3135 causa

1198 3162 1386 3191 omnes
1429 3149 1509 3191 iiii
1552 3150 1778 3192 labores
1813 3151 1993 3193 susci-

1197 3206 1380 3262 piendi
1411 3210 1582 3248 erant.

1255 3265 1306 3306 P.
1334 3263 1433 3307 211
1489 3262 1614 3304 ουδὲ
1642 3263 1780 3318 πρὸς
1807 3267 1900 3320 μὲν
1929 3281 1989 3306 το

1197 3319 1387 3376 καλόν]
1434 3320 1473 3362 h.
1510 3334 1547 3362 e
1578 3333 1748 3373 neque
1780 3336 1881 3377 pro
1907 3335 1992 3364 va-

1197 3381 1299 3431 ria,
1348 3391 1501 3431 quam
1547 3377 1732 3431 habet,
1773 3382 1991 3422 ratione

1198 3436 1359 3479 modo
1386 3437 1661 3491 pulcrum,
1695 3437 1850 3479 modo
1882 3442 1989 3479 tur-
