2222 3762
467 206 664 261 LXVI

466 352 605 404 rium
644 351 817 403 visum
859 356 971 415 est,
1013 365 1179 417 quum
1218 346 1429 399 illorum
1469 348 1842 419 interpretatio
1881 349 2159 419 aliquanto

464 422 590 493 plus
628 420 908 474 doctarum
942 438 1103 490 opum
1141 418 1402 540 requirat,
1441 436 1603 488 quam
1641 438 1855 488 eorum,
1898 438 2039 490 quae
2072 439 2162 475 so·

464 495 582 546 lent
617 491 877 564 explicari
903 490 1079 543 doctis
1109 489 1212 541 ado
1238 489 1547 544 escentibus
1571 491 1656 544 vel
1689 492 1851 544 etiam
1873 491 2159 546 tironibus,

465 563 578 619 Sed
621 563 732 617 hoc
776 563 833 615 in
878 580 1076 632 genere
1130 579 1297 629 quum
1355 559 1730 615 difficillimum
1784 562 1859 615 sit
1921 564 2160 634 omnium

465 634 753 688 desideriis
799 633 1145 699 satisfacere,
1195 639 1312 684 tum
1363 633 1410 685 si
1445 631 1504 684 id
1541 634 1822 687 consecuti
1859 633 2059 703 simne,
2100 647 2162 688 ut

464 707 665 760 talibus
702 705 853 766 viris,
882 703 1060 772 qualis
1096 702 1202 754 fuit
1225 703 1321 771 qui
1344 703 1402 756 in
1423 702 1770 776 Bibliotheca
1794 702 1984 760 critic.
2010 706 2157 759 Now

462 777 721 830 Batavor.
761 775 827 828 T.
855 775 930 826 11.
956 793 1010 844 p.
1037 775 1151 828 117.
1194 772 1262 826 de
1297 775 1912 845 nostrainterpretandi
1948 775 2160 831 ratione

463 847 790 902 sententiam
828 844 984 913 dixit,
1025 844 1163 898 haec
1199 863 1368 914 opera
1403 853 1590 900 nostra
1625 847 1917 917 probetur,
1957 867 2022 902 eo
2060 848 2159 902 im·-

461 918 686 990 pensius
723 915 1072 984 laetabimur,
1113 935 1221 986 quo
1269 917 1445 988 magis
1483 934 1702 988 semper
1735 917 1792 970 id
1828 918 2157 989 studuimus,

460 999 524 1043 ut
561 988 889 1042 discentium
913 986 1111 1041 studiis
1135 1006 1235 1059 per
1257 1007 1373 1041 eam
1401 1008 1501 1061 pro
1524 989 1730 1043 viribus
1754 988 2157 1062 prodessemus

603 1059 771 1128 Quod
805 1059 1075 1130 reliquum
1109 1066 1212 1128 est,
1238 1060 1456 1131 publice
1481 1060 1586 1114 hoc
1622 1061 1745 1114 loco
1783 1075 1936 1114 a‘me
1973 1069 2159 1132 grates

501 1129 856 1187 ersolvendae
903 1137 1032 1185 sunt
1065 1130 1216 1184 Viris
1265 1131 1531 1203 egregiis,
1581 1131 1690 1184 Fr.
1727 1130 2054 1186 'Iacobsio
2104 1141 2159 1187 et

458 1151 606 1258 gal.
663 1200 813 1256 Chr.
861 1202 966 1256 Fr.
1021 1199 1304 1271 Romo,
1366 1203 1459 1273 qui
1516 1220 1627 1257 non
1681 1203 1858 1256 solum
1905 1203 2157 1276 plagulas

458 1275 605 1357 typis
642 1292 929 1347 expressas
952 1292 1298 1344 percensere,
1324 1273 1421 1327 sed
1443 1274 1604 1327 etiam
1629 1291 1770 1344 quae
1793 1274 2155 1346 scripsissem,

458 1365 774 1419 priusquam
796 1345 1103 1418 typothetis
1125 1343 1486 1414 traderentur,
1506 1345 1795 1418 diligenter
1834 1346 2155 1416 percensere

457 1431 652 1487 meque
689 1417 760 1471 de
794 1416 1072 1470 nonnullis
1106 1414 1243 1470 locis
1283 1415 1574 1472 admonere
1611 1416 1899 1471 voluerint.

455 1569 773 1627 Scribebam
785 1569 1015 1641 Lipsiae
1037 1570 1176 1640 ipsis
1192 1570 1458 1627 Kalendis
1481 1572 1598 1626 Ian.
1617 1569 2152 1627 MDCCGXXVII.

454 1642 650 1696 iterum
686 1661 736 1696 a.
774 1641 827 1695 d.
853 1641 960 1697 111.
990 1641 1075 1695 Id.
1101 1640 1295 1696 Octbr.
1320 1642 2153 1700 MDCCOXXX111.·-1tertium

454 1712 648 1769 Idibus
701 1714 820 1768 Ian.
883 1711 1689 1841 MDCffgKCIgngqulertum
1750 1719 1935 1770 mense
1992 1715 2154 1773 Iunio

1257 2021 1324 2079 G.
1384 2023 2122 2086 STALLBAUM„
