2158 3718
681 196 760 233 AD
801 195 1157 235 SYMPOSIUM.
1594 201 1759 241 XXXV

83 333 298 373 suorum
330 320 503 383 >saluti⁴
523 322 834 392 prospicere·
870 341 1092 393 eamque
1127 323 1267 377 omni
1304 342 1403 394 ope
1442 343 1539 378 sua
1574 326 1758 381 iuvare

76 397 242 459 “atque
276 390 588 446 *sustentares
623 391 688 445 In
713 409 817 461 quo
839 394 1121 449 manifesto
1143 394 1244 448 hoc
1279 396 1493 464 sequuti
1520 407 1660 461 sunt,
1698 408 1759 451 ut

81 460 239 514 etia’m
285 461 355 516 ad
396 463 644 516 virtutem
687 461 1036 518 iudicaverint
1078 482 1213 537 opus
1257 483 1374 519 esse
1422 466 1584 520 animi
1622 487 1756 538 quo-

80 530 215 585 dam
247 532 438 587 affectu
484 533 650 586 amori
694 532 839 586 haud
881 535 1128 600 absimili,
1185 536 1386 607 quippe
1433 555 1541 607 quo
1585 539 1758 592 virtus

80 610 134 655 et
168 601 329 666 citius
360 603 640 657 eliceretur
662 612 715 657 et
749 605 946 660 certius
980 607 1394 671 confirmaretur,
1432 624 1593 677 quam
1630 628 1755 663 cen-

77 673 209 726 tenis
228 671 556 744 pmdentiae
592 691 655 727 ac
681 675 968 746 sapientiae
991 677 1458 749 praeceptionibus
1482 679 1644 733 animi
1667 697 1756 733 ar*-

4 809 6 811 ·
76 741 262 796 dorem
285 760 443 816 saepe
465 763 574 799 non
597 745 967 812 excitantibus,
995 749 1090 802 sed
1115 748 1556 821 opprlmentibus‚
1582 768 1756 820 neque

75 822 305 868 mentem
333 815 552 885 ⁴impetu
595 816 788 871 furoris
828 826 882 871 et
928 819 1275 884 enthusiasmi
1315 819 1756 876 extimulantibus

74 891 128 937 et
163 884 576 957 impellentibus.
665 885 826 954 Quod
865 890 990 958 quis
1033 899 1115 943 est
1163 890 1291 960 quin
1336 891 1473 945 ultro
1525 893 1757 946 fateatur

74 953 337 1009 eiusmodi·
366 972 501 1022 esse,
547 965 607 1010 ut
641 976 673 1010 a
708 959 960 1028 prudenti
995 961 1205 1014 virtutis
1248 959 1532 1032 disciplina
1575 963 1753 1016 neuti-

70 1040 231 1094 quam
273 1025 557 1081 abhorrere
602 1027 1012 1082 existimandum
1058 1031 1160 1084 sit?
1221 1029 1334 1083 Sed
1379 1042 1591 1102 praeter
1624 1033 1755 1087 haec

71 1094 232 1149 etiam
267 1094 412 1150 aliud
430 1094 576 1166 quid
610 1097 1045 1152 animadvertisse
1090 1099 1333 1164 iuvabit,·
1359 1099 1501 1170 quod
1537 1103 1606 1155 ad
1641 1122 1755 1156 rem

68 1174 402 1235 praesentem
434 1167 704 1238 pertinere
739 1168 1072 1222 arbitramur.
1108 1169 1214 1222 Est
1249 1170 1390 1223 enim
1415 1171 1629 1226 divinus
1651 1174 1753 1226 hu-

67 1253 363 1307 manusque
397 1253 561 1303 amor,
578 1273 580 1275 -
599 1237 665 1290 de
699 1254 805 1307 quo
827 1238 1109 1308 loquimur,
1145 1239 1369 1294 Platone
1393 1241 1568 1296 iudice
1592 1244 1753 1297 etiam

68 1315 255 1360 mutua
286 1316 504 1362 naturae
542 1327 668 1362 suae
706 1310 1072 1364 contrarietate
1107 1310 1184 1363 ita
1221 1319 1498 1381 cognatus,
1535 1322 1597 1365 ut
1620 1313 1754 1367 alter

68 1379 351 1448 usquead
394 1380 616 1434 alterum
659 1388 864 1451 spectet
909 1388 1065 1450 atque
1109 1382 1386 1435 referatur.
1446 1382 1585 1436 Nam
1620 1385 1754 1437 alter

69 1456 336 1519 tamquam
348 1464 356 1488 ³
370 1447 427 1503 in
448 1451 608 1505 vcoelo
644 1450 962 1505 constitutus
987 1460 1070 1505 est
1093 1461 1440 1521 versaturque
1463 1450 1521 1506 in
1547 1472 1752 1508 summo

68 1518 607 1592 sapientiae·fastigio
642 1521 728 1574 vel
763 1523 1064 1593 expetendo
1109 1523 1194 1576 vel
1229 1523 1566 1589 admirand03
1618 1526 1752 1579 alter

65 1589 121 1642 in
155 1591 331 1644 media
365 1591 476 1645 vita
511 1592 774 1646 communi
818 1592 966 1665 viget
1013 1603 1170 1663 atque
1210 1612 1275 1647 eo
1320 1594 1478 1664 valet,
1525 1604 1586 1648 ut
1634 1597 1750 1650 eius

65 1659 408 1715 imbecillitati
444 1671 798 1728 succurratur,
837 1680 943 1733 quo
978 1664 1151 1735 possit
1185 1683 1301 1719 sese
1339 1666 1541 1738 erigere
1574 1667 1748 1721 altius.

64 1730 217 1785 Alter
262 1748 420 1803 porro
464 1733 536 1787 ad
579 1733 884 1804 exploratae
927 1734 1165 1788 veritatis
1206 1732 1466 1790 rationem
1500 1735 1746 1803 refertur,

65 1816 202 1871 quae
238 1818 446 1875 semper
479 1803 583 1857 sibi
619 1812 824 1858 constat
859 1813 1019 1876 atque
1055 1815 1272 1860 aeterna
1304 1815 1403 1870 est,
1441 1824 1600 1876 quam
1624 1808 1748 1877 qui-

66 1873 200 1927 dem
220 1872 376 1928 Plato
410 1874 614 1942 ‘eximie
658 1875 892 1946 appellat
937 1877 1231 1946 ἐπιστήμηνς
1279 1877 1413 1930 alter
1457 1895 1584 1932 vero
1627 1878 1746 1949 opi-

63 1942 251 2010 nionis,
287 1950 373 2015 τῆς
399 1945 554 2015 δόξης,
592 1945 886 2000 rationibus
909 1946 1114 2011 nititur,
1151 1947 1582 2017 quandoquidem
1613 1956 1745 2002 tam—

62 2030 223 2084 quam
257 2016 588 2071 extrinsecus
633 2015 893 2090 originem
936 2017 1095 2070 habet
1142 2036 1292 2071 suam
1336 2037 1510 2088 neque
1554 2019 1746 2072 mentis

62 2085 134 2138 inr
154 2102 210 2139 se
247 2087 496 2141 coHectae
532 2087 708 2141 studio
746 2106 810 2141 ac
845 2087 1109 2142 desiderio
1133 2088 1373 2143 debetur.
1412 2089 1569 2142 Alter
1592 2090 1743 2143 deni·-

60 2173 167 2225 que
203 2156 363 2210 etiam
398 2157 665 2211 efficaciae
702 2177 829 2212 suae
863 2159 1076 2212 nomine
1112 2178 1233 2212 oum
1277 2161 1440 2213 altero
1478 2168 1745 2230 tamquam

63 2227 334 2298 reciproca
370 2228 670 2281 continetur
705 2228 1112 2292 necessitudine,
1150 2230 1580 2298 quandoquidem
1605 2231 1742 2284 divi-

62 2314 163 2351 nus
206 2297 295 2352 ille
339 2314 485 2352 amor
530 2298 691 2352 vitam
733 2299 1010 2353 mortalem
1057 2299 1236 2352 divina
1283 2300 1402 2353 luce
1449 2318 1546 2353 sua
1591 2302 1744 2370 quasi

62 2376 217 2422 ornat
253 2377 306 2421 et
341 2368 627 2438 collustrat,
679 2369 961 2438 efficitque,
1011 2377 1070 2422 ut
1114 2388 1176 2422 ea
1210 2388 1277 2422 ex
1313 2369 1609 2430 humilitate
1647 2388 1745 2424 sua

61 2439 337 2508 paullatim
371 2439 548 2493 extolli
584 2447 637 2493 et
671 2439 741 2493 ad
777 2439 984 2493 divinae
1023 2440 1311 2510 sapientiae
1357 2441 1570 2494 laudem
1613 2457 1740 2512 pro-

59 2509 182 2580 pius
214 2507 407 2564 adduci
440 2509 638 2581 possit3
675 2510 940 2564 humanus
971 2519 1150 2564 autem
1173 2529 1323 2565 amor
1345 2510 1567 2581 praebet
1588 2511 1743 2581 quasi

0 2620 1 2656 ἢ
63 2581 232 2634 solum
266 2599 328 2649 ac
362 2580 787 2645 fundamentum,
825 2581 912 2634 cui
935 2579 1242 2635 insistentes
1266 2583 1513 2635 mortales
1544 2593 1742 2652 queant

0 2657 1 2663 ’
61 2651 131 2704 ad
152 2651 291 2705 illius
315 2652 508 2706 amoris
531 2651 908 2723 praestantiam
942 2652 1148 2705 felicius
1172 2652 1407 2705 eluctari.
1448 2650 1559 2706 Sed
1583 2650 1739 2706 nolu-

0 2739 1 2785 ζ
60 2736 178 2775 mus
201 2722 357 2793 plura
378 2741 683 2788 memorare,
707 2741 843 2792 quae
868 2722 938 2775 ad
956 2740 1198 2776 caussam
1214 2732 1550 2793 praesentem
1565 2724 1740 2778 facere

59 2791 353 2847 videantur.
383 2786 386 2792 ’
412 2793 626 2847 Etenim
660 2793 746 2848 vel
781 2811 848 2847 ex
883 2793 967 2858 iis,
1015 2808 1151 2862 quae
1196 2793 1559 2864 exposuimus,
1610 2792 1739 2848 satis

61 2862 199 2916 clare
234 2864 605 2935 appariturum
633 2882 748 2918 esse
785 2863 1121 2928 arbitramur,
1165 2864 1301 2918 inter
1337 2864 1573 2918 divinum
1608 2864 1736 2919 Pla-

62 2932 201 2986 tonis
235 2949 464 2987 amorem
498 2944 657 3004 atque
689 2953 924 2988 amorem
953 2933 1369 2988 adolescentium
1391 2935 1537 3006 apud
1562 2932 1736 2989 Grae-

0 3027 1 3031 *
64 3018 152 3056 cos
187 3002 441 3056 usitatum
473 3005 656 3073 utique
691 3005 966 3058 arctiorem
1001 3004 1268 3074 quandam
1289 3005 1615 3060 intercedere
1638 3025 1734 3059 ne-

62 3071 447 3126 cessitudinern.

132 3143 311 3212 Atque
345 3142 469 3197 hinc
502 3143 606 3196 iam
627 3143 771 3196 nullo
785 3145 1006 3216 negotio
1029 3145 1356 3200 intellectum
1379 3144 1444 3199 iri
1467 3154 1729 3217 putamus,

63 3211 668 3285 primariumSymposii
698 3223 1067 3297 argumentum
1100 3216 1335 3287 profecto
1373 3216 1615 3288 exegisse
1651 3222 1730 3266 at-

61 3301 166 3353 que
200 3282 568 3355 postulavisse,
615 3292 863 3337 ut'etiam
899 3302 1045 3339 amor
1078 3287 1219 3340 vitae
1255 3287 1591 3357 quotidianae
1627 3301 1731 3338 non

0 3385 1 3404 η
66 3355 220 3409 modo
255 3355 441 3409 leviter
464 3354 879 3418 adumbraretur,
920 3357 1015 3409 sed
1039 3358 1304 3426 copiosius
1331 3354 1729 3408 describeretur.

0 3501 2 3579 l

1324 3464 1331 3471 ,
1370 3433 1396 3491 †

0 3627 1 3642 l
61 3632 68 3640 o
