2158 3718
806 90 1071 144 ΡΗΑΕοο
1103 115 1148 156 p.
1181 103 1250 145 91.
1290 65 1297 68 ⁷
1819 102 1923 155 211

133 241 258 296 τοτὲ
307 241 370 296 δὲ
410 241 519 311 μή,
567 237 642 310 μὴ
692 239 896 294 ἑαυτόν
944 259 1026 303 τις
1072 240 1324 310 αἰτιῷτο,
1373 240 1514 310 μηδὲ
1561 240 1666 309 τήν
1721 240 1926 295 ἑαυτοῦ

133 323 415 395 ἀτεχνίαν,
454 321 598 378 ἀλλὰ
633 326 916 377 τελευτῶν
954 321 1047 377 διὰ
1071 322 1135 377 τὸ
1161 320 1358 393 ἀλγεῖν
1396 322 1638 394 ἄσμενος
1675 325 1769 378 ε’πὶ
1794 323 1927 387 τοὺς

132 410 339 477 λόγους
385 406 486 478 ἀφ’
536 407 742 462 ἑαυτοῦ
789 406 893 477 τὴν
940 409 1127 462 αἰτίαν
1174 406 1491 478 ἀπώσαιτο,
1539 410 1634 462 καὶ
1678 407 1787 478 ἤδη
1825 406 1954 462 τὸνκ

132 491 335 548 λοιπὸν
380 495 510 569 βίον
555 495 738 562 μισῶν
773 511 835 546 τε
871 493 966 545 καὶ
1003 495 1284 562 λοιδορῶν
1320 491 1455 556 τοὺς
1497 493 1702 561 λόγους
1740 494 1926 546 διατε-

131 579 264 645 λοῖ,
298 577 514 631 τῶνδὲ
552 574 737 630 ὄντων
774 580 872 646 τῆς
909 574 1179 647 ἀληθείας
1215 596 1275 630 τε
1322 578 1417 631 καὶ
1457 577 1762 647 ἐπιστήμης
1799 592 1926 630 στε-

69 696 73 701 -
134 659 497 731 ρηθείη;·Νὴ
535 659 634 715 τὸν
671 664 806 730 Δία,
844 655 918 731 ἦν
957 660 1011 714 δ’
1053 662 1188 731 ε’γῶ,
1227 660 1460 731 οἰκτρὸν
1498 664 1658 732 δῆτα.
1758 718 1759 721 ,

273 749 389 814 Cap.
429 748 528 798 XL.
604 749 849 815 Πρῶτον
885 745 990 815 μὲν
1026 749 1255 816 τοίνυν,
1295 749 1434 816 ἔφη,
1473 750 1641 800 τοῦτο
1681 743 1924 815 εὐλαβη-

127 832 344 899 θῶμεν,
383 830 479 883 καὶ
515 828 589 900 μὴ
627 834 918 900 παρίωμεν
956 831 1038 894 εἰς
1074 829 1178 900 τὴν
1214 832 1432 900 ψυχήν,
1473 829 1548 894 ῶς
1584 834 1700 884 τῶν
1737 831 1926 898 λόγων
1948 845 1981 885 Ε

129 913 458 968 κινδυνεύει
504 911 677 969 οὐδὲν
724 913 880 983 ὑγιὲς
929 910 1104 983 εἶναι,
1153 912 1298 967 ἀλλά
1343 913 1493 968 πολὺ
1544 918 1788 984 μᾶλλον,
1839 913 1925 967 ὅτι

127 996 288 1068 ἡμεῖς
324 998 496 1052 οὔπω·
524 997 715 1067 ὑγιῶς·
737 1001 968 1068 ἔχομεν,
1016 996 1145 1051 ἀλλ’
1186 996 1521 1068 ἀνδριστέον
1568 1000 1664 1052 καὶ
1700 1005 1925 1068 προθυ-

128 1083 334 1152 μητέον
371 1081 548 1150 ὑγιῶς
594 1085 771 1151 ἔχειν,
823 1083 914 1136 σοὶ
960 1083 1066 1151 μὲν
1107 1075 1264 1151 [οὖν]
1305 1082 1401 1135 καὶ
1438 1091 1554 1145 τοῖς
1602 1082 1795 1147 ἄλλοις
1831 1083 1926 1136 καὶ

129 1169 233 1220 τοῦ
271 1167 464 1221 ἔπειτα
501 1168 634 1236 βίου
671 1164 883 1230 παντὸς
919 1166 1106 1235 ἕνεκα,
1148 1167 1273 1235 ἐμοὶ
1311 1165 1374 1219 δὲ
1400 1164 1580 1227 αὐτοῦ
1618 1168 1785 1221 ἕνεκα
1821 1172 1925 1220 τοῦ

127 1251 411 1306 θανάτου·
463 1249 541 1315 ῶς
577 1251 899 1305 κινδυνεύω
938 1253 1115 1321 ἔγωγε
1155 1251 1220 1305 ἐν
1257 1254 1334 1321 τῷ
1372 1251 1613 1319 παρόντι
1651 1253 1782 1322 περὶ
1819 1250 1925 1305 αὐ-
1955 1269 2007 1309 91

128 1339 232 1390 τοῦ
279 1336 488 1390 τούτου
537 1334 607 1389 ού
655 1336 987 1406 φιλοσόφως
1034 1338 1211 1404 ἔχειν,
1260 1332 1387 1388 ἀλλ’
1438 1324 1621 1405 ῶςπερ
1670 1337 1729 1390 οἱ
1772 1338 1925 1390 πάνυ

128 1419 479 1490 ἀπαίδευτοι,
519 1422 874 1490 φιλονείκως.
951 1422 1048 1474 καὶ
1083 1418 1193 1490 γὰρ
1234 1421 1442 1475 ε’κεῖνοι
1480 1418 1618 1474 ὅταν
1655 1413 1790 1490 περί
1823 1441 1929 1474 του

127 1504 659 1576 ἀμφισβητήσωσιν,
707 1503 817 1576 ὅπῃ
865 1505 970 1575 μὲν
1018 1506 1131 1574 ἔχει
1177 1506 1307 1575 περὶ
1354 1498 1437 1559 ῶν
1483 1504 1556 1559 ἂν
1604 1503 1632 1558 ὁ
1682 1506 1849 1573 λόγος
1885 1498 1924 1575 ᾗ

127 1587 198 1644 οὐ
245 1593 674 1661 φροντίζουσιν,
725 1589 876 1654 ὅπως
923 1590 986 1644 δὲ
1034 1588 1071 1643 ὁὶ
1116 1587 1278 1644 αὐτοὶ
1315 1592 1516 1644 ἔθεντο
1554 1592 1732 1643 ταῦτα
1772 1589 1923 1653 δόξει

127 1684 245 1740 τοῖς
282 1678 560 1745 παροῦσι,
608 1678 776 1729 τοῦτο
825 1678 1279 1745 προθυμοῦνται.
1356 1676 1451 1728 καὶ
1490 1674 1602 1743 ε’γῶ
1638 1693 1733 1744 μοι
1772 1675 1923 1727 δοκῶ

131 1760 196 1814 ἐν
247 1763 325 1830 τῷ
380 1759 621 1829 παρόντι
672 1762 951 1813 τοσοῦτον
1006 1759 1185 1829 μόνον
1243 1760 1482 1814 ἐκείνων
1529 1760 1792 1813 διοίσειν·
1854 1756 1922 1812 ού

241 1932 293 1974 1).
325 1925 396 1987 μὴ
421 1924 525 1975 ἕαυ
538 1927 599 1975 τό
610 1948 637 1975 ν
656 1930 764 1987 τις]
785 1932 1009 1975 Fischerus
1031 1934 1085 1974 de
1104 1933 1271 1986 Mudgii
1290 1934 1537 1974 coniectura
1558 1932 1730 1986 scripsit
1749 1928 1834 1973 καὶ
1854 1924 1929 1984 μή

129 1981 305 2032 ἔαυτόν
325 2002 413 2042 τις,
437 2002 519 2042 quo
542 2002 628 2031 non
650 2002 758 2044 opus
781 1996 857 2034 est.
879 1991 1027 2032 Paullo
1050 1997 1147 2031 ante
1168 1985 1404 2038 τοιούτοις
1425 1987 1520 2031 τισὶ
1543 1982 1702 2042 λόγοις
1723 1989 1923 2042 praebuit

126 2045 226 2087 Par.
248 2044 297 2095 G,
321 2046 433 2087 unde
454 2048 675 2088 revocavit
695 2047 879 2090 Bekker.
919 2046 1061 2100 Vulgo
1085 2046 1305 2099 legebatur
1325 2042 1590 2087 τοιουτοισὶ
1611 2040 1786 2099 λόγοις,
1810 2045 1923 2095 quod

126 2108 244 2143 tenet
265 2103 390 2143 etiam
411 2103 513 2143 Tur.

242 2152 378 2207 τοὺς
420 2152 630 2214 λόγους
670 2155 960 2212 διατελοϊ]
1004 2159 1148 2199 Verba
1183 2151 1296 2206 τούς
1334 2151 1506 2213 λόγους
1545 2170 1629 2201 om.
1659 2157 1781 2198 Bodl.
1810 2157 1925 2198 Tub..

130 2215 242 2256 Ven.
265 2214 317 2256 H
333 2227 397 2268 pr.
413 2227 470 2256 m.
513 2215 641 2256 Uneis
663 2227 712 2254 ea
735 2216 869 2268 sepsit
890 2214 1031 2258 Herm.

243 2266 338 2312 οἰκ
352 2267 447 2324 τρὸ
460 2285 488 2314 ν
528 2267 700 2324 δῆτα]
744 2264 807 2319 ὡς
837 2263 1045 2323 οἰκτρόνι
1059 2268 1105 2314 δ.
1124 2271 1233 2314 Ven.
1257 2269 1304 2317 Ξ
1320 2270 1450 2311 Vind.
1477 2270 1519 2311 Τ
1537 2278 1578 2310 et
1599 2281 1730 2338 supra
1750 2281 1924 2310 versum

127 2325 250 2371 Bodl.
271 2339 367 2378 eum
390 2327 537 2382 steph.
579 2327 686 2368 Dein
707 2327 834 2368 Vind.
854 2327 894 2369 Φ
915 2325 1057 2368 Par.G
1078 2327 1226 2368 Ambr.
1251 2334 1292 2366 et
1311 2338 1448 2380 marg.
1469 2326 1590 2366 Bodl.
1611 2321 1922 2380 ευλαβητέον.

243 2382 347 2438 Cap.
371 2383 463 2428 XL.
501 2377 574 2437 μὴ
616 2382 932 2437 παρίωμεν]
965 2383 1034 2424 Sic
1056 2383 1180 2426 codd.
1204 2382 1353 2437 optimi
1375 2389 1416 2423 et
1436 2382 1623 2436 plurimi.
1665 2383 1719 2422 V.
1743 2379 1923 2435 παριῶ-

125 2452 229 2494 μεν.
271 2439 336 2479 De
364 2439 444 2480 hae
473 2447 674 2481 accentus
703 2440 992 2493 discrepantia
1021 2453 1061 2483 v.
1084 2439 1332 2480 Buttmann.
1363 2437 1549 2480 Gramm.
1578 2438 1708 2492 ampl.
1742 2438 1791 2482 T.
1813 2439 1845 2478 I.
1878 2450 1920 2491 p.

126 2497 212 2538 538
246 2508 347 2540 ann.
382 2497 439 2538 35
475 2497 543 2538 ed.
579 2498 614 2542 Ι.
649 2496 747 2540 coll.
783 2509 827 2550 p.
848 2498 931 2538 543
950 2512 1009 2532 Ξ
1028 2509 1073 2550 p.
1095 2498 1179 2538 522
1202 2497 1269 2538 ed.
1290 2497 1343 2536 II.
1378 2504 1419 2536 et
1446 2495 1648 2536 Matthiae
1678 2494 1748 2537 Gr.
1774 2494 1816 2545 S.
1840 2495 1933 2535 210.-

128 2554 294 2652 amhl}
323 2606 412 2650 σοὶ
431 2604 538 2676 μὲν
560 2597 686 2663 οὖν]
710 2597 798 2651 οὖν
820 2615 966 2662 utpote
989 2610 1042 2649 de
1062 2609 1164 2648 vitio
1187 2616 1438 2674 suspectum
1462 2607 1734 2648 seclusimus.

240 2665 289 2707 P.
311 2666 382 2706 91.
415 2658 968 2720 αμφισβητήσωσιν]
999 2657 1428 2719 ἀμφισβητησωσιν
1459 2662 1586 2706 Coisl.
1618 2664 1718 2705 Vat.
1748 2663 1860 2705 Ven.
1883 2663 1933 2704 Δ

127 2721 258 2762 vind.
284 2721 324 2763 Φ
347 2722 443 2763 Par.
466 2721 714 2763 ACEGHI
745 2721 857 2763 Flor.
880 2733 906 2761 a
926 2722 952 2761 b
975 2734 998 2761 c
1018 2722 1046 2762 d
1065 2722 1079 2761 i
1101 2734 1143 2761 m
1171 2723 1282 2775 Aug.
1321 2722 1558 2772 Antiquum
1585 2713 1923 2774 ἀμφισβητῶσι

131 2784 272 2818 servat
293 2778 421 2819 etiam
443 2779 542 2821 Tur.
568 2786 609 2818 et
627 2778 769 2818 Herm.

242 2831 427 2875 ταῦτα
459 2827 640 2886 δόξει]
669 2835 724 2878 V.
746 2827 912 2888 δόξῃ,
934 2834 1050 2886 quod
1071 2847 1094 2874 e
1115 2833 1238 2876 Bodl.
1262 2833 1390 2874 Coisl.
1414 2832 1525 2876 Ven.
1549 2831 1793 2879 szind.
1822 2831 1864 2872 Τ
1882 2830 1921 2872 Φ

129 2888 226 2930 Par.
250 2888 354 2930 CHI
382 2891 534 2934 Ambr.
554 2890 666 2931 Flor.
688 2902 713 2931 a
734 2891 761 2931 b
783 2903 805 2929 e
826 2892 854 2931 d
876 2891 889 2929 i
909 2903 951 2930 m
988 2896 1028 2930 et
1063 2902 1126 2943 pr.
1149 2890 1258 2933 Ven.
1285 2889 1338 2931 Π
1366 2890 1463 2931 Par.
1489 2889 1524 2931 G
1553 2897 1786 2942 praeeunte
1809 2887 1923 2927 Bek—

131 2945 236 2985 kero
258 2946 535 2987 mutavimus.

190 3084 248 3126 Ca
284 3083 395 3128 .XL.
418 3077 561 3126 ἀλλὰ
584 3079 731 3126 πολὺ
750 3083 983 3138 μᾶλλον]
1126 3085 1172 3129 Ρ.
1196 3084 1266 3128 91.
1297 3083 1431 3139 περὶ
1472 3077 1650 3126 αὐτοῦ
1698 3075 1920 3135 τούτου]

131 3143 212 3186 Int.
250 3096 515 3194 Ξννοῶμεν,
557 3141 673 3191 quod
700 3151 776 3192 per
803 3153 985 3195 zeugma
1071 3141 1139 3183 Se.
1168 3143 1394 3183 animum
1427 3153 1544 3182 esse
1573 3139 1931 3179 immortalem.

129 3197 461 3250 intellegendum
483 3197 748 3248 relinquitur.
1071 3211 1239 3250 neque
1259 3206 1423 3239 morte
1451 3196 1691 3239 interire,

188 3247 564 3307 ἀνδριστέον]
647 3253 858 3293 naviter
932 3253 984 3293 id

131 3310 392 3363 agendum
434 3322 573 3357 esse,
614 3317 662 3348 ut
702 3317 779 3350 etc.
834 3309 982 3350 Paullo
1126 3303 1276 3359 ὅπως
1317 3306 1378 3351 δὲ
1419 3330 1471 3338 -
1502 3306 1685 3349 ταῦτα
1727 3299 1928 3359 δόξει]ς’

133 3374 231 3406 ante
257 3362 485 3419 παριέναι
515 3361 582 3414 εἰς
611 3358 701 3418 τὴν
728 3358 892 3419 ψυχήν
921 3372 984 3407 est
1068 3367 1157 3409 vid.
1187 3366 1365 3407 Matth.
1397 3364 1466 3407 Gr.
1502 3365 1540 3414 ἕ.
1565 3364 1662 3407 623.
1703 3363 1844 3403 Rost.
1876 3362 1924 3411 S.

132 3421 224 3463 Lat.
246 3423 500 3464 inducere
523 3423 571 3462 in
596 3422 841 3463 animum.
1071 3423 1168 3464 122.
1193 3424 1259 3463 11.
1291 3422 1478 3463 Buttm.
1503 3421 1652 3470 §.139
1673 3419 1720 3461 Ε.

1465 3488 1576 3539 14*
