2158 3718
334 135 457 173 1111]
506 138 508 140 ·
946 134 1389 189 PnonneomnNA

332 278 543 315 omnem
578 281 756 315 rerum
790 261 1201 330 universitatum.
1240 261 1428 332 Itaque
1463 262 1595 315 illud
1619 262 1833 331 quidem
1854 261 2012 332 plane

332 331 537 402 probat,
561 333 707 402 quod
729 331 1122 401 Eryximachus
1147 331 1220 384 du
1255 332 1408 387 licem
1433 351 1666 386 amorem
1690 332 2010 386 distinxerit.

336 401 445 456 Sed
479 403 621 473 quod
658 422 778 456 eum
811 403 868 454 in
902 402 1023 455 unis
1057 420 1174 455 mor
1249 403 1356 456 'um
1391 404 1580 457 animis
1614 404 1870 471 adversus
1893 403 2014 473 pul-

332 492 451 528 cros
492 482 732 528 amanter
775 472 982 526 affectis
1017 474 1194 526 inesse
1228 473 1470 538 voluerit,
1507 474 1565 526 id
1599 493 1725 528 vero
1761 481 1905 527 recte
1938 474 2017 526 ita

331 545 622 598 iudicatum
659 563 775 598 esse
810 552 992 616 negat,
1031 543 1458 613 quandoquidem
1492 564 1638 599 amor
1675 554 1728 598 et
1762 544 1819 597 in
1849 562 2015 615 pecu-

335 614 493 668 dibus
523 624 576 668 et
592 615 648 667 in
666 614 863 684 plantis
889 623 943 667 et
964 614 1022 668 in
1045 621 1155 667 tota
1176 633 1356 667 rerum
1379 623 1570 668 natura
1595 624 1646 669 et
1667 616 1723 668 in
1748 613 2017 686 operibus,

333 685 538 739 artibus
573 693 732 754 atque
778 685 1050 750 doctrinis,
1095 685 1255 738 immo
1305 685 1465 739 etiam
1506 687 1646 740 inter
1691 687 1819 740 deos
1860 694 2018 755 atque

332 756 571 809 homines
585 796 600 820 ,
648 774 783 825 quos
830 756 1089 821 conciliet,
1136 755 1454 810 dominetur.
1527 755 1641 812 Sed
1680 755 2029 826 quantumvis·

332 827 419 879 ille
466 845 699 880 amorem
732 827 790 879 in
826 836 1072 898 campum
1107 827 1351 880 eduxerit
1384 828 1823 898 patentissimum,
1859 836 1920 879 ut
1953 845 2022 880 ne

336 898 557 950 deorum
627 897 809 950 uidem
852 898 1227 967 hominumque
1273 897 1557 951 excluserit
1603 897 2024 951 coniunctionem

336 968 414 1038 (p.
450 969 567 1022 188.
591 915 675 1021 (l3.
715 967 779 1022 G.
817 967 938 1040 DL),
976 977 1151 1022 tamen
1185 968 1301 1040 ipse
1339 987 1547 1038 quoque
1582 967 1782 1022 bonum
1818 969 2021 1020 tantum

337 1051 392 1092 et
426 1039 747 1093 laudabilem
779 1039 972 1110 probat
1007 1059 1256 1105 amorem,
1294 1040 1386 1109 qui
1420 1039 1597 1092 omnia
1630 1039 1786 1108 quasi
1817 1039 1876 1091 in
1898 1056 2025 1092 con-

337 1110 571 1165 cordiam
615 1110 844 1181 redigat,
895 1110 1307 1182 discrepantiam
1341 1129 1552 1163 omnem
1588 1110 1754 1174 tollat,
1802 1109 2026 1178 ideoque

335 1180 480 1234 circa
515 1180 714 1234 bonum
746 1182 903 1235 unice
937 1190 1180 1235 versetur
1205 1201 1327 1235 cum
1357 1181 1560 1234 iustitia
1584 1189 1638 1234 et
1661 1179 2024 1251 temperantia,

335 1251 410 1304 ita
453 1261 513 1305 ut
567 1252 739 1307 omnis
787 1253 1000 1324 generis
1053 1253 1244 1306 afferat
1288 1252 1596 1306 beatitatem
1643 1251 1874 1305 amicitia
1920 1259 2028 1302 tam

336 1323 479 1376 inter
513 1342 571 1376 se
605 1331 792 1376 mutua
828 1342 990 1392 quam
1025 1343 1147 1377 cum
1182 1323 1285 1376 diis
1321 1331 1626 1394 comparata
1661 1323 1741 1393 (p.
1769 1323 1888 1375 188.
1912 1320 1984 1373 D.
1982 1325 2028 1388 ).

263 1406 267 1411 ’
342 1391 707 1460 Quamobrem
743 1394 1083 1447 doctissimus
1117 1393 1356 1447 medicus
1393 1394 1458 1446 de
1497 1411 1701 1445 summa
1733 1392 1949 1461 quidem
1971 1410 2031 1444 re

337 1465 520 1534 utique
558 1484 681 1518 cum
714 1465 1073 1537 superioribus
1098 1464 1394 1518 oratoribus
1428 1464 1690 1517 consentit
1704 1485 1719 1527 ;
1756 1482 1881 1516 nam
1913 1463 2031 1532 ipse

339 1554 549 1605 quoque
593 1536 792 1589 bonum
834 1544 995 1605 atque
1041 1535 1371 1589 salutiferum
1407 1554 1642 1588 amorem
1676 1534 1832 1588 unice
1866 1552 2030 1605 expe-

341 1606 563 1660 tendum
599 1626 717 1660 esse
754 1604 1056 1660 arbitratur.
1094 1605 1174 1659 At
1209 1606 1350 1659 enim
1384 1625 1512 1659 vero
1551 1605 1756 1659 etiamsi
1792 1605 2032 1676 disputet

340 1677 499 1750 longe
536 1677 912 1742 eruditissime,
952 1678 1130 1731 tamen
1163 1677 1222 1729 in
1257 1695 1364 1730 uno
1402 1685 1544 1730 certe
1577 1685 1765 1748 peccat
1799 1675 2031 1747 gravius·

340 1748 600 1818 Disputat
645 1748 784 1801 enim
823 1749 916 1813 sic,
965 1758 1026 1802 ut
1069 1749 1291 1801 formam
1334 1748 1528 1800 amoris
1574 1756 1730 1816 atque
1782 1746 2030 1818 speciem,

344 1819 411 1872 de
447 1837 553 1888 qua
587 1819 966 1889 explicandum
997 1819 1116 1883 fuit,
1153 1826 1420 1890 permutet
1456 1837 1578 1871 cum
1611 1819 1860 1872 universo
1885 1834 2034 1871 amo-

341 1889 414 1942 ris
464 1909 688 1962 genere,
742 1889 1001 1943 latissime
1056 1909 1180 1943 sane
1224 1889 1314 1943 illo
1361 1899 1594 1960 patente.
1670 1887 2035 1955 Quamobrem

342 1961 482 2014 infra
516 1980 570 2031 p.
609 1961 730 2015 205.
767 1959 834 2014 Β.
875 1959 939 2014 C.
975 1961 1048 2015 D.
1097 1980 1129 2013 a
1174 1959 1392 2014 Socrate
1439 1968 1798 2013 commonetur
1842 1959 2036 2012 amoris
2129 1954 2132 1956 ⁸

345 2051 553 2096 nomen,
604 2032 703 2085 etsi
739 2051 836 2103 per
872 2051 929 2086 se
966 2031 1275 2103 ampliorem
1309 2031 1504 2085 habeat
1539 2031 1813 2095 ambitum,
1861 2036 2037 2083 tamen

347 2102 599 2172 loquendi
657 2103 1038 2157 consuetudine
1087 2103 1162 2155 ita
1205 2101 1421 2155 iubente
1461 2102 1532 2154 ad
1574 2110 1780 2173 partem
1823 2101 2037 2172 generis

345 2175 458 2227 fere
506 2173 759 2245 restringi
809 2175 1001 2238 solere,
1047 2173 1192 2243 quod
1236 2173 1451 2242 quidem
1493 2172 1570 2225 ibi
1613 2173 1689 2225 ita
1735 2173 2038 2243 exponitur,

347 2253 409 2298 ut
445 2245 601 2298 simul
637 2245 707 2298 ad
743 2244 1090 2315 Eryximachi
1129 2263 1424 2298 sermonem
1458 2244 1748 2314 respectari
1783 2244 1875 2296 vix
1898 2249 2040 2296 recte

348 2315 789 2370 dubitaverimus.
843 2315 1109 2370 Nimirum
1133 2314 1526 2385 Eryximachus
1573 2333 1739 2384 quum
1771 2323 2040 2384 tamquam

347 2387 586 2440 medicus
622 2387 877 2440 naturalis
911 2387 1165 2441 historiae
1202 2395 1361 2456 atque
1398 2385 1539 2439 vitae
1575 2385 1780 2456 peritus
1811 2385 2043 2456 amplam

348 2459 487 2511 hanc
536 2458 748 2512 dicendi
793 2459 1067 2512 materiam
1111 2457 1398 2529 arripuisse
1434 2458 1694 2522 videatur,
1745 2466 1859 2509 tum
1894 2464 2043 2509 tanto

348 2528 616 2582 lubentius
652 2529 709 2581 in
743 2529 887 2583 hunc
923 2549 1170 2600 campum
1208 2528 1539 2599 exspatiatus
1577 2547 1696 2581 esse
1732 2527 1911 2598 putari
1946 2527 2041 2579 de·
2119 2544 2125 2552 ¹

351 2600 459 2664 bet,
505 2600 650 2668 quod
691 2600 749 2653 id
790 2600 981 2653 rationi
1023 2619 1088 2652 ac
1132 2599 1441 2670 disciplinae
1476 2599 1589 2670 Hip
1629 2599 1712 2652 iae
1748 2597 1877 2650 Eleix
1914 2615 2041 2650 con-

353 2670 512 2732 venit,
551 2671 703 2723 cuius
738 2670 757 2721 i
800 2690 918 2723 sum
951 2670 1260 2722 familiarem
1295 2669 1462 2734 fuisse
1499 2688 1566 2721 ex
1644 2677 1813 2740 rotag.
1841 2686 1896 2738 p.
1921 2668 2042 2721 315.

355 2738 419 2791 C.
459 2749 683 2792 constat.
713 2746 715 2749 ’
797 2741 994 2810 ‘ppiam
1039 2740 1180 2792 enim
1220 2739 1522 2809 accepimus
1561 2737 1886 2792 Socraticam
1932 2739 2043 2791 dis-

357 2810 566 2863 serendi
616 2809 958 2863 subtilitatem
1002 2810 1177 2863 minus
1223 2809 1521 2874 curavisse,
1569 2809 1724 2863 unice
1767 2810 1946 2863 variae
1983 2828 2046 2861 ac

355 2880 663 2951 multiplicis
705 2880 977 2934 doctrinae
1023 2880 1230 2951 copiam
1272 2889 1324 2933 et
1367 2880 1766 2950 amplitudinem
1799 2879 2046 2933 laudasse

357 2960 411 3003 et
454 2959 765 3015 ostentasse,
816 2951 883 3004 de
928 2969 1034 3020 qua
1078 2970 1137 3004 re
1180 2950 1235 3003 in
1271 2951 1612 3005 Praefatione
1658 2951 1727 3004 ad
1761 2960 2046 3020 utrumque

358 3021 617 3093 Hippiam
651 3020 891 3075 Platonis
928 3041 960 3073 a
996 3021 1150 3074 nobis
1187 3022 1510 3094 explicatum
1549 3031 1645 3076 est.
1699 3020 1847 3088 Quid
1882 3022 2047 3094 igitur

360 3093 580 3158 mirum,
637 3093 778 3163 quod
835 3092 1228 3162 Eryximachu's
1285 3112 1495 3163 quoque
1553 3093 1819 3147 doctrinae
1867 3092 2047 3163 copias

362 3182 523 3234 quam
558 3163 815 3221 maximas
852 3164 1112 3236 explicare
1149 3163 1379 3218 instituit
1416 3173 1469 3217 et
1503 3164 1559 3217 in
1595 3183 1775 3219 earum
1813 3171 2045 3217 ostenta-

363 3235 505 3288 tione
544 3243 652 3288 tam
662 3234 669 3293 s
684 3233 918 3304 lucidum
954 3236 1362 3308 argumentandi
1407 3235 1644 3288 ordinem
1681 3253 1840 3304 quam
1877 3233 2045 3289 subti-

362 3305 545 3359 liorem
568 3305 961 3360 distinctionem
985 3306 1197 3378 generis
1225 3314 1382 3377 atque
1409 3307 1607 3361 formae
1639 3305 1830 3359 amoris
1855 3323 2045 3377 prope-
