2158 3718
382 195 530 265 ¹²47
1020 194 1432 247 PLAToms

376 335 523 412 ἄλλα
580 337 794 404 πολλοὶ,
855 341 945 393 καὶ
997 337 1329 406 Ἀθηναίοις
1378 343 1512 396 ποτε
1565 343 1908 411 θυσαμένοις
1959 338 2067 415 πρὸ

378 425 479 478 τοῦ
524 425 723 495 λοιμοῦ
769 426 895 479 δέκα
941 426 1031 490 ἔτη
1077 420 1372 493 ἀναβολὴν
1414 428 1630 492 ἐποίησε
1675 427 1774 492 τῆς
1801 424 1990 490 νόσου,
2031 422 2067 493 ἢ
2112 478 2113 481 ,

379 503 448 574 δὴ
494 510 585 561 καὶ
642 510 732 577 ἐμὲ
793 503 860 560 τὰ
913 503 1142 576 ἐρωτικὰ
1193 507 1464 574 ἐδίδαξεν,
1507 540 1594 550 —-
1633 506 1699 564 ὃν
1747 529 1857 564 ουν
1893 512 2066 576 ἐκείνη

378 594 520 658 ἔλεγε
568 588 738 660 λόγον
784 589 1120 661 πειράσομαι.
1163 588 1293 662 ὑμῖν
1338 595 1580 648 διελθεῖν
1623 600 1679 648 ἐκ
1717 596 1827 647 τῶν
1857 590 2068 663 ὡμολο-
2155 624 2158 628 ·

379 682 625 745 γημένων
652 676 773 744 ἐμοὶ
810 677 901 729 καὶ
925 673 1232 743 Ἀγάθωνι,
1279 672 1452 741 αὐτὸς
1498 674 1584 730 ἐπ’
1632 679 1890 747 ἐμαυτοῦ,
1918 674 2067 742 ὅπως

379 754 452 812 ἂν
496 756 760 829 δύνωμαι.
809 761 889 814 δεῖ
932 757 1028 826 δή,
1074 750 1112 812 ὦ
1153 757 1448 829 Ἀγάθων,
1494 757 1664 832 ὥςπερ
1708 759 1775 816 σὺ
1811 761 2066 831 διηγήσω,

308 846 328 894 2
380 845 626 897 διελθεῖν
664 838 839 897 αὐτὸν
882 846 1137 915 πρῶτον,
1179 849 1260 908 τίς
1301 851 1448 899 ἐστιν
1492 841 1520 899 ὁ
1552 842 1725 915 ’Έρως
1771 849 1862 900 καὶ
1907 846 2067 910 ποῖός

376 947 473 991 τις,
520 929 707 981 ἔπειτα
754 923 822 980 τὰ
867 931 998 997 ἔργα
1046 925 1242 983 αὐτοῦ.
1290 932 1438 984 δοκεῖ
1477 919 1578 984 οὖν
1609 951 1708 1001 μοι
1741 926 1952 1003 ῥᾷστον
1996 929 2069 984 εἶ-

377 1030 472 1065 ναι
516 1006 661 1066 οὕτω
708 1013 982 1078 διελθεῖν,
1041 1007 1116 1076 ὥς
1170 1018 1303 1068 ποτε
1338 1019 1404 1084 με
1447 1009 1480 1080 ἡ
1526 1014 1647 1080 ξένη
1691 1011 2065 1086 ἀνακρίνουσα

363 1092 531 1172 διῄει.
581 1092 777 1167 σχεδὸν
819 1095 929 1168 γάρ
974 1117 1028 1150 τι
1073 1098 1166 1151 καὶ
1209 1094 1310 1168 ἐγώ
1353 1093 1496 1170 πρὸς
1540 1094 1720 1166 αὐτὴν
1747 1103 1905 1172 ἕτερα
1951 1119 2067 1155 τοι·

488 1284 668 1331 αὔτὸς
706 1283 783 1326 ἐπ’
828 1286 1113 1342 ἒμαι“τοῦ]
1151 1287 1225 1329 Sic
1257 1288 1389 1330 Coisi.
1422 1301 1476 1330 ex
1511 1301 1623 1330 corr.
1657 1292 1700 1330 et
1727 1287 1826 1330 Par.
1850 1289 1904 1331 K.
1935 1301 2064 1343 supra

371 1357 557 1386 v.ersum
630 1343 767 1396 Vulgo
809 1349 901 1385 erat
940 1343 1018 1384 ἀπ’
1065 1347 1286 1398 ἐμαυτοῦ,
1340 1359 1454 1388 mea
1498 1350 1724 1399 sp‚onte
1764 1347 1879 1399 quod
1920 1351 2065 1388 tuetur

370 1401 667 1453 Hermanmm,
699 1398 778 1441 ἀπ’
812 1402 1007 1453 ἐμαυτοῦ
1038 1402 1145 1444 falso
1179 1404 1324 1445 dicens
1356 1404 1543 1445 omnium
1576 1403 1779 1445 librorum
1809 1403 2064 1458 scripturam

372 1472 470 1501 esse
546 1459 746 1500 Correxit
776 1458 972 1500 Bastius.
1009 1459 1089 1501 Vat
1117 1459 1168 1503 A.
1192 1465 1297 1514 Ang.
1313 1474 1358 1502 w,
1396 1459 1471 1501 v‘n
1505 1463 1570 1514 ἐμι
1570 1466 1713 1500 ιυτοῦ.

484 1516 567 1557 δεῖ
604 1514 664 1569 δὴ
713 1510 747 1557 ὦ
781 1514 913 1571 '.A7]
957 1516 1024 1558 δεῖ
1054 1533 1135 1559 ουν
1165 1518 1266 1560 Par.
1289 1518 1387 1560 ΒΚ.
1426 1519 1518 1559 Vat.
1543 1532 1581 1572 p.
1616 1517 1728 1571 δειλὴ
1767 1516 1890 1560 Bodi.
1924 1522 1967 1561 et
1998 1531 2061 1574 pr

369 1573 668 1729 vat1{¹.gc3;
715 1632 853 1673 ποτέ
885 1630 971 1685 με]
1026 1631 1167 1673 Bekk.
1217 1632 1363 1674 invitia
1410 1633 1529 1675 libris
1581 1633 1801 1688 plerisque
1845 1631 1965 1675 dedit
2009 1650 2064 1682 ως

367 1703 452 1732 ποτ
521 1705 552 1741 μ

486 1744 680 1798 ἤλεγχε
723 1742 783 1797 δη
824 1745 914 1800 με]
958 1746 999 1786 δὲ
1039 1759 1134 1789 cum
1180 1751 1286 1789 vett.
1329 1747 1450 1792 editt.
1493 1761 1717 1804 perperam
1749 1752 1925 1790 tuentur
1953 1747 2058 1790 Par.

369 1802 469 1845 EF.
495 1803 640 1845 Ambr.
663 1802 755 1844 Vat
772 1815 804 1843 ι·
818 1816 852 1843 s.
874 1802 991 1844 Flor.
1004 1817 1043 1846 a.
1057 1803 1098 1845 d.
1111 1805 1138 1846 i.
1150 1816 1191 1847 n.

370 1951 464 1998 tur,
505 1945 577 1998 qui
621 1945 678 1986 sit
716 1957 842 1986 verus
873 1949 1003 1996 atque
1034 1924 1179 1987 coele-

371 2004 450 2045 stis
481 2016 618 2044 amor.
679 2003 821 2054 Atque
853 2001 917 2042 hia
947 2002 1006 2043 ita
1040 2004 1177 2057 expli-

1262 1947 1383 1988 annis
1414 1947 1512 1989 beni
1544 1945 1901 2000 Peloponnesiaci
1926 1944 2059 1987 Athe-

1263 2017 1338 2045 nas
1384 2005 1542 2046 misere
1590 2000 1800 2045 vastabat.
1839 2016 1882 2045 v.
1922 2002 2060 2044 Tnu-

372 2061 479 2102 catis
509 2059 610 2113 quid
643 2059 697 2101 de
727 2065 820 2101 tota
843 2072 994 2100 caussa
1027 2061 1174 2102 existi-

371 2117 572 2160 mandum
605 2118 687 2169 sit,
718 2117 789 2159 vix
821 2117 1016 2169 cuiquam
1051 2118 1175 2160 dubi-

371 2189 442 2218 um
486 2175 644 2230 poterit
684 2174 833 2215 videri.
908 2174 1173 2218 verisimilli-

371 2246 488 2276 mum
522 2232 632 2274 enim
667 2237 732 2273 est
757 2232 988 2273 Diotimam
1019 2246 1172 2274 revera

370 2292 555 2343 vixisse,
600 2290 860 2342 colloquium
903 2294 1045 2338 autem
1079 2292 1172 2333 eius

371 2361 468 2390 cum
503 2348 685 2389 Socrate
722 2360 800 2400 per
839 2347 1026 2400 speciem
1059 2350 1172 2390 veri-

370 2407 471 2448 tatis
513 2418 611 2446 esse
651 2405 895 2446 confictum.
965 2405 1170 2448 Ceterum

371 2476 467 2505 cum
513 2462 577 2504 his
615 2463 775 2503 nostris
815 2475 898 2503 non
935 2464 1171 2517 poenitebit

371 2521 703 2574 comparavisse,
723 2532 833 2572 qnae
851 2521 907 2562 de
928 2520 1081 2562 eodem
1101 2535 1170 2562 ar—

368 2583 576 2631 gumento
608 2577 882 2630 disputarunt
926 2578 965 2618 H
983 2579 1170 2619 eusdi-

369 2647 433 2676 us
470 2635 589 2676 lnitt.
636 2634 879 2687 philosoph.
926 2635 1036 2676 Plat.
1073 2636 1167 2679 voi.

372 2693 402 2734 Ι
443 2705 485 2757 p
521 2690 600 2735 186
632 2703 726 2743 sqq.
762 2697 806 2732 et
843 2692 1028 2732 Groen
1067 2705 1168 2732 van

370 2749 408 2790 P
428 2761 448 2789 r
473 2748 483 2788 i
506 2760 530 2787 n
552 2762 571 2789 s
593 2753 609 2787 t
634 2761 657 2787 e
675 2759 694 2786 r
717 2761 740 2788 e
762 2760 783 2788 r
816 2747 1164 2801 Prosopograph.

369 2805 542 2848 Platon.
569 2818 607 2856 p.
636 2802 714 2845 125
741 2817 805 2855 sq.
851 2806 962 2844 Ast
986 2804 1169 2845 Platona

370 2862 521 2903 Leben
558 2873 595 2901 u.
643 2859 856 2901 Schriften
902 2874 942 2914 p.
974 2861 1069 2904 313
1121 2862 1171 2903 C.

370 2919 407 2961 F
421 2931 454 2961 ι·.
504 2919 793 2961 Hermann.
842 2917 906 2959 De
954 2919 1170 2967 manieti-is

371 2976 565 3019 Socratis
598 2988 639 3027 p.
666 2974 729 3018 16.
765 2979 808 3015 et
838 2974 1095 3018 Geschichte
1126 2989 1168 3018 u.

372 3035 544 3086 system
591 3032 667 3073 der
709 3030 821 3074 Plat.
858 3031 1021 3073 Philos-
1063 3035 1095 3076 1.
1129 3048 1167 3087 p.

371 3091 471 3135 523.
506 3103 602 3133 ann.
643 3088 740 3133 591.
810 3088 1059 3132 Creuzer
1111 3092 1166 3133 ad

372 3149 531 3192 Plotin.
562 3161 600 3201 p.
625 3145 723 3190 527.
756 3151 800 3188 et
831 3159 883 3188 ex
915 3149 1165 3200 antiquiori-

372 3208 452 3248 bus
494 3204 786 3247 Fabricius
834 3203 943 3246 Bibl.
988 3206 1066 3249 Gr.
1108 3207 1160 3248 11.

371 3278 415 3318 p.
449 3263 534 3311 403
570 3276 633 3316 sq.

424 3320 743 3373 Ἀθηναίοις
791 3319 918 3361 ποτὲ
965 3321 1015 3358 θ.
1062 3318 1163 3374 πρὸ

373 3379 468 3422 τοῦ
507 3377 731 3432 λοιμοῦ]
778 3376 1030 3430 Intelligit'ur
1076 3378 1166 3420 sine

373 3436 502 3480 dubio
541 3436 677 3490 pestis
721 3434 817 3486 ina,
865 3446 975 3487 quae
1018 3435 1165 3487 primis

1223 2079 1227 2088 ⁵
1262 2075 1322 2115 cy
1337 2061 1380 2104 d.
1412 2062 1465 2105 11.
1499 2075 1537 2106 c.
1566 2061 1730 2104 XLVll
1758 2073 1822 2114 sq.

1317 2173 1374 2217 ὃν
1408 2171 1505 2218 οιῖν
1545 2177 1718 2230 ἐκείνη
1748 2177 1841 2226 ἕλη]
1884 2175 2058 2218 Redar-

1257 2234 1371 2275 ditur
1414 2235 1642 2288 abruptum
1685 2234 1895 2276 sermonis
1942 2234 2059 2275 filum

1255 2292 1337 2342 ita,
1377 2297 1427 2333 ut
1457 2305 1567 2344 quae
1599 2292 1897 2333 illustrationis
1927 2303 2058 2332 causa

1257 2349 1437 2400 addidit,
1470 2363 1517 2391 ea
1544 2362 1655 2390 nunc
1676 2350 1822 2404 paucis
1858 2361 2058 2408 compre-

1257 2405 1442 2455 hendat,
1511 2407 1631 2450 iliata
1693 2407 1898 2460 particuia
1961 2410 2054 2446 ουι.

1254 2463 1363 2506 Nam
1405 2463 1542 2506 omitti
1577 2469 1788 2518 poterant
1824 2463 1954 2513 haec·
2005 2459 2056 2503 ἓν

1257 2536 1335 2562 ουν
1372 2523 1420 2561 ἐκ
1425 2525 1511 2572 εἰη
1559 2521 1667 2575 ἔλεγε.
1716 2520 1767 2561 λό
1743 2535 1861 2573 ο.γον
1917 2533 1954 2560 v.
1998 2517 2055 2560 ad

1254 2580 1440 2632 Apoiog.
1474 2580 1643 2620 Socrat.
1678 2578 1808 2631 p.29.
1840 2578 1890 2619 C
1903 2584 1961 2630 ’.ρ
1984 2575 2055 2620 40.

1254 2636 1306 2677 D.
1334 2637 1454 2677 Prot.
1475 2635 1572 2679 341.
1598 2636 1644 2677 B.
1675 2634 1932 2688 Euthydem.
1954 2632 2054 2678 285.

1253 2693 1410 2791 A.3De
1450 2693 1562 2746 Rep.
1602 2692 1655 2733 11.
1688 2691 1789 2735 367.
1818 2692 1870 2733 C.
1903 2691 2053 2744 Lysid.

1312 2831 1479 2882 αὐτὸς
1509 2833 1582 2873 ἐπ’
1617 2832 1888 2888 ἐμαυτοῦ]
1933 2834 2054 2887 ipse

1255 2903 1347 2944 per
1377 2905 1453 2932 me
1489 2892 1748 2942 conabor,
1787 2902 1825 2932 v.
1858 2890 2052 2932 Sebae-

1255 2946 1362 2990 feri
1397 2949 1562 2990 Melett.
1593 2950 1716 2990 Critt.
1752 2961 1778 3001 p
1824 2946 1875 2992 21
1912 2962 1974 3001 sq.
2008 2954 2054 2990 et

1255 3019 1295 3059 p.
1318 3005 1387 3049 83.
1425 3006 1711 3048 Hermann.
1745 3003 1798 3046 ad
1835 3005 1976 3060 Viget.
2007 3019 2050 3060 p.

1253 3063 1354 3106 813-
1416 3063 1555 3118 Vulgo
1585 3061 1661 3104 ἀπ’
1694 3064 1905 3115 ἐμαυτοῦ,
1935 3062 2051 3116 quod

1258 3126 1350 3165 est:
1383 3134 1499 3162 mea
1538 3126 1744 3175 sponte.
1809 3120 1983 3161 Alcib.
2018 3121 2049 3163 1.

1252 3191 1294 3232 p·
1332 3179 1427 3223 114.
1462 3179 1518 3221 B:
1552 3177 1688 3224 αιἰτός
1717 3176 1790 3218 ἐπὶ
1819 3181 2019 3218 σεαυτοῦ.

1308 3261 1475 3316 ὥςπερ
1518 3262 1582 3306 σὺ
1625 3261 1888 3317 διηγήσω]
1929 3262 1967 3304 h.
2010 3275 2049 3304 e.

1250 3321 1725 3374 quemadmodum
1787 3325 1839 3362 tu
1898 3333 2051 3374 prae-

1250 3379 1429 3421 ivisti.
1461 3379 1511 3421 P.
1542 3375 1859 3423 195-A201‘1'w
1888 3376 1938 3428 δὴ
1971 3376 2051 3418 τὸν

1242 3435 1409 3494 Ἔρωτα
1442 3434 1553 3492 ἡμᾶς
1581 3434 1655 3477 καὶ
1683 3435 1852 3477 δίκαιον
1878 3436 2049 3478 ἐπαινέ-
