2158 3718
388 223 490 272 118
940 296 942 300 .
1024 215 1436 270 PLATONIS

382 362 417 433 ἢ
478 359 581 436 οὔ,
651 361 815 421 Πάνυ
883 385 973 430 γε,
1015 363 1214 438 φάναι.
1298 361 1559 436 Πότερον
1603 367 1737 435 ἔχων
1782 361 1953 428 αὐτό,
1997 357 2062 419 οὗ

382 452 648 519 ἐπιθυμεῖ
690 468 748 503 τε
808 450 907 504 καὶ
963 449 1090 518 ἐρᾷ,
1145 446 1261 521 εἶτα
1317 451 1582 520 ἐπιθυμεῖ
1626 469 1683 503 τε
1726 449 1820 502 καὶ
1859 450 1987 519 ἐρᾷ,
2029 444 2064 515 ἢ

382 531 484 590 οὐκ
526 537 692 603 ἔχωνς
751 531 864 588 Οὐκ
905 534 1056 604 ἔχων,
1102 529 1174 596 ὡς
1217 527 1280 587 τὸ
1327 533 1467 597 εἰκός
1506 555 1580 602 γε,
1625 531 1824 608 φάναι.
1907 529 2064 586 Σκό-

381 639 472 674 πει
529 613 630 682 δή,
689 620 858 672 εἰπεῖν
920 612 1020 672 τὸν
1060 613 1373 686 Σωκράτη,
1429 614 1556 672 ἀντὶ
1615 619 1717 672 τοῦ
1763 612 1975 679 εἰκότος
2020 621 2067 671 εὶ

313 727 314 730 “
379 699 598 771 ἀνάγκη
660 695 866 773 οὕτως,
925 697 990 756 τὸ
1049 701 1367 771 ἐπιθυμοῦν
1418 705 1723 800 ἐπιθυμεῖν
1776 691 1842 756 οὗ
1897 702 2069 764 ἐνδεές

382 792 556 850 ἐστιν,
611 780 645 848 ἢ
705 782 782 857 μὴ
835 788 1164 854 ἐπιθυμεῖν,
1218 781 1314 839 ἐὰν
1360 781 1435 855 μὴ
1482 787 1654 849 ἐνδεὲς
1691 775 1747 861 ᾖ.
1805 786 1925 855 ἐμοὶ
1966 786 2069 856 μὲν

385 866 492 941 γὰρ
530 870 880 941 θαυμαστῶς
918 872 1081 934 δοκεῖ,
1125 860 1165 923 ὦ
1205 865 1489 939 Ἀγάθων,
1537 866 1610 934 ὡς
1649 866 1867 938 ἀνάγκη
1910 866 2068 926 εἶναι.

389 955 477 1009 σοὶ
521 954 579 1007 δὲ
621 956 769 1020 πῶς;
836 952 1068 1053 Κάμοί,
1119 950 1333 1029 φάναι,
1389 956 1553 1011 δοκεῖ.
1640 953 1844 1016 Καλῶς
1883 954 2067 1021 λέγεις.

387 1028 487 1110 αρ’
554 1028 658 1093 οὖν
718 1035 969 1110 βούλοιτ’
1036 1033 1109 1093 ἄν
1155 1059 1238 1102 τις
1275 1041 1444 1108 payag
1480 1033 1557 1092 ὢν
1597 1042 1767 1109 μέγας
1805 1035 1978 1102 εἶναι,
2031 1032 2069 1104 ἢ

386 1117 608 1194 ισχυρός
650 1145 728 1178 ων
773 1119 1029 1195 ισχυρόςς
1062 1120 1369 1177 Ἀδύνατον
1399 1128 1456 1177 ἐκ
1482 1125 1594 1176 τῶν
1618 1119 2069 1193 ὡμολογημένων.

391 1204 470 1262 Οὐ
515 1204 622 1280 γάρ
667 1227 779 1263 που
822 1203 1008 1274 ἐνδεὴς
1048 1202 1122 1261 ἂν
1152 1205 1234 1273 εἴη
1262 1205 1471 1262 τούτων
1509 1202 1539 1261 ὅ
1584 1227 1643 1274 γε
1685 1200 1781 1259 ὤν.
1849 1202 2070 1273 Ἀληθῆ

385 1294 571 1362 λέγεις.

388 1395 515 1440 ναι,
561 1373 749 1452 φάναι
792 1371 894 1431 τὸν
941 1373 1241 1447 Σωκράτη,
1286 1377 1378 1429 καὶ
1422 1373 1590 1445 ταχὺς
1630 1370 1708 1428 ὢν
1753 1369 1936 1444 ταχύς,
1978 1375 2071 1429 καὶ

384 1456 544 1531 ὑγιὴς
586 1455 663 1515 ὢν
705 1457 879 1532 ὑγιής,
922 1491 1005 1533 -Ι-
1044 1458 1170 1524 ἴσως
1217 1480 1325 1531 γαρ
1380 1455 1453 1513 ἄν
1496 1480 1579 1523 τις
1619 1459 1802 1512 ταῦτα
1846 1460 2071 1526 οἰηθείη

387 1546 480 1599 καὶ
519 1541 704 1600 πάντα
755 1542 824 1599 τὰ
871 1545 1108 1600 τοιαῦτα
1151 1541 1283 1608 τοὺς
1333 1538 1501 1608 ὄντας
1544 1564 1600 1599 τε
1644 1537 1934 1607 τοιούτους
1977 1545 2071 1598 καὶ

501 1706 554 1748 P·
573 1706 672 1752 200.
715 1707 766 1749 B.
807 1708 859 1748 ἐκ
887 1711 990 1749 τῶν
1018 1705 1473 1763 ὡμολογημένων]
1506 1707 1580 1749 Sic
1601 1706 1728 1750 Bodl.
1751 1703 1913 1751 Vat.A.
1937 1707 2072 1751 Coisl.

383 1764 548 1809 VenAE.
570 1764 802 1810 Vind.1.2.
826 1765 1038 1808 Par.DK.
1066 1766 1212 1808 Ambr.
1238 1772 1463 1818 Ang.u.w.
1487 1765 1580 1808 Vat.
1595 1777 1734 1819 n.p.r.
1757 1764 1978 1810 Flor.a.b.
1993 1779 2031 1811 c.
2044 1766 2070 1809 i.

385 1828 429 1866 et
459 1822 529 1866 ed.
561 1822 663 1865 Bas.
687 1822 729 1867 2.
791 1823 1041 1877 Legebatur
1071 1821 1439 1879 ὁμολογουμένων.

498 1912 673 1950 ταῦτα
704 1907 954 1963 οἰηθείη]
991 1908 1039 1952 V.
1071 1911 1222 1961 ταυτί,
1252 1908 1368 1963 quod
1403 1922 1427 1950 e
1460 1907 1555 1950 Vat.
1583 1907 1748 1952 Vens-E.
1771 1906 1945 1952 Vind.2.
1973 1907 2068 1950 Par.

386 1965 490 2011 DK.
512 1970 684 2021 Ang.w.
707 1967 803 2009 Vat.
823 1980 865 2021 p.
897 1971 1124 2009 mutatum.

504 2053 554 2094 C
613 2050 838 2099 τούτοις
867 2051 994 2107 γάρ,
1030 2070 1063 2093 ω
1089 2050 1200 2107 Ἀγ.]
1234 2049 1624 2094 SicBod1.Vat.A
1660 2049 1788 2092 Vind.
1801 2048 1843 2093 2.
1861 2049 1961 2092 Par.
1974 2049 2070 2092 DK.

387 2124 468 2165 pro
500 2112 614 2165 vulg.
645 2108 861 2163 τούτους,
897 2109 1038 2164 quod
1057 2111 1182 2151 alteri
1222 2114 1267 2151 et
1303 2114 1480 2162 propter
1529 2108 1737 2150 librorum
1771 2107 2071 2150 auctoritatem

387 2174 433 2210 et
469 2169 572 2222 quia
611 2168 783 2210 dativus
829 2168 870 2209 in
908 2167 1198 2209 accusativum
1235 2166 1360 2208 facile
1402 2165 1557 2208 mutari
1603 2164 1765 2220 potuit,
1811 2165 2073 2207 contrarium

389 2227 480 2268 fieri
510 2238 594 2267 non
626 2226 783 2280 potuit,
815 2222 925 2267 haud
957 2225 1083 2266 dubie
1113 2223 1458 2279 anteponendum
1486 2231 1565 2266 est.
1625 2223 1802 2264 Frustra
1823 2223 2075 2265 Ruckertus

389 2289 535 2325 tuetur
573 2284 878 2325 accusativum.
950 2282 1058 2324 Dein
1097 2280 1252 2323 ἕκαστα
1290 2295 1368 2336 pro
1406 2280 1581 2322 ἕκαστον
1619 2279 1909 2335 praebuerunt
1938 2280 2072 2322 Coisl.

390 2338 553 2384 Vat.A.
578 2341 742 2383 Ven..'=''.
768 2340 892 2382 Vind.
902 2338 942 2384 2.
963 2342 1061 2383 Par.
1077 2340 1175 2384 DK.
1199 2340 1347 2383 Ambr.
1370 2340 1479 2393 Ang.
1492 2352 1541 2380 w.
1567 2338 1660 2380 Vat.
1672 2351 1713 2394 p.
1723 2349 1774 2391 r.,
1803 2336 1920 2392 quod
1950 2338 2076 2380 resti-

383 2399 465 2442 tuit
495 2399 734 2443 Bekkerus.

444 2541 497 2583 B.
532 2537 1004 2595 θαυμαστῶς-ὧς
1033 2537 1187 2592 ἀνάγ-

387 2614 450 2651 κη
489 2597 659 2652 εἶναι]
699 2597 764 2640 Ne
803 2599 899 2653 quis
927 2599 1109 2641 miretur
1137 2595 1191 2645 ὡς

389 2660 509 2697 tanto
551 2654 775 2697 intervallo
822 2657 876 2697 ab
917 2658 1188 2710 θαυμαστῶς

390 2716 630 2762 remotum,
692 2712 775 2753 alia
835 2711 959 2754 huius
1018 2710 1190 2764 generis

391 2769 588 2821 exempla
619 2769 863 2811 notavimus
893 2767 947 2810 ad
968 2766 1190 2810 Phaedon.

391 2839 508 2925 ΡΕΊ
535 2881 634 2936 γὰρ
665 2882 751 2922 καὶ
782 2879 1005 2934 ἰσχυρὸς
1037 2877 1102 2920 ὢν
1128 2879 1189 2934 β.]

389 2941 561 2983 Rursus
593 2939 717 2981 deest
745 2940 964 2993 apodosis.
1007 2937 1191 2980 Volebat

387 2997 550 3041 addere
581 2996 672 3038 fere
702 2995 830 3038 haec.
860 2997 1105 3049 ἐπιθυμοίη
1137 3011 1192 3035 αν

386 3058 519 3103 οὗτος
546 3058 606 3096 ὡν
635 3053 717 3107 ἤδη
746 3054 860 3107 ἔχει,
890 3053 959 3094 καὶ
988 3051 1186 3107 βούλοιτ’

386 3130 439 3154 αν
468 3110 500 3154 ἆ
527 3114 571 3153 ἐν
599 3128 657 3168 τω
688 3127 876 3181 παρονῖι
897 3114 1093 3164 κέκῖηῖαι
1121 3109 1191 3150 καὶ

386 3168 468 3218 εἰς
477 3169 556 3211 τὸν
581 3171 726 3211 ἔπειτα
752 3166 915 3221 χρόνον
930 3168 1182 3220 κεκτῆσθαι.

388 3230 546 3273 Quum
571 3232 714 3269 autem
763 3227 987 3268 interiecta
1030 3238 1184 3279 paren-

385 3286 518 3328 thesis
551 3284 739 3326 animum
769 3297 794 3326 a
824 3284 1035 3326 sententia
1059 3284 1181 3336 paul—

382 3345 514 3386 lulum
554 3340 822 3394 avocaverit,
875 3340 1080 3394 deinceps
1124 3340 1182 3381 ita

382 3414 473 3443 rem
503 3401 721 3454 explicare
750 3398 906 3453 pergit,
945 3402 992 3438 ut
1021 3399 1178 3439 nullam

380 3458 563 3514 amplius
609 3457 819 3501 rationem
866 3455 1022 3499 habeat
1066 3460 1178 3497 stru-

1278 2541 1430 2580 cturae
1467 2537 1699 2580 verborum
1737 2539 1863 2577 antea
1899 2531 2071 2575 inchoa-

1273 2600 1357 2639 tae.
1392 2593 1504 2638 conf.
1537 2596 1661 2648 Apol.
1690 2607 1733 2648 p.
1764 2591 1834 2636 29.
1866 2590 1915 2631 C.

1333 2679 1383 2720 C.
1439 2678 1526 2719 καὶ
1555 2675 1760 2720 τούτου
1791 2693 1846 2733 γε
1876 2675 2069 2732 δήπου]

1273 2735 1518 2778 Notandum
1567 2733 1709 2787 δήπου
1756 2735 1797 2776 ἱη
1831 2736 2071 2790 interroga-

1274 2793 1391 2834 tione
1412 2793 1612 2846 positum.
1667 2792 1873 2835 Nimirum
1895 2799 2070 2834 senten-

1273 2849 1330 2890 tia
1362 2851 1590 2892 uerborum
1633 2849 1739 2892 haec
1769 2856 1858 2892 est.
1903 2849 1956 2891 ου’
1986 2849 2069 2919 γὰρ

1274 2905 1417 2959 δῆποι
1460 2906 1622 2948 τούτου
1655 2910 1704 2962 γέ
1739 2923 1807 2954 τις
1846 2906 2070 2963 ἐπιθυμη-

1275 2980 1403 3018 σειεν,
1450 2971 1497 3006 ut
1525 2967 1705 3007 voculae
1744 2965 1806 3006 vis
1836 2970 1880 3007 et
1909 2966 2070 3020 signifi-

1275 3023 1388 3063 catio
1419 3022 1577 3064 nemini
1616 3022 1798 3064 obscura
1837 3035 1935 3064 esse
1966 3035 2068 3077 pos-

1276 3081 1345 3121 sit.
1414 3079 1612 3122 Eundem
1657 3092 1781 3122 usum
1827 3080 2068 3124 notavimus

655 1294 727 1346 Ez
771 1313 879 1364 γαρ
922 1293 1014 1347 καὶ
1057 1287 1276 1362 ἰσχυρὸς
1318 1286 1395 1345 ὢν
1436 1287 1700 1360 βούλοιτο
1737 1284 1958 1360 ἰσχυρὸς
1999 1286 2072 1345 εἶ·
2141 1285 2158 1347 ’.

2146 2764 2158 2814 ιῖ

2128 2817 2157 3106 l

1274 3137 1327 3179 ad
1358 3137 1517 3192 Remp.
1544 3137 1615 3179 lV.
1635 3151 1676 3192 p.
1698 3135 1797 3182 439.
1823 3139 1873 3179 A.
1935 3137 2069 3187 Cete-
2144 3143 2153 3181 ’ἑ

1269 3207 1362 3236 rum
1403 3201 1531 3236 antea
1578 3194 1632 3236 ad
1686 3195 1729 3234 ἐν
1775 3198 1834 3250 τῷ
1880 3193 2068 3250 παρόντι
2151 3205 2153 3208 ’

1266 3251 1427 3306 ἀνάγκη
1446 3253 1656 3305 intelligas
1682 3253 1787 3303 ἐστί,
1819 3264 1928 3305 quae
1947 3251 2065 3294 verbi

1267 3310 1445 3351 omissio
1485 3315 1584 3363 post
1621 3307 1778 3364 ἀνάγκη
1827 3311 1952 3363 longe
1998 3313 2069 3350 est

1267 3367 1623 3420 frequentissima.

1324 3453 1375 3496 D.
1419 3452 1548 3494 ἄλλο
1580 3469 1628 3494 τι
1660 3449 1929 3508 ὁμολογοῖ
1957 3450 2063 3505 ἅνς]
2140 3449 2149 3496 {i

2140 3225 2152 3441 l

2130 3493 2148 3537 ss

2138 3553 2148 3589 ,ι

2138 3595 2148 3674 l
