2222 3762
400 128 664 180 XXVIII

398 271 612 339 fecerit,
666 290 772 322 non
824 277 907 322 est
956 268 1244 322 verisimile
1296 288 1415 327 euin
1457 288 1595 338 qnae
1632 272 1814 338 futuro
1853 281 2091 344 tempore

399 351 542 395 esset
578 342 879 412 scripturus
920 353 973 393 et
1012 340 1229 410 scriptis
1267 339 1804 411 suisaillustraturus,
1844 343 2091 397 iuvenem

401 415 554 483 quasi
613 433 709 484 pro
775 414 954 464 ‘futuro
1002 420 1244 480 tempore
1297 409 1574 469 divinasse
1635 420 1689 465 et
1753 414 2092 484 praevidisse

400 485 604 547 animo;
645 484 747 536 nisi
789 485 926 537 forte
966 490 1205 540 statuere
1244 482 1378 535 velis
1404 482 1688 536 Platonem
1727 503 1790 537 eo
1828 493 2090 568 tempore,

399 575 507 625 quo
558 555 799 610 Socratis
852 574 985 608 usus
1034 561 1117 606 est
1164 553 1558 622 familiaritate,
1617 554 1885 609 nihildum
1920 557 2092 611 literis

399 627 825 698 consignavisse.
862 626 926 678 In
953 644 1059 693 qua
1082 624 1352 680 sententia
1377 625 1545 678 fuisse
1574 625 1786 679 videtur
1823 628 2092 696 AstiuS,

400 699 493 768 qui
534 718 625 751 eos
665 698 832 750 libros
858 715 1062 764 omneS,
1105 714 1241 765 quos
1280 695 1372 749 illo
1412 704 1657 768 tempore
1696 698 1929 769 scriptos
1969 717 2090 754 esse

396 769 687 823 verisimile
729 776 828 835 est,
867 775 1126 835 tanquam
1156 767 1401 820 Platonis
1436 767 1659 838 ingenio
1699 766 1953 840 indignos
1990 791 2091 843 pro

398 839 773 922 suppositieiis
823 838 1043 906 habuit,
1106 837 1339 907 ideoque
1386 839 1514 891 item
1581 839 1891 895 Phaedrum
1949 843 2093 895 inter

395 930 598 981 prunos
638 910 886 981 dialogos
926 909 1315 964 numerandum
1354 910 1592 978 censuit,
1651 912 1744 979 qui
1795 931 1827 964 a
1862 913 2092 973 Platone

397 981 685 1053 compositi
724 985 848 1044 sint.
925 980 1091 1048 Quod
1146 1001 1272 1034 vero
1323 981 1584 1054 imprimis
1641 982 1926 1039 confirmat
1973 1003 2091 1038 eam

398 1053 748 1120 sententiam,
814 1073 922 1123 qua
989 1052 1142 1106 illum
1191 1053 1388 1108 librum
1438 1072 1469 1105 a
1517 1054 1748 1107 Platone
1798 1055 2090 1109 maturiore

398 1128 575 1178 ae‘tate
614 1124 875 1196 scriptum
927 1130 1213 1195 putamus,
1267 1133 1351 1179 est
1397 1125 1531 1178 illud
1580 1125 1696 1178 sine
1747 1123 1913 1179 dubio
1966 1126 2089 1196 1100,

399 1195 546 1266 quod
585 1203 638 1249 et
672 1196 906 1267 plurima
936 1195 1177 1250 0011111101
1202 1196 1568 1269 Pythagorica
1592 1198 1667 1266 ²¹⁶),
1715 1205 1769 1249 et
1805 1198 2091 1251 maximam

396 1267 562 1321 habet
611 1268 914 1339 argumenti
963 1267 1342 1339 cognationem
1390 1287 1512 1322 011111
1563 1267 1875 1341 SymposiO,
1927 1269 2092 1323 adeo-

398 1359 504 1409 que
543 1359 610 1392 ex
647 1346 800 1410 parte
843 1358 966 1400 cum
1003 1338 1299 1395 Phaedone
1338 1348 1392 1394 et
1422 1339 1573 1394 libris
1614 1340 1680 1393 de
1718 1340 1922 1411 optima
1959 1341 2091 1395 civi·-

395 1418 505 1463 tate
545 1409 799 1469 cohaeret
836 1411 935 1480 **).
1009 1410 1135 1465 Huc
1174 1411 1413 1479 accedit,
1466 1411 1615 1480 quod
1654 1412 1968 1465 coniectura
2005 1431 2091 1470 as·

396 1483 550 1551 sequi
595 1501 919 1553 possumus,
987 1502 1096 1554 qua
1159 1483 1430 1537 scribendi
1487 1483 1897 1555 opportunitate
1957 1503 2090 1538 usus

395 1554 555 1607 Plato
608 1553 751 1607 hune
799 1554 996 1608 librum
1035 1556 1414 1626 composuerit.
1487 1553 1756 1609 Redierat‘
1786 1555 1928 1610 enim
1969 1563 2091 1608 tan-

396 1624 517 1678 dem
557 1625 849 1695 aliquando
902 1645 970 1680 ex
1017 1626 1332 1698 longinquis
1381 1646 1446 1680 ao
1496 1625 1767 1680 diuturnis
1805 1626 2090 1680 itineribus

393 1697 448 1749 in
485 1696 734 1767 patriam.
810 1697 926 1752 Ubi
975 1717 1140 1767 quum
1190 1698 1525 1766 advenisset,
1577 1718 1687 1751 non
1736 1697 1914 1751 solum
1952 1697 2090 1751 alios

393 1768 676 1822 instituere
714 1769 922 1840 eoepit,
975 1768 1072 1822 sed
1125 1770 1286 1823 etiam
1331 1768 1550 1839 scriptis
1588 1769 1861 1842 explicare
1898 1788 2091 1823 recon-

397 1839 607 1893 ditioris
647 1839 926 1893 doctrinae
965 1861 1096 1894 suae
1133 1842 1417 1895 rationem.
1492 1841 1559 1894 In
1590 1861 1699 1911 quo
1725 1850 1958 1910 utroque
1993 1860 2088 1913 ge-

394 1930 523 1964 nere
565 1931 730 1980 quum
770 1932 868 1983 pro
908 1912 1123 1981 divine,
1167 1933 1274 1984 quo
1313 1912 1585 1986 pollebat,
1625 1911 1844 1985 ingenio
1881 1913 1960 1965 ita
1996 1932 2088 1965 ex-

395 1982 642 2051 celleret,
696 1991 759 2036 ut
806 1984 1161 2054 plurimorum
1207 1993 1452 2039 moveret
1487 1983 1924 2037 admirationem:
1979 2003 2088 2036 non

393 2054 575 2125 potuit
611 2054 850 2127 effugere
886 2055 1146 2113 invidiam
1183 2076 1398 2126 eorum,
1436 2056 1529 2126 qui
1566 2055 1847 2109 doetrinae
1884 2062 1940 2108 et
1976 2055 2087 2108 elo-

395 2125 648 2195 quentiae
697 2126 911 2186 laudem
959 2127 1064 2185 Sibi
1120 2135 1377 2198 tanquam
1414 2129 1689 2199 propriam
1723 2125 2084 2194 vindicarent,

394 2196 498 2251 hoc
537 2205 624 2251 est
661 2197 937 2252 rhetorum
976 2207 1138 2269 atque
1163 2199 1544 2272 sophistarum.
1620 2197 1731 2266 Qui
1762 2217 1929 2268 quum
1964 2217 2087 2268 per-

394 2287 556 2337 quam
582 2269 806 2323 moleste
833 2270 1107 2339 tulissent,
1136 2271 1286 2341 quod
1308 2272 1550 2344 ipsorum
1574 2270 1808 2341 ineptias
1835 2289 1946 2322 non
1968 2269 2086 2322 sine

390 2340 560 2399 multo
595 2340 708 2395 sale
746 2343 1165 2411 perstrinxerat,
1213 2341 1447 2412 ideoque
1490 2361 1611 2396 eum
1648 2341 1884 2412 maligno
1923 2339 2086 2394 dente

391 2411 745 2480 arrosissent,
795 2412 1106 2466 faciendum
1142 2414 1382 2485 putavit,
1432 2420 1494 2465 ut
1540 2432 1649 2465 non
1687 2410 1861 2464 solum
1899 2429 2085 2464 eorum

393 2489 563 2534 artem
601 2489 812 2541 taxaret
849 2483 1178 2553 doceretque
1216 2503 1428 2537 omnem
1452 2483 1833 2552 eloquentiam,
1872 2482 1988 2536 sive
2027 2482 2083 2536 in

395 2553 688 2624 scriptione
736 2562 1045 2607 cerneretur
1091 2555 1205 2621 sive
1265 2555 1319 2607 in
1381 2574 1656 2622 sermone,
1719 2554 1879 2606 inane
1941 2573 2081 2622 esse,

392 2623 499 2676 nisi
539 2643 604 2676 ex
641 2624 984 2695 philosophia
1016 2633 1275 2696 tanquam
1323 2646 1452 2680 vero
1500 2626 1672 2697 ipsius
1710 2626 1862 2678 fonte
1899 2624 2082 2679 hauri-

391 2702 565 2759 retur3
616 2715 800 2749 veram
839 2695 1002 2751 etiam
1038 2717 1249 2751 omnem
1283 2696 1663 2768 philosophiae
1699 2695 1807 2750 vim
1845 2695 2081 2769 dignita-

455 2954 493 3004 *)
528 2953 685 2993 Docuit
723 2953 806 2993 hoc
845 2953 1042 2994 Astius
1084 2955 1136 2995 de
1177 2955 1265 2994 vita
1309 2961 1351 2996 et
1381 2957 1554 3010 scriptis
1587 2956 1757 2997 Platon.
1790 2969 1833 3010 p.
1865 2956 1948 3000 105
1979 2969 2076 3008 sqq.

533 3011 611 3051 cfr.
651 3024 762 3064 quae
792 3011 875 3062 ipsi
906 3024 1045 3063 nuper
1075 3013 1130 3053 ad
1163 3013 1276 3053 hune
1307 3014 1464 3055 librum
1495 3016 1770 3055 commentati
1803 3028 1965 3055 sumus.

433 3068 499 3124 **)
533 3068 647 3109 Nam
678 3068 838 3110 amoris
872 3068 1009 3109 divini
1042 3070 1313 3122 disciplinam
1350 3072 1575 3114 Phaedrus
1612 3086 1706 3113 cum
1740 3073 1971 3126 Symposio
2002 3071 2078 3110 ha-

533 3127 607 3166 bet
636 3138 926 3175 c‹›mmnnem,·
955 3128 1089 3167 animi
1120 3135 1263 3168 autem
1293 3131 1339 3169 in
1371 3136 1458 3171 tres
1487 3136 1633 3183 partes
1663 3130 1925 3183 principales
1966 3129 2076 3169 divi-

533 3185 600 3224 sio
634 3185 823 3225 Politiae
853 3197 948 3224 cum
985 3185 1183 3225 Phaedro
1214 3187 1326 3227 adeo
1358 3194 1422 3228 est
1452 3190 1712 3240 communis,
1757 3194 1805 3228 ut
1834 3189 1911 3229 illa
1940 3187 2076 3227 Phae-

532 3242 612 3283 dro
649 3243 820 3288 demum
850 3242 967 3282 edito
1000 3243 1045 3282 in
1075 3243 1214 3284 lucem
1243 3245 1462 3298 publicam
1482 3246 1615 3287 emitti
1634 3247 1830 3299 potuisse
1861 3247 2078 3293 videatur,

531 3301 882 3352 quandoquidem
939 3305 1077 3340 totum
1132 3302 1323 3345 civitatis
1375 3303 1634 3346 Platonicae
1691 3304 1937 3347 aedificium
1994 3302 2074 3342 hac

530 3358 626 3409 ipsa
654 3358 785 3399 animi
818 3357 1035 3399 divisione
1066 3359 1232 3400 nititur,
