2158 3718
250 123 372 181 230·
393 85 399 90 ι

980 129 1300 175 PLATONIS

250 263 359 335 μὸν
403 265 500 319 καὶ
549 263 770 336 ψυχρὸν
816 266 1101 336 σηπεδόνα
1147 286 1273 321 τινα
1310 269 1482 340 λάβῃ,
1523 269 1597 333 ὥς
1633 290 1781 335 τινες
1818 273 2032 342 ἔλεγον,

250 350 378 404 τότε
415 348 484 419 δὴ
522 347 590 403 τὰ
626 354 735 416 ζῶα
773 351 1166 453 ξυντρέφεναι;
1207 354 1301 405 καὶ
1326 355 1567 423 πότερον
1604 353 1666 408 τὸ
1705 348 1840 424 αἷμά
1878 357 2034 411 ἐστιν

253 426 298 503 ᾧ
335 437 682 504 φρονοῦμεν,
721 432 757 503 ἢ
795 431 824 487 6
867 434 991 504 ἀήρ,
1030 435 1066 504 ἢ
1103 433 1166 488 τὸ
1205 440 1341 506 πῦρ,
1379 437 1415 506 ἢ
1446 439 1663 492 τούτων
1700 439 1805 508 μὲν
1842 438 2031 509 οὐδέν,

264 513 278 534 ξ

249 537 279 570 ο
337 517 400 571 δὲ
462 518 773 587 ἐγκέφαλός
827 519 982 571 ἐστιν
1039 516 1068 572 6
1120 517 1216 583 τὰς
1266 522 1556 591 αἰσθήσεις
1616 526 1876 592 παρέχων
1930 528 2033 578 τοῦ

248 599 480 656 ἀκούειν
527 603 621 655 καὶ
669 600 809 671 ὁρᾶν
855 603 949 654 καὶ
996 599 1437 675 ὀσφραίνεσθαι,
1489 608 1552 660 ἐκ
1589 608 1808 661 τούτων
1845 608 1908 662 δὲ
1944 611 2035 676 γί-

246 704 438 752 γνοιτο
476 686 663 755 μνήμη
689 686 784 738 καὶ
820 685 974 754 δόξα,
1015 687 1079 739 ἐκ
1117 688 1179 741 δὲ
1215 689 1433 759 μνήμης
1469 693 1562 744 καὶ
1600 691 1780 760 δόξης,
1820 694 2034 761 λαβού-

195 775 198 781 “
247 782 348 837 σης
393 767 455 822 τὸ
500 768 757 838 ήρεμεῖν,
805 768 946 822 κατὰ
982 773 1159 824 ταῦτα
1197 775 1494 840 γίγνεσθαι
1533 775 1860 846 ἐπιστήμην.

1922 778 2031 829 ’καὶ

358 946 507 994 Β.τὸ
539 948 762 1008 θερμὸν
789 952 887 996 και
908 949 1149 1010 ψυχρον]
1174 956 1243 998 Sic
1263 958 1360 999 Vat.
1384 966 1423 999 et
1447 972 1509 1012 pr
1533 959 1654 1004 BodJ.
1696 960 1838 1013 Vulgo
1861 958 2028 1003 καὶτὸ

243 1002 446 1062 ψυχρόν.

302 1169 370 1225 ὥς
419 1189 576 1225 τινες
626 1173 856 1234 ε’λεγον]
917 1181 1090 1220 Ionici

243 1246 272 1286 p
283 1231 391 1273 hilo
403 1245 423 1273 s
438 1245 460 1273 o
472 1232 583 1286 phi,
637 1235 770 1274 veluti
810 1236 1089 1289 Anaxagoras

244 1297 285 1329 et
312 1287 561 1329 Archelaus.
603 1289 663 1329 De
702 1290 771 1330 illo
812 1289 951 1334 Laert.
979 1293 1031 1332 ΙΙ.
1063 1294 1089 1333 9

242 1337 302 1385 τὰ
325 1342 420 1394 ζῶα
440 1341 671 1409 γενέσθαι
693 1338 790 1396 ἐξ“
764 1345 913 1400 υγροῦ
935 1360 985 1388 τε
1005 1345 1089 1389 καὶ

241 1399 429 1468 θερμοῦ
450 1397 534 1441 καὶ
554 1394 777 1465 γεώδους.
798 1403 859 1441 De
880 1403 960 1443 hoc
977 1404 1089 1444 idem

242 1458 294 1496 ΙΙ.
319 1457 372 1497 16
402 1451 533 1510 ἔλεγε
555 1451 644 1497 δύο
674 1454 834 1506 αἰτίας
863 1453 990 1500 εἶναι
1010 1472 1089 1512 γε·

241 1509 430 1565 νέσεως,
452 1506 640 1564 θερμὸν
659 1511 744 1554 καὶ
765 1509 969 1567 ψυχρόν.
1013 1515 1088 1554 Al·

240 1576 378 1608 terum
397 1568 537 1608 locum
559 1569 882 1622 adscripsimus,
901 1577 946 1610 ut
961 1571 1086 1610 intel-

240 1624 421 1677 legatur,
444 1636 526 1675 quo
549 1624 641 1664 iure
663 1623 708 1667 C.
736 1626 1086 1678 Sprengelius

238 1679 396 1722 Histor.
426 1680 621 1724 medicin.
656 1681 703 1720 T.
740 1683 772 1721 Ι.
810 1695 853 1735 p.
874 1683 957 1723 443
994 1689 1086 1735 ψυ-

238 1730 352 1789 χρόν
380 1736 425 1775 in
455 1729 602 1790 ὑγρόν
630 1738 785 1777 mutari
807 1739 923 1790 apud
942 1738 1087 1779 Plato-

239 1803 339 1831 nem
359 1791 556 1832 voluerit.

297 1842 710 1901 ξυντρέφεται]
766 1849 986 1902 Etymol.
1010 1851 1083 1904 M„

239 1902 457 1952 Suidas‚
480 1902 836 1956 Phavorinus,
858 1906 1084 1947 Photius

236 1960 566 2012 interpretantur
582 1973 659 2013 per
677 1960 972 2011 συνίσταται,
994 1956 1086 2017 πή-

239 2028 429 2112 γνῖῑξωᾶ
442 2016 797 2124 fssggglzlvatnvt‘
756 2031 826 2127 zor
832 2073 1083 2127 φρονοῦ-

234 2125 354 2180 μεν]
384 2127 479 2168 Fuit
506 2126 612 2168 haec
642 2130 852 2169 sententia
871 2131 1083 2184 Empedo-

238 2183 328 2225 clis.
360 2195 402 2224 v.
426 2181 513 2226 Cic.
538 2184 662 2229 Tusc.
693 2187 725 2226 Ι.
756 2187 781 2226 9
809 2186 911 2238 ibiq.
936 2187 1082 2231 Davis.

232 2238 343 2282 Plut.
371 2239 432 2279 De
461 2240 603 2293 placit.
634 2241 738 2294 phil.
770 2243 842 2283 IV.
881 2244 921 2287 5.
965 2243 1083 2288 Stob.

232 2295 408 2349 Eclogg.
432 2308 475 2349 p.
490 2297 600 2338 1026
623 2297 688 2337 ed.
706 2298 887 2340 Heeren.
910 2298 1082 2343 Sturz.

231 2351 482 2447 Etmpedocl.
511 2354 544 2396 Ι.
576 2354 658 2395 315
680 2366 775 2406 sqq.
807 2368 849 2408 p.
882 2357 967 2397 440
987 2369 1080 2407 sqq.

233 2415 361 2528 <tt-‚75
341 2477 365 2504 ο
390 2438 554 2517 οἶήρ],
560 2463 833 2517 ‚Anaximeni
854 2466 961 2507 hanc
982 2481 1079 2508 sen-

232 2519 407 2559 tentiam
428 2521 573 2560 tribuit
591 2521 703 2562 Plut.
724 2521 787 2562 De
789 2524 951 2589 placit.
973 2524 1077 2589 phil.

231 2576 263 2615 Ι.
287 2577 328 2618 3.
372 2577 562 2626 Itemque
583 2579 685 2625 τοῖς
708 2570 803 2619 απὸ
828 2572 1079 2635 Ἀναξαςγό-

232 2643 318 2683 ρου
346 2631 448 2675 ibid.
480 2634 533 2672 ΙΙ.
562 2634 604 2675 4.
644 2634 965 2676 Anaximandro
1002 2649 1078 2676 au—

229 2694 333 2734 tem,
386 2687 664 2739 Anaximeni‚
706 2690 989 2742 Anaxagorae
1042 2699 1081 2731 et

229 2717 440 2782 Archelao
466 2742 715 2784 Theodoret.
749 2745 1003 2799 Therapeut.
1033 2760 1076 2799 p.

229 2798 326 2840 545.
370 2797 487 2837 Idem
519 2799 648 2839 etiam
677 2799 857 2852 Diogeni
877 2802 1078 2855 (Apollo-

228 2851 393 2908 niatae)
435 2861 474 2893 et
503 2853 598 2894 aliis
629 2856 884 2906 quibusdam
917 2859 1078 2910 proba—

228 2915 317 2949 tum
353 2922 447 2950 esse
476 2910 605 2949 tradit
633 2912 764 2953 Arist
795 2912 855 2952 De
882 2915 1011 2954 anim.
1042 2917 1073 2955 I.

230 2963 305 3008 2.“
330 2965 591 3009 FORSTER.

284 3049 315 3087 η
344 3027 403 3076 τὸ
433 3032 617 3089 πῦρ],
622 3037 701 3084 ,Ex
727 3038 929 3078 Helacliti
961 3041 1074 3082 eius-

227 3103 309 3142 que
330 3091 637 3157 discipulorum
659 3095 882 3136 sententia.
914 3095 1074 3137 Huius

226 3147 343 3186 modi
393 3147 500 3187 enim
551 3149 691 3201 ipsius
740 3143 939 3205 avocavit
945 3151 1076 3194 ιάσιν

227 3203 343 3255 apud
381 3204 510 3244 Arist.
551 3204 612 3244 De
643 3206 770 3245 anim.
802 3207 835 3249 Ι.
870 3209 895 3247 2
908 3165 1072 3249 μίίιίεεο

228 3264 472 3299 constanter
503 3261 675 3301 tradunt
697 3267 874 3303 veteres.
881 3263 908 3284 ‘⁴
946 3264 1072 3306 FOR-

228 3312 381 3357 STER.
415 3315 478 3358 Cf.
502 3315 977 3363 Schleiermacher.
1011 3321 1072 3361 De

226 3369 435 3412 Heraclito
463 3372 504 3411 in
529 3374 641 3414 Mus.
669 3374 712 3416 d.
737 3375 914 3416 Alterth.
937 3375 1069 3418 Wiss.

224 3425 276 3465 V.
303 3427 331 3470 1.
355 3439 397 3480 p·
420 3428 504 3469 485
525 3441 618 3479 sqq.

1235 1176 1259 1222 6
1293 1177 1354 1223 δὲ
1388 1175 1733 1237 ἐγκέφαλος]
1764 1183 1825 1224 De
1855 1186 2026 1226 cerebro

1176 1239 1343 1277 animae
1373 1239 1474 1279 sede
1506 1252 1546 1280 v.
1576 1240 1947 1292 Wyttenbach
1974 1242 2030 1282 ad

1175 1293 1216 1333 h.
1246 1295 1275 1334 1.
1316 1293 1440 1347 Diog.
1478 1295 1525 1334 L.
1557 1296 1669 1336 VIII.
1710 1298 1764 1337 30
1811 1297 2027 1363 Pythago-

1176 1362 1270 1389 ram
1302 1358 1442 1389 narrat
1472 1343 1557 1391 τὸν
1585 1347 1755 1415 θυμόν
1776 1353 1910 1405 cordi,
1941 1348 2027 1401 τὰς

1178 1401 1358 1458 φρένας
1388 1414 1529 1446 autem
1559 1413 1687 1458 atque
1708 1400 1793 1449 τὸν
1812 1420 1934 1450 νουν
1954 1421 2029 1450 ce-

1176 1463 1299 1502 rebro
1341 1469 1559 1513 tamquam
1599 1464 1692 1503 sedi
1730 1475 1780 1503 ac
1814 1464 2025 1506 domicilio

1175 1517 1481 1569 assignavisse.
1523 1519 1608 1558 Alii
1639 1519 1847 1563 similiter
1871 1533 1912 1562 v.
1936 1521 2023 1566 Cic

1175 1573 1302 1613 Tusc.
1326 1574 1419 1621 1.9‚
1445 1573 1647 1618 19.Plut
1671 1575 1732 1615 De
1753 1576 1897 1629 placit.
1917 1577 2020 1630 phil.

1174 1629 1246 1671 IV.
1269 1631 1309 1672 5.
1350 1629 1506 1671 Athen.
1530 1631 1583 1671 11.
1604 1643 1647 1683 Ρ.
1670 1633 1739 1676 66.

1231 1704 1288 1753 ἐκ
1339 1706 1556 1754 τούτων
1615 1709 1678 1756 δε
1736 1713 2021 1773 γίγνοιτο]

1173 1767 1394 1821 Optativus
1415 1771 1583 1822 positus
1606 1783 1689 1811 non
1718 1773 1894 1824 perinde
1914 1785 1964 1813 ac
1984 1775 2024 1815 si

1170 1826 1499 1889 praecessisset
1500 1835 1697 1892 tempus
1745 1831 2023 1897 praeteritum

1171 1880 1251 1919 hac
1271 1882 1455 1922 ratione:
1477 1896 1507 1935 η
1531 1879 1709 1924 τούτων
1725 1877 1887 1951 ουδέν,
1907 1878 2021 1927 ἀλλ’

1171 1929 1288 1990 ὅπερ
1312 1931 1475 1990 ἔλεγόν
1497 1951 1638 2003 τινες,
1671 1931 1744 1980 ὅτι
1765 1934 1788 1981 6
1815 1917 2022 1995 ἐγκέφα·

1174 1993 1252 2040 λος
1276 1991 1349 2046 εἴη
1370 2015 1426 2022 -—
1447 1986 1498 2034 ἐκ
1521 1990 1700 2035 τούτων
1723 1991 1777 2037 δὲ
1807 1996 2021 2051 γίγνοιτο

1171 2042 1332 2102 μνήμη
1373 2047 1456 2090 καὶ
1497 2044 1640 2103 δόξα,
1689 2052 1806 2103 quod
1843 2055 2021 2106 putabat

1172 2105 1551 2158 Heindorfius‚
1583 2107 1660 2147 sed
1689 2108 1790 2159 quia
1822 2107 2020 2151 Socrates

1172 2160 1317 2201 relicta
1358 2164 1673 2202 constructione
1720 2163 1918 2205 inchoata
1965 2166 2021 2206 ad

1173 2217 1387 2269 obliquam
1415 2219 1566 2259 transit
1595 2220 1841 2264 orationem.
1870 2234 1912 2261 v.
1943 2234 2020 2262 su-

1170 2286 1249 2327 pra
1269 2274 1325 2314 ad
1345 2286 1388 2327 p.
1409 2275 1464 2315 86
1484 2276 1523 2315 A
1545 2283 1586 2315 et
1606 2276 1662 2316 95
1682 2276 1728 2317 Ε.
1768 2277 1875 2316 Hinc
1896 2277 2019 2318 dein—

1170 2342 1272 2383 ceps
1296 2329 1529 2371 infinitivus
1546 2329 1804 2385 γίγνεσθαι
1820 2332 2019 2375 infertur.

1171 2386 1292 2434 Quod
1341 2395 1453 2426 certe
1503 2389 1716 2429 neminem
1770 2390 2017 2433 morabitur.

1167 2442 1274 2482 Nam
1317 2443 1466 2483 eodem
1505 2444 1630 2484 modo
1667 2445 1796 2485 etiam
1823 2452 1922 2499 post
1955 2439 2018 2494 ὥς

1169 2505 1208 2538 et
1229 2499 1517 2553 participium,
1537 2501 1651 2551 quod
1667 2503 1898 2543 accusativi
1919 2514 2016 2542 cum

1166 2554 1374 2594 infinitivo
1415 2557 1545 2607 positi
1574 2557 1710 2596 instar
1737 2565 1822 2608 est,
1862 2557 2017 2598 deinde

1167 2611 1370 2650 transitur
1399 2611 1453 2650 ad
1474 2623 1600 2651 usum
1629 2611 1823 2652 infinitivi
1844 2612 2012 2656 Charin.

1166 2678 1209 2717 p.
1244 2666 1325 2705 164
1345 2666 1393 2708 D.
1433 2666 1562 2718 Legg.
1595 2669 1628 2707 I.
1652 2680 1692 2719 p.
1716 2668 1798 2708 626
1821 2669 1870 2711 Α.
1913 2669 2010 2713 XII

1164 2734 1207 2773 p.
1229 2721 1365 2762 964E
1395 2721 1450 2762 al.
1492 2743 1545 2751 —-
1586 2723 1667 2763 Pro
1702 2736 1827 2764 κατα
1858 2725 2012 2767 ταῦτα

1164 2777 1513 2818 Heindorfius
1553 2772 1678 2819 κατὰ
1719 2772 1872 2821 ταύτά
1907 2783 2011 2821 scri-

1164 2833 1348 2872 bendum
1370 2843 1517 2874 censet
1539 2834 1617 2875 hoc
1640 2848 1792 2876 sensu:
1833 2837 2012 2877 eodem

1165 2889 1335 2939 modo,
1379 2901 1461 2954 quo
1503 2883 1665 2944 μνήμη
1706 2888 1791 2933 καὶ
1827 2889 1949 2944 δόξα
1990 2906 2013 2934 e

1164 2945 1359 2985 sensibus
1396 2946 1600 2988 oriuntur.
1643 2947 1728 2988 Sed
1765 2960 1914 2988 verum
1945 2955 2011 2990 est

1162 2994 1286 3041 κατὰ
1318 2999 1486 3054 ταῦτα,
1518 3003 1632 3055 quod
1652 3011 1750 3056 post
1771 2997 2009 3059 λαβούσης

1160 3050 1213 3097 τὸ
1231 3050 1428 3123 ἠρεμεῖν
1444 3070 1529 3099 non
1544 3059 1665 3099 aliter
1679 3058 1861 3100 infertur
1881 3073 2007 3112 quam

1161 3112 1261 3153 alibi
1284 3106 1438 3162 οὕτως
1459 3114 1718 3167 frequentari
1738 3116 1861 3159 solet.

1219 3205 1511 3277 λαβούσης
1540 3206 1598 3254 τὸ
1621 3205 1878 3266 ἠρεμεῖν]
1900 3214 2005 3254 Nam

1159 3279 1244 3306 uua
1273 3260 1504 3322 ἐπιστήμη
1536 3281 1589 3308 ex
1618 3268 1806 3310 Platonis
1835 3277 2006 3310 senten-

1160 3324 1217 3363 tia
1255 3323 1382 3364 habet
1429 3325 1721 3372 stabilitatem,
1763 3325 2005 3366 firmitatem

1159 3375 1200 3418 et
1240 3381 1545 3433 constantiam,
1602 3373 1722 3432 δόξα
1762 3381 1805 3420 in
1843 3382 2002 3423 incerto

1158 3442 1350 3488 vagatur.
