2158 3718
521 154 1034 210 SYMPOSHJM.
1076 171 1127 220 p.
1163 154 1268 203 222
1306 155 1380 205 St.
1688 154 1791 205 199

113 328 247 366 στον
297 309 614 367 τείνοντας,
669 302 886 371 μᾶλλον
949 301 1007 355 δὲ
1067 302 1156 354 ἐπὶ
1196 298 1317 355 πᾶν
1351 294 1492 353 ὅσον
1535 300 1795 372 προςήκει

115 401 339 450 σκοπεῖν
380 391 456 459 τῷ
499 389 750 458 μέλλοντι
793 372 944 454 καλῷ
990 382 1235 454 κάγαθῷ
1279 385 1530 438 ἔσεσθαι.

243 471 417 530 Ταῦτ’,
466 474 645 534 ἐστίν,
705 459 744 522 ὦ
790 464 1016 542 ἄνδρες,
1074 466 1112 522 ἃ
1157 464 1257 537 ἐγώ
1304 463 1593 535 Σωκράτη
1636 472 1795 521 ἐπαι-

115 562 222 616 νῶ·
266 560 375 614 καὶ
401 546 473 610 αὖ
514 551 552 609 ἃ
595 558 886 629 μέμφομαι
925 552 1191 624 συμμίξας
1245 548 1376 622 ὑμῖν
1431 547 1586 605 εἶπον
1646 546 1683 604 ἅ
1729 571 1795 621 με

112 641 457 717 ὕβρισεν-καὶ
497 643 684 709 μέντοι
739 635 840 692 οὐκ
883 638 972 709 ἐμὲ
1014 634 1193 708 μόνον
1249 637 1430 690 ταῦτα
1485 637 1794 701 πεποίηκεν,

118 723 262 784 ἀλλὰ
309 726 402 780 καὶ
443 725 737 796 Χαρμίδην
791 716 892 776 τὸν
933 718 1266 784 Γλαύκωνος
1307 721 1399 774 καὶ
1446 715 1799 789 Εὐθύδημον

115 807 219 867 τὸν
258 811 553 872 Διοκλέους
595 808 688 862 καὶ
732 801 935 869 ἄλλους
980 801 1129 860 miv&
1176 800 1447 868 πολλούς,
1494 799 1592 867 οὓς
1637 794 1801 867 οὗτος

116 894 412 962 ἐξαπατῶν·
460 889 535 956 ὡς
589 886 822 964 ἐραστὴς
880 886 1109 944 παιδικὰ
1153 891 1369 961 μᾶλλον
1412 883 1585 951 αὐτὸς
1626 889 1801 942 καθί-

105 998 322 1055 ,σι-αται
373 973 498 1030 ἀντ’
564 975 820 1048 ἐραστοῦ.
875 970 911 1027 ἃ
957 970 1024 1040 δὴ
1068 975 1160 1028 καὶ
1203 975 1292 1028 σοὶ
1335 975 1498 1039 λέγω,
1555 962 1595 1024 ὦ
1635 969 1796 1041 Ἀγά-

122 1066 283 1127 θων,
326 1056 402 1132 μὴ
450 1059 848 1125 ἐξαπατᾶσθαι
891 1053 1001 1112 ὑπὸ
1046 1055 1286 1122 τούτου,
1328 1053 1460 1110 ἀλλ’
1513 1051 1627 1109 ἀπὸ
1685 1057 1797 1110 τῶν

183 1270 186 1271 ⁷
234 1221 264 1268 ἃ
294 1221 391 1278 ἐγὼ
422 1219 690 1272 Σωκράτη
727 1219 957 1275 ἐπαινῶ]
1000 1219 1074 1260 Sic
1105 1218 1230 1261 Bodl.
1262 1218 1358 1261 vat.
1377 1217 1431 1260 A.
1458 1218 1577 1260 Coisl
1626 1219 1730 1261 Ven.
1752 1219 1798 1262 Ξ.-

123 1281 225 1327 Par.
239 1282 341 1324 ΒΚ.
363 1279 510 1334 Ambr.
532 1281 639 1330 Ang.
655 1290 703 1317 w.
723 1276 822 1319 Vat.
832 1289 866 1319 r.
887 1276 1113 1321 Vind.1.2.
1127 1278 1169 1319 7.
1191 1276 1361 1319 Flor.a.
1378 1276 1420 1318 b.
1433 1288 1470 1318 c.
1480 1276 1554 1318 i.n.
1600 1277 1802 1330 Legeba-

123 1349 193 1383 tur
220 1344 320 1382 ante
350 1337 594 1379 Bekkerum
625 1332 901 1389 Σωκράτους.
931 1333 1056 1375 Vind.
1072 1333 1114 1377 2.
1141 1334 1242 1376 Par.
1262 1333 1312 1376 F.
1338 1334 1447 1386 Ang.
1464 1346 1504 1375 u.
1548 1331 1802 1389 Σωκράτην,

124 1404 172 1440 ut
202 1397 298 1455 hinc
325 1405 498 1448 quoque
528 1395 674 1446 pateat
702 1393 883 1434 alteram
923 1391 1107 1433 formam
1145 1391 1370 1433 meliorum
1413 1390 1614 1433 codicum
1647 1391 1804 1433 suffra-

124 1456 205 1511 giis
237 1452 472 1494 certissime
503 1449 755 1490 confirmari.

239 1507 292 1552 B.
351 1508 418 1565 μὴ
450 1504 878 1560 ἐξαπατᾶσθαι]
909 1496 1184 1553 ἓξαῇατᾶσθε
1215 1487 1344 1548 Bodl.
1378 1503 1472 1546 Vat.
1492 1503 1547 1546 A.
1615 1500 1617 1502 ,

125 1623 195 1679 61.
229 1623 279 1667 C.
307 1619 563 1675 Euthydem.
595 1634 637 1674 p.
667 1618 768 1663 287.
799 1620 852 1662 D.
883 1624 927 1662 et

126 1690 238 1736 quae
250 1679 452 1734 exposuit
471 1677 707 1720 Rostius
730 1677 925 1729 Gramm.

127 1739 163 1794 ξ.
198 1737 292 1783 120.
331 1749 428 1778 ann.
471 1735 514 1778 4.
558 1748 601 1789 p.
630 1734 731 1778 615.
769 1734 842 1776 ed.
883 1733 922 1777 6.

95 1839 99 1850 ,
129 1796 305 1852 Scilicet
340 1793 392 1834 ἄν
431 1792 703 1834 adhaerescit
749 1791 925 1845 partici-

128 1853 201 1910 pio
252 1850 429 1907 perinde
473 1863 525 1892 ac
574 1850 610 1890 si
651 1849 804 1891 deinde
847 1861 925 1903 pro

108 1911 274 1953 rfuturo
302 1909 646 1961 subsequuturus
682 1909 738 1947 sit
769 1906 949 1960 optati-v

129 1981 223 2010 vus.
282 1966 429 2008 Habet
458 1965 588 2018 igitur
607 1964 932 2018 explicationem

133 2039 187 2068 ex
227 2023 411 2077 quadam
453 2028 696 2063 structurae
737 2022 930 2072 enallage

132 2096 159 2124 a
188 2082 386 2122 Graecae
416 2080 585 2133 linguae
623 2078 792 2133 ingenio
819 2076 929 2119 haud

135 2151 240 2182 sane
269 2137 420 2179 aliena.

192 2193 407 2251 μόνους
450 2190 672 2247 εὑρήσει
722 2194 822 2231 τῶν
863 2188 927 2243 λ.]

137 2253 246 2297 Vide
274 2255 420 2294 annot.
452 2249 508 2292 ad
538 2264 578 2304 p.
610 2247 708 2292 215.
741 2248 789 2291 C.

192 2335 289 2377 καὶ
330 2329 398 2376 αὖ
426 2330 454 2374 δι’
483 2339 774 2389 μέμφομαι
807 2346 930 2386 συμ-

136 2394 294 2451 μίξας
332 2390 490 2447 ὑμῖν
524 2390 741 2444 εἷπον]
803 2387 932 2433 Quod

139 2449 457 2505 Stephanus
506 2450 547 2490 in
585 2448 747 2501 vulgari
783 2446 932 2488 lectio-

139 2522 215 2551 ne:
247 2508 322 2548 καὶ
351 2501 410 2548 αὖ
441 2503 468 2546 ἃ
493 2511 744 2561 μέμφομαι,
776 2504 935 2558 συμμί-

140 2566 215 2611 ξας
246 2563 350 2621 ὑμῖν
380 2569 518 2615 εἷπον,
551 2563 769 2615 haerebat,
809 2560 853 2602 id
883 2573 937 2601 ue

141 2623 209 2666 cui
236 2622 280 2664 in
315 2626 535 2676 posterum
557 2620 736 2671 accidat,
768 2630 936 2660 comma

143 2684 245 2736 post
273 2682 502 2735 μέμφομαι
520 2677 768 2720 delevimus.
826 2674 937 2717 Nam

143 2737 272 2780 verba
301 2736 361 2778 ita
397 2734 688 2778 connectenda
717 2738 835 2775 sunt:
867 2730 938 2771 καὶ

145 2795 354 2849 συμμίξεις
392 2787 451 2835 αὖ
489 2789 516 2832 ἃ
558 2795 787 2846 μέμφομαι
818 2789 937 2830 εἶπον

146 2850 250 2905 ὑμῖν
271 2850 301 2890 ἆ’
322 2864 375 2904 με
404 2848 568 2903 ὕβρισε.
599 2848 836 2890 wolfius
873 2848 937 2888 lo-

147 2919 244 2949 cum
274 2907 336 2947 sic
375 2906 657 2958 interpunxit:
698 2902 725 2945 δὲ
765 2903 842 2957 ἐγὼ
882 2904 935 2943 Σ.

148 2967 316 3015 ἐπαινῶ,
343 2962 415 3002 καὶ
435 2958 490 3001 αὖ
510 2959 801 3016 ἃμέμφομκι.
831 2976 939 3014 συμ-

149 3022 275 3076 μίξας
304 3017 407 3073 ὖμῖν
447 3014 590 3070 εἶπόν,
633 3017 662 3058 δι’
690 3032 742 3071 με
773 3015 938 3072 ὕβρισε,

150 3080 242 3133 ipsa
273 3075 486 3118 sententia
517 3075 783 3117 adversante.

211 3163 263 3205 B.
324 3161 622 3215 Χαρμίδην
653 3175 690 3201 τ.
724 3159 808 3200 Γλ.
839 3174 877 3201 κ.
905 3177 943 3203 τ.

154 3221 222 3271 λ.]
254 3219 320 3262 De
349 3217 600 3267 Charmide,
631 3216 868 3259 Glauconis
896 3220 947 3262 fi-

156 3277 230 3331 lio,
260 3290 301 3319 v.
322 3277 539 3318 Platon.
562 3272 778 3316 Charmid.
799 3287 839 3328 p.
867 3275 947 3320 154

160 3349 239 3437 iilq
245 3334 417 3446 ’7μέξῶ
423 3335 595 3444 532‘1'1‘1
603 3344 663 3433 ⁸23¹
676 3345 740 3431 i'v*'
752 3330 946 3433 ’ἒοΜοῖἿῖ

1008 1620 1257 1675 Wyttenb
1272 1618 1377 1661 ach.
1409 1618 1463 1660 ad
1493 1619 1652 1661 Select.
1676 1618 1803 1660 Prin·

1009 1679 1090 1732 cip.
1114 1677 1281 1719 Histor.
1303 1691 1346 1730 p.
1365 1677 1464 1719 411.
1521 1676 1692 1717 Iuvenis
1725 1676 1804 1725 fuit

1010 1740 1055 1778 et
1082 1746 1242 1788 genere
1279 1733 1543 1775 nobilissimo
1575 1733 1801 1774 Critiarum

1010 1792 1212 1834 oriundus
1252 1795 1296 1833 et
1332 1791 1550 1844 praeclara
1579 1790 1707 1830 animi
1737 1790 1802 1830 in·—

1011 1850 1111 1891 dole
1133 1848 1371 1903 praeditus.
1412 1846 1710 1900 Euthydemus
1740 1847 1804 1887 in-

1011 1908 1215 1960 telligitur
1236 1905 1396 1947 Dioclis
1424 1905 1559 1955 filius3
1589 1903 1703 1945 idem
1734 1907 1805 1945 est

1012 1965 1082 2018 qui
1112 1977 1208 2005 cum
1239 1963 1422 2004 Socrate
1460 1963 1709 2013 colloquens
1739 1962 1804 2001 in-

1013 2021 1181 2063 ducitur
1231 2020 1341 2075 apud
1383 2018 1624 2072 Xenoph‚
1670 2018 1804 2059 Mem.

1013 2079 1086 2121 lv.
1113 2078 1166 2130 2,
1196 2077 1266 2120 40.
1329 2076 1445 2119 Male
1484 2089 1581 2117 eum
1619 2074 1805 2116 Wolfi-

1013 2150 1072 2178 us
1130 2134 1323 2177 confudit
1382 2146 1477 2174 cum
1533 2132 1806 2184 Euthydemo

1015 2192 1247 2247 Sophista‚'
1266 2192 1385 2233 cuius
1417 2191 1588 2232 nomine
1611 2189 1810 2232 Platonis

1014 2252 1209 2304 dialogus
1240 2247 1540 2302 Euthydemus
1581 2248 1812 2300 inscriptus

1015 2313 1094 2351 est.

1102 2363 1168 2419 μὴ
1240 2364 1633 2409 ἐξαπατᾶσθαι
1698 2358 1809 2402 ὑπὸ

1019 2421 1255 2472 τούτου]
1306 2420 1392 2463 Qui
1435 2419 1736 2474 imperativum
1760 2418 1813 2459 ‘in

1021 2481 1085 2522 his
1129 2477 1422 2533 reponendum
1471 2477 1662 2526 censuit,
1715 2488 1811 2516 eum

1021 2536 1146 2580 latuit
1193 2535 1444 2577 infinitivum
1494 2533 1733 2588 pronomini
1768 2530 1816 2572 .ἆ’

1019 2592 1303 2648 ἔπεξηγήσεως
1329 2590 1456 2646 χάριν
1485 2589 1676 2632 additum
1701 2601 1814 2641 esse,

1023 2651 1078 2694 de
1138 2664 1222 2705 quo
1274 2662 1433 2702 genere
1483 2647 1816 2689 constructionis

1022 2721 1106 2751 non
1136 2721 1221 2750 uno
1250 2709 1349 2749 loco
1382 2705 1641 2748 monuimus.
1701 2703 1816 2745 Ger-

1023 2767 1191 2809 manice
1211 2764 1316 2807 haec
1329 2763 1488 2806 reddas
1507 2762 1594 2804 sic:
1626 2759 1815 2803 dieses

1023 2836 1124 2866 nun
1185 2834 1314 2875 sage
1371 2819 1456 2862 ich
1516 2817 1650 2861 auch
1709 2817 1815 2870 dir,

1025 2881 1150 2922 dass
1209 2879 1284 2921 du
1347 2875 1636 2920 nemlich
1700 2875 1816 2916 dich

1024 2937 1177 2979 nicht
1231 2948 1349 2978 von
1402 2935 1658 2976 diesem
1700 2933 1818 2972 tau-

1027 2993 1193 3036 schen
1226 2995 1441 3036 lassest.
1484 2991 1595 3033 Nam
1626 2991 1685 3030 ita
1716 3001 1819 3042 pro-

1027 3052 1184 3093 nomini
1206 3052 1385 3092 relativo
1410 3046 1699 3101 explicationis
1722 3058 1819 3097 gra-

1023 3109 1087 3150 tia
1126 3108 1414 3162 subiungitur,
1455 3103 1570 3157 quod
1610 3115 1708 3144 cum
1753 3114 1818 3150 re,

1030 3176 1140 3219 quae
1171 3178 1223 3208 eo
1244 3165 1522 3218 significatur,
1556 3160 1697 3211 aliquo
1725 3170 1820 3199 mo-

1031 3222 1110 3265 do*
1139 3223 1411 3265 coniunctum
1463 3222 1542 3259 est.
1610 3215 1823 3269 Exempla

1033 3280 1265 3322 consimilis
1305 3279 1544 3318 structurae
1585 3274 1620 3314 si
1650 3272 1823 3314 deside-

1031 3348 1126 3390 ras,
1167 3336 1298 3379 adeas
1340 3329 1701 3374 Schaeferum
1735 3333 1822 3382 Ap-

1032 3400 1166 3450 parat.
1186 3394 1240 3436 ad
1264 3388 1485 3434 Demosth.
1510 3386 1564 3431 Τ.
1590 3387 1638 3430 V.
1661 3401 1703 3442 p.
1727 3385 1826 3431 400.
