2158 3718
454 0 458 8 ·
516 0 518 4 ’
549 0 681 25 &2⁷³⁴ss
813 0 1003 12 ”⁴³
1024 0 1083 19 ww
1099 0 1111 22 1,-
1137 0 1233 31 ›0'14'12
1386 0 1695 31 ””-ῒ-<”“-“’Υ“ῒΰ·,”’·ῑὲ’-Ψ.’Ψ
1711 0 1805 31 τέῆἰ
1822 3 1896 23 uass
1922 14 1925 22 ,π
1949 11 1952 15 π

271 96 373 150 182
970 66 974 71 ’
993 95 1313 141 PLAToms

184 248 238 288 83
269 256 366 300 νος
420 235 751 307 ξυλλήπτωρ
807 240 891 306 εἴη
945 240 1023 307 τῷ
1077 237 1368 306 δεδέσθαι,
1392 260 1395 261 ’
1420 269 1480 278 -
1531 236 1668 308 ὅπερ
1716 231 1823 305 οὖν
1868 239 2032 308 λέγω,

268 322 686 390 γιγνώσκουσιν
737 322 794 374 οἱ
838 325 1199 391 φιλομαθεῖς,
1249 321 1333 376 ὅτι
1370 323 1518 377 οὕτω
1557 325 1964 393 παραλαβοῦσα
1999 321 2033 393 ἡ

271 409 580 476 φιλοσοφία
617 408 858 476 ἔχουσαν
896 404 1084 459 αὐτῶν
1108 403 1212 475 τὴν
1248 405 1434 478 ψυχὴν
1469 406 1646 478 ἡρέμα
1682 413 2038 478 παραμυθεῖ-

269 509 360 544 ται
408 491 502 544 καὶ
548 491 707 544 λύειν
764 491 1034 561 ἐπιχειρεῖ
1077 490 1504 562 ἐνδεικνυμένη,
1554 491 1639 546 ὅτι
1686 490 1896 562 ἀπάτης
1932 492 2036 562 μὲν

269 573 438 646 μεστὴ
475 574 509 646 ἡ
548 574 640 630 διά
677 579 792 628 τῶν
829 573 1090 646 ὀμμάτων
1128 575 1339 645 σκέψις,
1376 574 1585 647 ἀπάτης
1622 577 1683 632 δὲ
1720 575 1754 648 ἡ
1794 574 1887 630 διὰ
1921 580 2037 630 τῶν

269 658 431 713 ὤτων
478 661 571 713 καὶ
618 658 967 723 τῶνςᾶλλων
1005 661 1346 731 αἰσθήσεων,
1385 665 1663 716 πείθουσα
1701 662 1763 716 δὲ
1803 663 1865 716 ἐκ
1903 662 2037 716 τού-

269 765 383 798 των
435 744 540 814 μὲν
595 742 908 814 ἀναχωρεῖν
965 743 1101 798 ὅσον
1156 742 1229 815 μὴ
1276 743 1488 816 ἀνάγκη
1539 746 1729 811 αὐτοῖς
1774 751 2035 818 χρῆσθαι,

271 827 450 898 αὐτὴν
488 829 550 883 δὲ
590 830 668 892 εἰς
706 827 884 899 αὐτὴν
922 829 1290 898 ξυλλέγεσθαι
1327 831 1419 883 καὶ
1458 828 1819 901 ἀθροίζεσθαι
1855 849 2038 902 παρα-

269 914 634 984 κελευομένη,
682 914 967 968 πιστεύειν
1024 915 1086 969 δε
1132 915 1328 985 μηδενὶ
1386 913 1537 986 ἄλλῳ
1593 914 1715 969 ἀλλ’
1772 916 1809 986 ἢ
1863 915 2039 987 αὐτὴν

270 997 442 1069 αὐτῇ,
484 997 516 1052 ὅ
551 1019 604 1052 τι
642 996 713 1052 ἂν
749 1000 926 1070 νοήσῃ
966 997 1104 1069 αὐτὴ
1155 998 1289 1054 καθ’
1328 997 1506 1070 αὐτὴν
1552 998 1689 1054 αὐτὸ
1728 999 1861 1055 καθ’
1902 999 2039 1055 αὐτὰ

216 1088 385 1137 Βτῶν
423 1080 629 1137 ὄντων·
698 1083 730 1137 ὅ
774 1104 827 1137 τι
876 1084 932 1136 δ’
971 1083 1042 1137 ἂν
1081 1082 1154 1137 δι’
1195 1082 1385 1138 ἄλλων
1422 1090 1604 1156 σκοπῇ
1644 1087 1707 1140 ἐν
1746 1084 1936 1150 ἄλλοις
1973 1085 2040 1140 ὂν

269 1167 427 1238 ἄλλο,
465 1169 641 1238 μηδὲν
677 1167 939 1239 ἡγεῖσθαι
977 1167 1203 1238 ἀληθές·
1259 1166 1401 1223 εἶναι
1440 1170 1501 1225 δὲ
1538 1169 1600 1224 τό
1640 1172 1742 1240 μὲν
1779 1175 2040 1225 τοιοῦτον

271 1254 544 1324 αἰσθητόν
590 1274 650 1307 τε
695 1255 788 1308 καὶ
835 1252 1070 1324 ὁρατόν,
1122 1253 1154 1307 ὃ
1191 1255 1252 1308 δὲ
1291 1253 1430 1325 αὐτὴ
1470 1254 1573 1327 ὁρᾷ
1611 1257 1815 1326 νοητόν
1852 1276 1911 1310 τε
1947 1258 2041 1311 καὶ

270 1338 466 1402 ἀειδές.
520 1339 694 1410 ταύτῃ
734 1333 841 1393 οὖν
878 1343 944 1410 τῇ
983 1339 1143 1393 λύσει
1180 1337 1285 1393 ούκ
1323 1342 1548 1411 οἰομένη
1588 1343 1708 1394 δεῖν
1748 1342 2041 1395 ἐναντιοῦ-

271 1430 407 1477 σθαι
443 1422 477 1494 ἡ
516 1429 619 1478 τοῦ
658 1422 733 1488 ῶς
771 1422 996 1494 ἀληθῶς
1022 1425 1530 1496 φιλοσόφουπψυχη
1570 1425 1748 1490 οὕτως
1785 1425 2043 1496 ἀπέχεται

269 1513 383 1562 τῶν
429 1506 656 1578 ἡδονῶν
703 1530 762 1563 τε
812 1511 905 1562 καὶ
955 1511 1275 1580 ἐπιθυμιῶν
1322 1511 1415 1563 καὶ
1461 1514 1658 1564 λυπῶν
1706 1514 1798 1565 καὶ
1844 1513 2052 1582 φόβων.

269 1593 401 1647 καθ’
444 1593 581 1647 ὅσον
619 1595 876 1664 δύναται,
917 1596 1261 1665 λογιζομένη,
1302 1593 1407 1664 ὅτι,
1450 1596 1682 1650 ἐπειδάν
1706 1618 1791 1661 τις
1818 1598 2042 1668 σφόδρα

266 1677 418 1750 ἡσθῇ
456 1677 492 1749 ἢ
530 1682 759 1749 φοβηθῇ
805 1680 841 1749 ἢ
888 1683 1116 1750 λυπηθῇ
1153 1679 1190 1750 ἢ
1230 1681 1582 1752 ἐπιθυμήσῃ,
1633 1681 1802 1736 οὐδὲν
1839 1685 2042 1737 τοσοῦ-

268 1783 366 1817 τον
394 1762 572 1817 κακὸν
598 1766 811 1818 ἔπαθεν
850 1762 946 1817 ἀπ’
986 1762 1195 1833 αὐτῶν,
1236 1763 1372 1818 ὅσον
1410 1765 1482 1819 ἄν
1519 1787 1601 1830 τις
1638 1768 1880 1838 οἰηθείη,
1919 1761 2043 1822 οἷον

2153 315 2158 335 h

380 1923 516 2020 ΡΗῈξόι3
551 1916 899 2021 οίῖἰναχωρεῖν]
945 1916 1212 1978 ἀποχωρεῖν
1233 1925 1326 1965 vat.
1360 1926 1469 1966 Ven.
1492 1926 1542 1966 Π
1567 1926 1699 1967 vind.
1721 1927 1760 1968 Φ
1790 1929 1934 1971 Ambr.
1958 1937 2041 1968 eta

269 1994 331 2035 pr.
354 1993 394 2019 m
483 1993 541 2020 or.

380 2037 428 2077 B.
462 2030 796 2091 ἐπιθυμιῶν
817 2035 916 2079 καὶ
939 2035 1149 2092 λυπῶν]
1175 2038 1336 2081 λυπῶν
1356 2036 1440 2080 καὶ
1462 2032 1734 2092 ἐπιθυμιῶν
1756 2042 1852 2081 Vat.
1862 2042 1989 2082 vind.
2002 2042 2041 2083 Φ

267 2094 363 2134 Par.
388 2092 422 2133 G
442 2095 586 2134 Ambr.
611 2095 719 2135 Flor.
744 2095 786 2138 d.
821 2096 980 2135 Eodem
1003 2095 1148 2135 ordine
1169 2096 1298 2136 iidem
1320 2096 1415 2136 libri
1435 2109 1536 2137 mox
1557 2109 1650 2137 cum
1673 2097 1817 2138 Iambl.
1840 2089 1873 2151 ἢ
1895 2099 2043 2153 λυπη-

268 2149 338 2204 θῇ
359 2142 390 2204 ἢ
412 2149 631 2204 φοβηθῇ.
681 2151 771 2191 Nou
794 2148 926 2201 male;
957 2164 1214 2203 quamquam
1240 2160 1422 2193 veterem
1447 2154 1667 2193 lectionem
1688 2166 1772 2194 non
1794 2167 1888 2195 sum
1910 2167 2042 2196 ausus

269 2216 448 2252 mutare.
490 2199 729 2249 Ceterum
707 2223 736 2261 η
762 2208 957 2262 λυπηθῇ
980 2222 1046 2263 pr.
1070 2209 1189 2249 Bodl
1211 2211 1320 2254 Ven.
1344 2210 1395 2251 H
1411 2212 1516 2255 Tub
1540 2207 1749 2251 omittunt.

381 2270 516 2321 ὅσον
556 2270 644 2334 αν]
690 2278 821 2322 Codd.
854 2279 1102 2321 B0d1.Vat..
1124 2282 1230 2321 Tub.
1262 2282 1369 2324 Ven.
1395 2281 1597 2325 HViud
1629 2281 1784 2325 ΦΡιιΓ.
1808 2281 2042 2324 CEGHIL

268 2337 414 2377 Ambr.
444 2338 554 2389 Aug.
586 2337 693 2379 Flor.
716 2349 740 2375 a
764 2338 786 2376 b
809 2337 864 2376 d
856 2349 868 2376 1
890 2349 930 2376 m
959 2325 1026 2379 ῶν
1056 2328 1140 2391 ἄν,
1173 2338 1286 2388 quod
1317 2352 1338 2377 e
1368 2339 1619 2391 compendio
1643 2339 1875 2391 scripturae
1899 2348 2041 2380 natum

267 2492 443 2532 gravem
466 2479 557 2518 eius
581 2478 772 2518 mutandi
796 2479 1108 2530 necessitatem,
1197 2481 1402 2534 legendae
1438 2481 1523 2521 siut
1550 2493 1617 2521 res
1649 2482 1848 2522 sensibus
1877 2483 2041 2523 subiec-

269 2536 392 2576 modo
425 2548 521 2574 eum
551 2548 644 2575 cum
679 2533 752 2589 εἴη
776 2536 932 2575 arctius
956 2535 1108 2576 cohae-
1197 2544 1279 2587 tae,
1310 2550 1437 2589 quae,
1469 2539 1667 2589 quoniam
1705 2539 1914 2579 obnoxiae
1943 2547 2042 2579 sunt

268 2606 362 2632 rere
382 2593 821 2643 animadverterimus,
856 2592 936 2632 hoe
957 2605 1109 2633 seusu:
1230 2600 1432 2642 erpetuae
1449 2595 1731 2634 vicissitudini
1748 2602 1787 2634 et
1803 2596 2039 2647 mutationi,

269 2661 366 2699 quo
381 2649 523 2688 modo
552 2649 632 2700 ips
647 2662 668 2687 e
699 2662 721 2687 v
736 2649 910 2688 iuctus
941 2650 1078 2701 eapti
1093 2672 1112 2677 -
1199 2664 1250 2692 εν
1267 2645 1431 2697 ἄλλοις
1448 2641 1571 2690 nima
1590 2663 1683 2690 esse
1700 2651 1911 2695 dicuntur.
1936 2652 2040 2692 Nam

268 2706 428 2745 vitati
451 2717 582 2744 suae
605 2705 673 2744 sit
694 2705 920 2744 adiutol.
1198 2707 1318 2757 illud,
1351 2707 1465 2757 quod
1495 2707 1684 2758 aequale,
1716 2707 1921 2759 pulcrum,
1954 2721 2040 2749 rna-

323 2762 371 2801 P.
392 2763 462 2802 83.
495 2757 967 2824 παραμυθεῖται]
1003 2761 1111 2802 Vide
1198 2775 1342 2815 gnum,
1375 2775 1553 2816 parvum
1576 2775 1800 2816 vocamus,
1823 2765 1904 2805 sibi
1926 2766 2038 2806 nullo

267 2819 322 2858 ad
352 2817 786 2870 p.70B.Cete1u1n
819 2808 965 2869 ούτω,
997 2819 1110 2868 quod
1196 2820 1320 2859 modo
1372 2826 1557 2867 constat,
1600 2821 1677 2860 sed
1725 2820 1808 2861 alio
1849 2828 2039 2875 tempore

267 2875 449 2928 pertinet
476 2874 530 2913 ad
561 2868 774 2927 ἔχουσαν,
805 2887 901 2912 cum
923 2874 963 2912 vi
993 2886 1110 2925 p1ae-
1196 2876 1311 2916 aliud
1339 2876 1527 2926 videtum
1559 2876 1652 2929 ipsa
1680 2883 1822 2917 autem
1849 2879 2037 2928 aequali-

268 2932 447 2971 missum
470 2938 536 2970 est
556 2932 608 2969 ob
628 2931 742 2969 ver‹b
734 2944 757 2968 ι
779 2930 970 2981 ploxime
992 2939 1108 2970 autc-
1196 2940 1274 2982 tas,
1316 2907 1568 2985 pulclitutio,
1612 2935 1858 2986 magnitudo
1891 2937 2038 2976 eadem

268 2989 484 3034 cedentia,
520 2992 564 3026 ut
591 2994 628 3026 u
631 2987 925 3039 auspositione
956 2988 1107 3027 ve1b0-
1196 2995 1261 3029 est
1289 3001 1337 3028 ao
1367 2990 1447 3029 sibi
1478 3002 1646 3043 semper
1676 2991 1841 3034 similis
1862 3015 1915 3021 —
1946 2991 2039 3033 τῶν

268 3058 361 3084 lum
382 3044 710 3110 haudquaquam
734 3056 841 3108 opus
863 3043 928 3084 sit.
1195 3038 1346 3089 ὅντων
1366 3047 1521 3111 pendet
1543 3060 1565 3086 e-
1568 3048 1837 3114 Ριοιιοιιιὶιιθ
1857 3040 1886 3090 ὅ
1906 3062 1965 3090 τι.

324 3102 370 3141 B.
403 3114 427 3142 ο
469 3115 520 3142 τι
562 3095 610 3141 δ’
642 3114 707 3141 αν
738 3092 818 3140 δι’
848 3091 1107 3141 άλλων-
1251 3094 1430 3150 ούτως
1471 3095 1751 3158 ἀπέχεται
1794 3103 1902 3146 τῶν
1934 3098 2036 3158 ἡδ.]

269 3152 329 3200 ἐν
357 3149 558 3222 αλλοις
587 3170 650 3198 ον
679 3147 835 3210 αλλο]
875 3157 1110 3225 Oppouitur
1197 3162 1259 3199 Ita
1309 3151 1459 3208 ούτως
1517 3170 1614 3213 post
1670 3162 1892 3214 partieipia
1938 3163 2038 3215 poni

269 3207 340 3256 δι’
363 3205 519 3256 αλλων
539 3214 811 3268 pmeeedenti
841 3227 963 3279 αυτη
987 3209 1107 3256 καθ’
1196 3217 1354 3256 dietum
1377 3225 1440 3257 est
1461 3217 1563 3282 adp
1569 3218 1653 3257 ,61
1681 3215 1726 3257 C.

270 3264 441 3324 αὑτήν
467 3272 521 3311 ita
543 3278 588 3311 ut
610 3270 819 3335 significet
839 3263 908 3310 δι’
932 3265 1110 3325 αἰσθή-
1254 3268 1481 3314 ἔπαθεν
1503 3231 1598 3314 ἀπ’
1621 3287 1773 3314 αυτω
1789 3273 1832 3325 ν]
1857 3273 1925 3314 Sc.
1944 3273 2037 3315 τῶν

271 3339 390 3391 σεων
420 3329 483 3367 vo!
523 3321 606 3392 διᾴ
637 3326 721 3369 τοῦ
758 3320 983 3393 σώματος.
1027 3330 1107 3369 Εο-
1195 3324 1386 3398 ἡδονῶν
1427 3326 1509 3371 καὶ
1553 3323 1717 3384 φόβων
1745 3327 1830 3370 καὶ
1873 3330 2034 3371 λυπῶν

274 3386 369 3426 dem
393 3385 516 3424 modo
551 3379 602 3425 τὸ
636 3377 686 3426 ἐν
716 3378 877 3431 αλλοις
908 3375 962 3424 dv
993 3377 1108 3426 ἄλλο
1195 3384 1277 3427 καὶ
1321 3380 1608 3440 ἐπιθυμιῶν,
1652 3386 1765 3436 quod
1806 3400 1859 3426 ex
1901 3388 2035 3428 venbis

274 3442 499 3495 opponitm
521 3440 583 3498 τῷ
607 3433 731 3482 καθ’
754 3434 887 3491 αὑτό,
920 3450 963 3481 ut
984 3443 1257 3496 i11tel-p1
1247 3444 1543 3484 tec-‚edentibus
1566 3443 1819 3495 cogitatione
1840 3451 2032 3496 1epeteu-
