2222 3762
376 124 541 178 mul

521 265 687 333 Quod
736 265 902 337 igitur
938 266 1102 337 vulgo
1156 265 1395 317 dictitari
1433 266 1602 334 solet,
1637 267 1916 338 ingenium
1952 284 2072 322 esse

376 338 658 408 cuiusque,
687 335 839 406 quod
863 336 1034 407 ipsius
1062 336 1265 406 stylum
1301 335 1375 388 fin
1418 344 1496 406 at,v
1530 338 1849 406 conformet,
1887 345 2071 410 regat3

374 408 433 461 id
485 409 533 462 si
582 408 649 462 de
697 407 808 461 ullo
866 407 976 467 alio
1024 409 1289 477 scriptore
1325 357 1592 462 affirmare
1627 408 1776 477 licet,
1817 416 1965 463 certe
1996 408 2075 462 de

376 480 608 533 Platone
638 478 927 533 dicendum
955 487 1057 546 est,
1079 477 1234 532 cuius
1259 479 1432 532 oratio
1459 479 1834 534 fidelissimam
1870 480 2077 551 ingenii

376 552 492 605 eius
522 551 812 622 imaginem
840 549 1232 621 propemodum
1261 557 1384 603 ante
1410 550 1599 605 oculos
1622 551 1876 609 collocat.
1929 552 2076 607 Nam

374 642 543 693 quum
580 642 612 675 a
647 630 841 676 natura
878 621 1182 692 accepisset
1216 628 1270 673 et
1308 640 1488 675 acrem
1524 622 1703 692 pulcri
1738 623 2068 694 venustique

377 713 596 748 sensum
636 701 690 746 et
725 712 978 764 magnam
1014 693 1125 745 vim
1162 692 1426 746 acuminis
1463 699 1518 746 et
1554 693 1805 747 eximium
1842 694 2075 766 phanta-

375 765 488 819 siae
524 766 788 836 vigorem,
828 763 1132 816 mirandum
1170 762 1418 833 profecto
1455 783 1566 817 non
1604 772 1705 832 est,
1747 765 1897 835 quod
1934 784 2076 835 quae

371 837 544 907 primo
610 834 830 905 quidem
885 842 1113 906 aspectu
1174 835 1403 887 maxime
1465 836 1771 889 contrariae
1820 836 2077 890 videntur

371 907 634 960 orationis
676 906 1257 977 virtuteS„simplex
1294 906 1781 978 perspicuitas
1819 915 1886 962 et
1924 908 2075 962 sub-

370 977 560 1032 limis
603 977 893 1030 audacia
943 996 1066 1030 cum
1118 997 1318 1047 magna
1353 997 1583 1031 rerum
1620 997 1698 1031 ac
1735 978 2075 1033 sententi-

369 1069 561 1103 arum
598 1050 806 1120 copia
844 1056 912 1101 et
962 1049 1330 1119 ubertate,
1365 1068 1460 1102 eae
1501 1049 1828 1104 coniunctae
1865 1051 1922 1103 in
1960 1051 2075 1104 eius

370 1121 710 1175 sermonibus
730 1121 910 1174 inesse
937 1123 1300 1192 reperiuntur.
1373 1119 1591 1192 Quippe
1616 1139 1844 1175 acumen
1867 1121 2075 1194 ingenii

371 1192 719 1262 studiumque
753 1191 1178 1263 perspicuitatis,
1207 1211 1315 1262 quo
1339 1199 1548 1245 tantum
1573 1191 1849 1264 ingenium
1889 1212 2074 1247 carere

373 1272 520 1317 certe
557 1283 667 1316 non
703 1271 936 1335 poterat,
969 1263 1151 1318 effecit
1178 1263 1421 1316 nativam
1444 1263 1591 1319 illam
1616 1273 1671 1317 et
1705 1264 2074 1336 incorruptam

371 1335 792 1406 simplicitatem,
824 1354 963 1405 quae
1001 1336 1232 1389 maxime
1269 1335 1558 1388 verborum
1595 1336 1940 1406 propriorum
1978 1355 2074 1407 ap·-

370 1414 659 1475 torumque
696 1405 914 1460 delectu
952 1414 1116 1476 atque
1164 1406 1399 1460 naturali
1437 1405 1672 1475 quadam
1708 1407 2073 1461 membrorum

368 1485 423 1531 et
449 1477 795 1549 periodorum
824 1485 1099 1532 structura
1125 1477 1458 1532 continetur:
1488 1496 1596 1546 quo
1619 1477 1839 1547 quidem
1858 1479 2073 1532 nomine

370 1549 650 1602 verissime
686 1549 930 1603 rhetores
973 1549 1193 1620 quidam
1234 1559 1466 1618 veteres,
1497 1557 1561 1602 ut
1593 1549 1646 1602 H
1666 1569 2072 1621 ermogenes

368 1621 454 1674 De
487 1620 702 1674 Formis
751 1621 826 1674 II.
870 1623 951 1675 12.
991 1642 1046 1694 p.
1087 1623 1208 1675 505.
1244 1620 1320 1673 II.
1364 1621 1412 1673 3.
1450 1641 1505 1693 p.
1545 1622 1647 1674 387
1688 1619 1773 1674 ed.
1813 1621 1983 1675 Laur.
2023 1623 2072 1676 ei

366 1692 675 1746 tribuerunt
709 1691 772 1746 τὸ
813 1691 1027 1748 ἁπλοῦν
1078 1712 1119 1750 8.
1158 1691 1222 1746 τὸ
1261 1692 1479 1763 ἀφελές.
1554 1692 1763 1745 Verum
1796 1700 1860 1746 ut
1895 1693 2074 1764 philo-

367 1763 571 1835 sophus
609 1783 637 1816 e
675 1764 787 1817 leni
822 1764 930 1818 isto
969 1764 1233 1818 sermonis
1270 1763 1489 1817 flumine
1528 1763 1635 1817 olei
1661 1764 1834 1817 instar
1857 1764 2073 1819 labente

365 1835 567 1906 passim
591 1844 894 1907 emergeret
925 1843 980 1890 et
1016 1843 1331 1907 assurgeret
1367 1834 1439 1888 ad
1476 1834 1761 1888 sublimem
1800 1835 2075 1904 quandam

366 1905 916 1977 grandiloquentiam,
934 1907 1310 1979 magnitudine
1335 1926 1399 1960 ac
1428 1906 1764 1960 sublimitate
1790 1926 2074 1962 sensorum

366 1986 419 2030 et
469 1979 835 2049 cogitatorum
885 1978 1139 2032 effectum
1177 1986 1290 2047 est,
1333 1978 1530 2048 quibus
1566 1985 1760 2049 pectus
1799 1978 1915 2032 eius
1950 1986 2072 2033 tan-

403 2069 526 2102 uam
555 2050 820 2104 instinctu
840 2049 1078 2121 quodam
1091 2050 1276 2104 divino
1294 2050 1561 2120 repletum
1585 2056 1640 2102 et
1662 2049 1926 2121 agitatum
1951 2051 2072 2106 fuit.

365 2069 692 2191 Quanquam
744 2122 886 2175 enim
933 2142 1033 2193 pro
1089 2121 1274 2176 divino
1323 2121 1522 2174 mentis
1576 2121 1824 2175 acumine
1860 2122 2072 2193 perspi-

366 2192 556 2245 cuitati
593 2193 853 2248 orationis
891 2192 1101 2247 studuit
1138 2193 1388 2260 maxime,
1415 2201 1597 2245 tamen
1629 2191 1846 2245 excelsa
1874 2194 2071 2249 mentis

363 2263 578 2318 indoles
615 2265 924 2336 prohibuit,
964 2284 1049 2318 ne.
1083 2272 1299 2336 reperet
1335 2264 1486 2317 humi
1521 2282 1712 2316 rarove
1750 2262 1912 2318 altius
1949 2283 2070 2319 sese

363 2335 666 2404 attolleret,
717 2337 880 2390 immo
942 2355 1064 2390 eum
1127 2335 1199 2389 ad
1249 2335 1513 2407 grandem
1564 2333 1838 2404 quandam
1888 2336 2071 2389 evexit

363 2407 782 2474 sublimitatem,
820 2414 884 2460 ut
933 2426 1026 2460 sae
1069 2426 1096 2459 e
1146 2407 1306 2460 etiam
1356 2405 1425 2458 ad
1464 2413 1748 2477 poetarum
1786 2404 2070 2461 audaciam

363 2496 522 2531 assur
564 2496 652 2530 ere
691 2477 960 2530 videatur.
1028 2427 1182 2531 1IJ‘Iiuc
1219 2478 1390 2548 igitur
1421 2475 1712 2546 splendida
1747 2475 1841 2528 illa
1875 2477 2068 2531 verbo·-

362 2568 482 2601 rum
549 2548 762 2617 nmina,
819 2567 958 2618 quae
1003 2548 1120 2602 eius
1187 2547 1423 2601 sermoni
1480 2547 1753 2618 poeticam
1813 2547 2070 2603 videntur

364 2619 655 2673 conciliare
705 2621 973 2690 speciem3
1023 2619 1151 2673 hinc
1203 2618 1462 2672 audacior
1523 2618 1963 2689 metaphorarum
2014 2627 2070 2674 et

363 2690 745 2761 allegoriarum
800 2710 958 2759 118118,
1013 2691 1109 2758 qui
1159 2709 1551 2760 saepenumero
1601 2690 1732 2744 artis
1791 2691 2068 2762 magistris

362 2761 459 2821 tali
494 2761 813 2815 sublimitati
849 2782 957 2815 non
999 2762 1322 2816 assuefactis
1348 2781 1435 2814 ma
1475 2781 1576 2815 nae
1615 2762 1719 2814 fuit
1755 2759 2066 2833 ostensioni,

362 2832 533 2886 veluti
572 2832 925 2904 Dionysio
975 2834 1063 2886 De
1112 2833 1298 2890 admir.
1348 2854 1398 2886 v.
1437 2781 1739 2886 ffimnosth.
1778 2833 2065 2890 XXVIII.

362 2923 416 2974 p.
458 2905 633 2972 1041.,
660 2903 714 2956 D
733 2905 1021 2957 emetrio
1052 2904 1142 2958 Dc
1169 2905 1388 2958 Elocut.
1417 2905 1465 2974 ξ.
1493 2906 1612 2968 80.;
1652 2903 1778 2958 hinc
1814 2905 2063 2975 poeticus

362 2993 534 3047 paene
571 2975 860 3028 verborum
897 2994 1173 3044 numerus,
1241 2975 1417 3029 ualem
1455 2976 1510 3028 in
1537 2975 1786 3029 Phaedro
1825 2989 1880 3029 et
1903 2975 2063 3048 Sym-

362 3046 520 3118 posio
558 3047 821 3117 imprimis
858 3047 988 3100 licet
1026 2997 1475 3114 animadvertere,
1518 3066 1788 3116 quemque
1820 3049 1931 3117 jam
1968 3066 2062 3101 ve-

363 3125 509 3171 teres
547 3118 810 3190 magistri,
849 3118 1017 3172 veluti
1046 3118 1210 3172 Dem
1232 3118 1456 3172 etrius
1479 3119 1564 3172 De
1588 3118 1807 3172 Elocut.
1847 3121 1896 3185 ξ.
1923 3120 2060 3188 186.,

364 3196 715 3254 notaverunt3
742 3189 868 3243 hinc
882 3189 1118 3259 denique
1147 3189 1374 3244 celerior
1392 3191 1547 3258 quasi
1578 3188 1837 3243 orationis
1865 3207 2060 3244 cursus

366 3261 649 3331 acriorque
689 3262 984 3329 contentio,
1023 3261 1168 3330 quali
1203 3261 1316 3326 fere
1353 3261 1598 3315 instincti
1637 3259 1822 3314 divino
1861 3261 2060 3330 spiritu

366 3340 520 3385 vates
583 3332 943 3401 abripiuntur⁴
1045 3331 1154 3387 Sed
1218 3333 1349 3385 licet
1407 3331 1767 3403 philosophus
1829 3330 2060 3385 subinde
