2158 3718
795 128 1079 187 'PHAEDo
1110 136 1156 200 p.
1190 145 1286 185 114.
1824 143 1932 198 295

139 287 252 357 φίᾳ
290 285 498 348 ἱκανῶς
534 281 919 352 καθηράμενοι
967 279 1106 334 ἄνευ
1143 299 1202 334 τε
1240 280 1515 350 σωμάτων
1551 283 1683 346 ζῶσι
1721 280 1784 335 τὸ
1824 300 1935 335 πα-

143 370 334 439 ράπαν
381 370 460 431 εἰς
503 363 602 420 τὸν
653 367 841 419 ἔπειτα
879 366 1087 435 χρόνον
1125 366 1218 421 καὶ
1257 366 1335 427 εἰς
1380 364 1627 434 οἰκήσεις
1674 367 1754 420 ἔτι
1799 367 1936 420 τού-

137 474 260 509 των
296 454 563 514 καλλίους
600 448 995 519 ἀφικνοῦνται,
1035 446 1099 512 ἂς
1133 446 1266 503 οὔτε
1293 448 1493 520 ῥᾴδιον
1520 449 1772 518 δηλῶσαι
1799 448 1933 504 οὔτε

141 535 175 591 ὁ
213 536 416 607 χρόνος
455 532 647 597 ἱκανὸς
686 534 749 588 ἐν
786 537 862 604 τῷ
900 533 1154 604 παρόντι.

287 625 402 689 Cap.
450 622 614 673 LXIII.
687 615 851 671 Ἀλλόι
887 618 1107 672 τούτων
1155 616 1223 687 δὴ
1270 618 1437 675 ἕνεκα
1475 615 1578 688 χρὴ
1620 609 1703 671 οἷν
1743 619 1934 688 διελη-

139 705 432 774 λύθαμεν,
473 696 519 756 03
557 705 799 772 Σιμμία,
840 706 953 755 πᾶν
990 711 1202 771 ποιεῖν,
1243 700 1379 766 ὥςτε
1419 701 1618 772 ἀρετῆς
1655 703 1749 756 καὶ
1787 722 1934 772 ‹ppo-

136 788 359 857 νήσεως
407 788 472 842 ἐν
518 791 594 859 τῷ
632 790 736 858 βίω
774 795 1093 856 μετασχεῖν
1154 786 1331 840 καλὸν
1367 784 1475 857 γὰρ
1513 784 1575 840 τὸ
1615 779 1799 841 ἆθλον
1837 788 1933 840 καὶ

137 870 176 942 ἡ
218 873 376 935 ἐλπὶς
412 872 643 941 μεγάλη.

113 983 115 985 ·
292 953 367 1009 Τὸ
411 955 516 1025 μὲν
561 949 669 1009 οὖν
720 959 896 1009 ταῦτα
934 957 1395 1024 διισχυρίσασθαι
1432 953 1611 1018 οὕτως
1648 957 1814 1025 ἔχειν,
1855 953 1930 1018 ὥς
1958 966 2003 1008 1)Υ

136 1037 253 1108 ἐγώ
294 1040 632 1108 διελήλυθα,
672 1038 742 1093 οὐ
779 1040 979 1107 πρέπει
1016 1041 1159 1091 νοῦν
1198 1040 1382 1107 ἔχοντι
1420 1035 1592 1108 ἀνδρί
1603 1058 1611 1068 ’
1673 1038 1760 1092 ὅτι
1796 1040 1930 1108 μέν-

133 1143 227 1178 τοι
262 1122 299 1193 ἢ
335 1122 495 1177 ταῦτ’
538 1124 693 1176 ἐστὶν
729 1122 765 1192 ἢ
802 1120 1017 1176 τοιαῦτ’
1057 1120 1194 1174 ἄττα
1239 1125 1369 1193 περὶ
1416 1121 1513 1185 τοὶς
1550 1122 1733 1192 ψυχας
1768 1121 1931 1192 ἡμῶν

132 1208 235 1263 καὶ
271 1205 367 1270 τὰς
404 1205 667 1277 οἰκήσεις,
709 1207 937 1274 ἐπείπερ
977 1203 1267 1261 ἀθάνατόν
1304 1226 1369 1275 γε
1405 1205 1438 1276 ἡ
1477 1205 1627 1276 ψυχὴ
1669 1208 1930 1275 φαίνεται

252 1356 394 1407 ἄνευ
416 1377 473 1406 τε
495 1358 783 1418 σωμάτων]
811 1364 965 1406 Euseb.
988 1369 1028 1403 et
1049 1363 1303 1405 Theodoret.
1327 1355 1448 1405 ἄνευ
1470 1377 1520 1405 τε
1541 1356 1781 1418 καμάτων.

253 1434 358 1488 Cap.
379 1435 530 1475 LXIII.
562 1433 676 1475 πᾶν
717 1431 931 1486 ποιεῖν]
977 1435 1091 1474 Vett.
1125 1435 1242 1474 editt.
1273 1427 1434 1475 πάντα
1462 1446 1539 1487 pro
1567 1432 1680 1483 πᾶν,
1712 1434 1829 1485 quod
1856 1433 1925 1473 hic

135 1497 316 1546 propter
343 1492 538 1532 codicum
571 1491 860 1530 auctoritatem
890 1491 1181 1543 recipiendum
1210 1491 1303 1534 fuit.
1347 1491 1536 1531 Tuentur
1565 1491 1678 1530 enim
1709 1489 1808 1531 πᾶν
1829 1501 1924 1530 eum

139 1548 260 1589 Bodl.
281 1547 379 1588 Vat.
401 1549 510 1589 Ven.
529 1547 576 1588 Π
596 1547 665 1587 alii
687 1547 870 1600 plurimi.

252 1616 303 1660 D.
337 1616 521 1658 ταῦτα
551 1613 1064 1671 διισχυρίσασθαι]
1096 1616 1299 1658 τοιαῦτα
1320 1617 1429 1658 Ven.
1454 1616 1506 1657 Π
1523 1617 1631 1660 Tub.
1655 1622 1693 1655 et
1716 1629 1783 1670 pr.
1806 1615 1925 1657 Boffl.

133 1674 246 1714 Dein
267 1672 653 1728 διισχυρίζεσθαι
677 1673 802 1715 Coisl.
823 1673 922 1714 Vat.
950 1673 1079 1714 Vind.
1104 1673 1142 1714 Φ
1163 1674 1257 1714 Par.
1282 1673 1317 1714 G
1338 1673 1486 1714 Ambr.
1512 1673 1622 1714 Flor.
1648 1673 1688 1715 d.

254 1737 486 1786 τοιαῦτ’
509 1736 674 1796 ἄττα]
695 1743 898 1783 Mendose
920 1741 1065 1796 steph.
1091 1736 1231 1784 ταῦτ’
1253 1736 1391 1786 ἅττα.

128 1883 132 1886 ’
195 1878 600 1938 οἷφιλοσοφία
631 1878 698 1924 ἴκ.
724 1876 990 1936 καθηρά-

132 1939 323 1994 μενοι]
365 1941 436 1992 qui
485 1940 672 1981 animum
722 1952 747 1979 a
796 1940 989 1992 corporis

132 1997 439 2037 communione
461 2004 692 2037 avocarunt
714 2008 893 2045 eumque
914 2007 989 2034 eu-

140 2053 365 2106 piditatum
384 2053 424 2093 vi
441 2053 643 2117 opprimi
639 2064 722 2092 non
739 2052 858 2105 passi
874 2061 988 2094 sunt.

169 2123 254 2163 .Ρ.
277 2110 331 2149 67
355 2109 398 2151 C.
438 2109 507 2148 Ad
536 2121 576 2150 v.
611 2100 729 2149 ἄνευ
753 2120 802 2148 τε
834 2103 988 2160 σωμά-

135 2178 232 2206 των
254 2164 690 2230 olympiodorus:
722 2158 777 2204 αῖ
800 2163 990 2230 καθαρ-

132 2221 307 2263 θεῖσαι
345 2217 513 2268 τελέως
556 2216 622 2267 εἰς
663 2213 748 2260 τὸν
786 2213 988 2284 ὑπερκό·

130 2288 278 2329 σμιον
305 2269 453 2318 τόπον
483 2269 906 2317 αποκαθίστανται
933 2268 988 2314 α’-

134 2345 224 2374 νευ
245 2343 486 2386 σωματων.
527 2333 665 2372 Etiam
687 2343 803 2386 supr}
791 2346 816 2370 ι
836 2344 878 2384 p.
891 2332 943 2372 76
958 2330 987 2370 C

135 2390 270 2429 animi
309 2395 407 2429 ante
446 2388 557 2428 hanc
597 2390 725 2427 vitam
768 2387 986 2427 moitalem

138 2445 338 2486 dicuntur
365 2442 504 2499 χωρὶς
534 2439 760 2498 σωμάτων
782 2443 983 2497 viguisse.

138 2501 289 2541 Valeat
314 2502 443 2554 igitur
478 2501 671 2541 acutulus
707 2501 894 2553 criticus,
913 2499 986 2549 qui

134 2557 357 2599 >Platonem
377 2565 522 2597 censet
538 2557 617 2599 h.l.
639 2557 758 2596 aliter
780 2556 984 2606 sensisse,

139 2614 259 2654 aliter
280 2614 464 2655 locutum
487 2626 596 2655 esse.

198 2669 299 2735 Gap.
321 2669 472 2710 LXIII.
504 2667 619 2710 πᾶν
649 2666 864 2720 ποιεῖν]
896 2669 985 2708 ie.

131 2726 314 2767 omnia
340 2726 534 2773 moliri,
575 2725 707 2765 nihil
743 2725 984 2764 intenta—

138 2789 242 2822 tum
266 2782 534 2846 relinquei
546 2794 581 2825 e
624 2781 902 2833 Frequentius
925 2780 987 2820 di-

139 2840 248 2880 citur
267 2851 428 2880 παντα
448 2839 622 2880 ποιεῖν.
647 2835 984 2880 v.Heindo1·.f

140 2894 198 2934 ad
215 2893 308 2934 11.1.
349 2893 413 2933 Ι)ε
434 2894 642 2935 sententia
664 2907 704 2934 v.
726 2906 776 2960 p.
794 2894 874 2934 107
891 2890 923 2934 C
945 2900 986 2932 et

103 2972 113 2973 ἶ
140 2949 202 2990 De
201 2950 335 3013 Rep.
363 2949 419 2989 X.
450 2963 492 3003 p.
515 2950 596 2990 608
618 2950 694 2991 BC
720 2946 868 3016 μέγας
896 2942 986 3003 γὰρ

139 2999 166 3046 ὃ
190 2996 320 3058 ἄγων
337 3026 389 3034 -
411 3002 496 3046 καὶ
516 2998 614 3058 μὴν
634 3000 694 3046 τοί
714 3018 766 3058 γε
788 3002 987 3059 μέγιστα

132 3054 359 3126 ἐπίχειρα
388 3054 575 3124 αρετῆς
588 3058 671 3102 καὶ
697 3061 989 3114 προκείμενα

140 3105 276 3159 αθλόι
298 3109 355 3158 οὗ
378 3109 890 3182 διεληλύθαμεν.»

199 3168 260 3214 τὸ
283 3167 384 3226 μὲν
406 3161 508 3214 οὖν
530 3186 567 3213 τ.
592 3171 765 3226 διισχ.
770 3170 783 3225 ]
807 3173 859 3212 V.
882 3173 986 3212 Pro-

142 3229 225 3296 leg.
252 3242 295 3282 p.
327 3230 396 3270 53.
447 3229 554 3268 Tim.
587 3241 628 3281 p.
651 3230 704 3269 29
729 3231 758 3268 U
791 3221 877 3270 ἐὰν
902 3217 990 3269 οὖν

140 3299 210 3350 μη
260 3282 463 3327 δυνατοὶ
488 3277 791 3350 γιγνώμεθα
834 3297 990 3338 παντῃ

133 3335 331 3390 παντως
354 3333 531 3388 αὐτοὺς
548 3334 714 3388 αὐτοῖς
731 3334 990 3406 ὁμολογου-

136 3392 341 3465 μένους
348 3390 400 3438 λό
433 3410 516 3445 ους
545 3393 628 3438 καὶ
658 3389 990 3461 ᾄπηκριβωμέ-

134 3465 256 3501 move
293 3446 386 3494 ἄπο
421 3452 581 3506 οὖναι,
619 3446 683 3507 μὴ
714 3445 988 3506 θαυμασῃς,

1077 1875 1184 1924 αλλ’
1208 1897 1268 1924 αν
1290 1876 1383 1935 ἄρα
1405 1876 1633 1949 μηδενὸς
1642 1872 1787 1935 ἧττον
1806 1893 1927 1946 παρ·

1078 1933 1300 2005 εχιόμεθα
1326 1933 1578 1987 εἰκότας,
1586 1932 1800 2005 οἷγαπᾶν
1819 1930 1926 2006 χρή,

1076 1991 1430 2060 μεμνημένους,
1474 1989 1536 2042 ὦς
1576 1989 1601 2035 ὃ
1632 1991 1795 2063 λέγων
1836 1987 1925 2063 ἐγω

1077 2045 1217 2104 υμεῖς
1239 2063 1289 2092 τε
1310 2048 1394 2092 καὶ
1421 2045 1470 2091 οἰ
1487 2047 1647 2115 κριταὶ
1670 2045 1819 2102 φύσιν
1841 2063 1927 2090 ow·-

1076 2103 1363 2171 θρωπίνην’
1346 2103 1529 2174 ε’χομεν,
1548 2098 1664 2154 ὦςτε
1685 2103 1794 2172 περὶ
1817 2099 1925 2147 τού-

1077 2177 1169 2204 των
1192 2159 1290 2204 τὸν
1314 2158 1514 2204 εἰκότα
1535 2161 1728 2227 μῦθον
1749 2155 1925 2205 ἀποδε-

1075 2216 1307 2287 χομένους
1347 2215 1516 2272 πρέπει
1557 2212 1729 2259 τούτου
1771 2213 1926 2272 μηδεν

1076 2272 1145 2317 ἔτι
1166 2271 1287 2325 πέρα
1311 2274 1484 2328 ζητεῖν
1522 2275 1700 2316 phaedr.
1722 2286 1764 2326 p.
1787 2275 1869 2314 246
1888 2275 1926 2314 A

1074 2328 1183 2384 περὶ
1225 2326 1278 2372 δε
1319 2330 1404 2384 τῆς
1445 2325 1580 2396 ἰδέας
1605 2322 1782 2398 αυτῆς
1829 2318 1924 2370 ωδε

1076 2383 1265 2429 λεκτέον
1307 2382 1409 2428 οἷον
1458 2382 1547 2445 μέν
1596 2379 1718 2438 εστι,
1768 2399 1926 2450 παντῃ

1073 2439 1260 2490 παντως
1289 2442 1432 2490 θείας
1465 2437 1590 2483 εἶναι
1618 2439 1702 2483 καὶ
1737 2440 1925 2507 μακρᾶς

1075 2493 1361 2553 διηγήσεως
1403 2488 1439 2556 ᾧ
1483 2494 1536 2540 δὲ
1579 2493 1796 2550 ἔοικεν,
1840 2510 1925 2539 αν-

1073 2555 1326 2621 θρωπίνης
1344 2567 1394 2596 τε
1412 2542 1499 2596 ’καὶ
1521 2547 1786 2602 ἐλάττονος.
1809 2547 1926 2595 ταύ-

1072 2627 1128 2666 τῃ
1157 2600 1246 2653 οὖν
1277 2607 1326 2653 λέ
1360 2624 1499 2678 ωμεν.
1542 2612 1673 2676 Legg.
1696 2611 1749 2650 X.
1774 2623 1816 2663 p.
1840 2611 1925 2651 897

1074 2669 1106 2708 D
1148 2664 1253 2709 οἷον
1294 2681 1314 2709 ε
1340 2681 1361 2715 ς
1389 2663 1530 2731 ηλιον
1569 2660 1924 2733 ἀποβλέποντες

1072 2717 1388 2792 ποιησωμεθα
1437 2717 1527 2775 τὴν
1570 2716 1831 2788 ἀπόκρισιν
1868 2743 1923 2750 -

1072 2775 1190 2847 πρὸς
1213 2775 1266 2821 δε
1291 2773 1492 2822 εἰκόνα
1513 2778 1597 2821 τοῦ
1619 2772 1923 2845 ἐρωτωμένου

1075 2833 1338 2890 βλέποντας
1379 2828 1734 2891 ασφαλέστερον
1784 2828 1923 2888 ὁρᾶν

1072 2894 1134 2934 De
1161 2894 1267 2946 Rep.
1293 2893 1366 2932 IX.
1389 2905 1431 2945 p.
1457 2893 1539 2932 588
1562 2890 1594 2934 C
1623 2905 1717 2943 sqq.
1747 2891 1802 2931 al.
1849 2891 1921 2930 At-

1075 2961 1156 3000 que
1186 2950 1238 2990 ad
1267 2949 1375 2990 hano
1398 2949 1604 2988 rationem
1627 2949 1773 3000 exigas
1798 2947 1924 2986 etiam

1075 3017 1184 3057 quae
1212 3017 1340 3058 supra
1367 3017 1410 3057 Ρ.
1444 3005 1525 3046 108
1545 3005 1581 3045 D
1620 3012 1659 3043 et
1692 3005 1770 3044 110
1793 3003 1824 3041 Β
1861 3001 1922 3041 Ιε·

1075 3069 1243 3114 guntur.
1289 3060 1486 3102 Ceterum
1515 3060 1653 3100 forma
1680 3071 1729 3099 ao
1758 3058 1924 3110 speeies

1077 3119 1279 3158 orationis
1301 3117 1515 3158 simillima
1538 3124 1601 3156 est
1605 3127 1750 3181 supra
1771 3126 1813 3166 p.
1825 3115 1878 3154 63
1892 3112 1923 3152 C·

1076 3170 1159 3214 καὶ
1188 3172 1328 3214 τοῦτο
1356 3186 1444 3226 μεν
1474 3165 1561 3213 οὐκ
1598 3163 1658 3211 ὃὶν
1689 3168 1924 3233 διισχυρι-

1076 3229 1275 3295 σαίμην·
1312 3221 1386 3270 ότι
1409 3225 1576 3294 μέντοι
1604 3239 1734 3290 παρα
1771 3218 1924 3271 θεοὺς

1077 3284 1311 3348 δεσποτας
1351 3298 1482 3325 πανυ
1514 3275 1734 3346 ἀγαθοὺς
1767 3272 1920 3342 ήξειν,

1077 3354 1130 3382 ευ
1160 3340 1276 3406 ἴστε,
1311 3335 1410 3391 ὅτι,
1444 3339 1574 3390 εἴπερ
1603 3352 1647 3378 τι
1675 3330 1790 3378 ἄλλο
1827 3333 1920 3376 τῶν

1075 3391 1320 3450 τοιούτων,
1344 3393 1734 3448 διισχυρισαίμην
1754 3383 1815 3433 ἂν
1835 3388 1922 3431 καὶ

1075 3452 1216 3494 τοῦτο
1253 3461 1293 3493 et
1327 3453 1496 3492 Menon.
1532 3463 1572 3504 p.
1596 3451 1650 3492 86
1673 3449 1704 3490 Β
1739 3445 1822 3490 καὶ
1859 3459 1925 3488 τα
