2158 3718
332 193 749 267 APOLOGIA
788 211 1188 267 SOCRATIS.
1234 213 1291 263 P.
1335 215 1418 265 1:33.
1461 213 1538 267 st.
1695 217 1792 267 133

96 373 264 432 μοῖρα
291 360 584 432 ἀνθρώπῳ
611 362 701 413 καὶ
720 358 914 414 ὁτιοῦν
934 358 1221 426 προςὲταξε
1252 356 1527 428 πράττειν.
1583 362 1796 421 Ίαῦτα,

97 441 136 499 ὦ
184 446 380 517 ἄνδρες
416 445 755 510 Ἇι’·)ηναῖοι,
816 465 906 496 και
952 444 1150 509 ἀληθῆ
1197 449 1311 496 ἐστι
1354 446 1443 495 καὶ
1491 441 1792 511 εὐέλεῑκτα.

97 537 141 585 εὶ
185 529 294 599 γὰρ
338 526 404 595 δὴ
453 533 613 598 ἔγωγε
661 530 771 582 τῶν
816 533 952 582 νέων
997 527 1125 590 τοὺς
1156 530 1257 596 μὲν
1285 529 1619 602 διαφθείρω,
1664 526 1795 591 τοὺς

98 619 168 668 ὸὲ
198 617 641 688 ὃιὲφθαρκα,χ
606 616 750 684 χρῆν
809 612 1016 678 δήπου,
1075 612 1178 665 εἴτε
1236 614 1379 674 τινὲς
1422 609 1608 664 αὐτῶν
1653 632 1794 707 πρε-

98 699 356 770 σβύτεροι
398 698 680 767 Jsvopaesvoc
724 700 994 764 ἔγνωσαν,
1044 693 1144 750 ὅτι
1200 701 1339 758 νέοις
1402 713 1559 750 ουσιν
1603 695 1797 758 αὐτοῖς

97 781 198 850 ἐγώ
247 778 420 835 κακὸν
465 780 689 836 πώποτὲ
714 802 766 833 τι
791 777 1206 862 ξυνεβούλευσα,
1251 782 1373 833 νυνὶ
1404 777 1613 843 αὐτοὺς
1655 777 1796 835 olva-

96 870 399 938 βαίνοντας
453 869 587 936 ἐμοῦ
651 876 977 935 κατηγορεῖν
1032 867 1123 918 καὶ
1183 868 1580 935 τιμωρεῖσθαι·
1640 870 1685 918 εἰ
1740 867 1795 919 δὲ

101 951 176 1021 μὴ
233 949 394 1004 αὐτοὶ
455 947 702 1016 ἤθελον,
756 951 867 1002 τῶν
925 952 1139 1002 οἰκείων
1196 946 1353 1010 τινας
1412 951 1522 1001 τῶν
1565 953 1797 1013 ἐκείνων,

105 1041 347 1106 πατέρας
385 1036 478 1087 καὶ
524 1031 799 1107 ἀδελφοὺς
841 1036 934 1086 καὶ
977 1029 1181 1094 ἄλλους
1225 1030 1356 1095 τοὺς
1398 1030 1796 1102 προςήκοντας,

102 1119 250 1191 εἴπερ
293 1115 391 1171 ὑπ’
439 1121 573 1186 ἐμοῦ
619 1138 669 1169 τι
716 1113 889 1170 κακὸν
934 1113 1327 1170 ἐπεπόνθεσαν
1384 1115 1572 1169 αὐτῶν
1619 1121 1672 1169 οἱ
1718 1123 1797 1171 οὶ·-

101 1214 269 1267 κεῒοι,
332 1203 436 1256 νῦν
494 1203 841 1271 μεμνῆσθαι.
897 1199 1122 1262 παντως
1181 1202 1237 1253 δὲ
1298 1198 1552 1271 πάρεισιν
1609 1200 1797 1254 αὐτῶν

102 1339 291 1381 servavit
325 1337 485 1379 Bekk.
1608 1378 1610 1380 a

219 1398 268 1438 Ι).
332 1398 462 1446 ἐμοῦ
498 1412 549 1435 τι
589 1394 756 1433 κακὸν
799 1395 900 1447 ἔτι]
945 1394 993 1434 V.
1037 1392 1167 1433 κακόν
1205 1410 1274 1446 τι,
1316 1395 1433 1446 quod
1476 1410 1499 1435 e
1544 1395 1666 1438 Bod!
1702 1395 1796 1434 Vat.

102 1455 210 1496 Ven.
244 1456 284 1498 b.
314 1453 446 1497 Coisi.
478 1452 607 1493 vind.
643 1453 684 1496 1.
719 1453 760 1495 3.
793 1452 834 1496 4.
871 1454 910 1496 6.
946 1452 1062 1494 Flor.
1095 1452 1134 1491 d.
1171 1465 1209 1492 e.
1239 1466 1280 1505 g.
1313 1453 1352 1494 h.
1384 1454 1482 1494 Par.
1512 1453 1665 1494 DST.
1697 1466 1796 1494 mu·

103 1518 259 1553 tatum.
321 1512 427 1551 Dein
469 1515 576 1552 vett.
616 1512 738 1554 editt.
779 1512 821 1550 οἱ
857 1510 999 1551 αὐτῶν
1043 1508 1212 1560 οἰκεῖοι,
1252 1511 1367 1562 quod
1400 1512 1503 1552 item
1537 1524 1590 1552 ex
1622 1512 1798 1565 optimis

102 1571 300 1612 omnibus
331 1564 607 1610 mutavimus.

213 1632 270 1669 νῦ
285 1642 304 1665 ν
342 1626 693 1680 μεμνῆσθαι]
737 1628 785 1667 V.
818 1624 988 1665 additur
1018 1624 1088 1664 καὶ
1123 1628 1438 1678 τιμωρεῖσθαι,
1480 1625 1597 1678 quod
1627 1627 1798 1676 glosse-

104 1699 172 1726 ma
204 1686 328 1726 abest
359 1686 399 1724 in
433 1683 560 1726 vind.
593 1684 635 1726 2.
665 1683 708 1726 3.
753 1683 865 1723 Flor.
898 1697 936 1724 a.
971 1683 1009 1725 b.
1042 1695 1078 1724 c.
1117 1696 1152 1724 e.
1185 1683 1209 1723 i.
1249 1683 1355 1724 Zitt.
1389 1685 1486 1724 Par.
1523 1684 1721 1726 BCEH.
1753 1697 1795 1736 g.

102 1744 236 1784 Coisi.
271 1745 379 1796 Aug.
411 1743 522 1783 Ven.
553 1742 605 1784 Δ.
666 1742 906 1782 Servarunt
934 1746 1079 1782 tamen
1111 1740 1386 1783 ‘Furicenses
1449 1742 1559 1782 Alibi
1593 1748 1660 1782 est
1687 1756 1794 1794 μνη-

101 1815 299 1841 &mautr-

218 1857 420 1898 πολλοὶ
450 1855 748 1909 ἐνταυθοῖ]
785 1858 958 1909 Aliquot
992 1855 1082 1896 iibri
1115 1856 1328 1898 ἐνταῦθα,
1361 1855 1485 1897 maie.

1830 521 1883 573 D

103 1972 333 2013 ‹iacissime
358 1971 551 2025 scripsit:
582 1970 908 2024 ἐξεταζομένων

104 2034 201 2070 τῶν
247 2031 515 2081 οἰομένων
557 2053 613 2059 --
659 2034 823 2083 σοφῶν
854 2052 908 2059 -

103 2087 259 2127 ὄντων
301 2086 345 2126 δ’
390 2086 457 2126 οὔ.
531 2087 639 2128 Nam
683 2088 804 2137 quis,
847 2086 908 2126 in-

103 2145 222 2197 quit,
252 2142 424 2184 ἆιιοιῖειν
455 2157 638 2197 unquam
674 2145 778 2184 vidit
812 2156 907 2184 cum

105 2201 286 2242 dativo?
348 2200 554 2242 Nimirum
595 2215 674 2242 nec
717 2213 797 2241 nos
831 2213 910 2240 un·

105 2273 232 2312 quam
267 2258 464 2299 vidimus.
523 2258 612 2298 Sed
644 2271 747 2309 cur,
779 2258 910 2298 obse-

106 2330 206 2367 cr0,
248 2316 386 2357 bonus
426 2315 554 2356 homo
603 2328 725 2356 snum
778 2315 910 2368 ipsius

110 2386 301 2414 errorem
353 2379 561 2425 protenus
606 2373 777 2413 Platoni
828 2373 909 2412 ob-

107 2430 268 2473 trusit?
330 2431 559 2472 Enimvero
604 2430 776 2471 dativus
826 2442 908 2470 non

109 2502 163 2530 ex
198 2485 447 2538 ἀκούοντες,
495 2487 572 2529 sed
615 2501 667 2529 ex
706 2488 912 2542 χαίρουσι

111 2547 294 2600 pendet,
347 2558 524 2599 prorsus
565 2545 720 2587 eodem
763 2544 911 2595 modo,

107 2617 194 2657 quo
233 2603 404 2644 dativus
434 2616 648 2656 personae
686 2601 783 2643 huic
813 2615 911 2643 ver·
973 2634 980 2641 .

111 2664 166 2702 bo
209 2660 384 2701 additus
427 2666 508 2701 est.
572 2660 707 2713 Hipp.
742 2661 839 2701 mai.
871 2674 911 2713 p.

111 2717 209 2762 285.
241 2723 372 2762 extr.:
412 2717 589 2763 εἰκότως
627 2731 696 2757 σοι
729 2719 912 2770 χαίρου-

113 2793 179 2816 σιν
209 2775 251 2815 οἱ
279 2776 622 2828 Λακεδαιμονίοι
661 2771 735 2814 ὅτε
767 2773 908 2815 πολλὰ

111 2830 262 2876 εἰδότι.
295 2855 344 2863 ---
419 2834 521 2872 οὐκ
561 2832 748 2885 ἀηδές,
788 2831 825 2872 h.
875 2845 912 2874 e.

112 2903 200 2933 res
231 2890 584 2943 lepidissima
617 2894 674 2930 et
705 2889 914 2930 suavis-

111 2950 262 2990 sima.
301 2948 474 2989 Litotes
505 2947 666 2988 ironiae
696 2948 915 3000 eleganter

113 3011 416 3059 attemperata.

172 3067 340 3103 τοῦτο
391 3085 444 3092 -——
505 3065 915 3115 προςτέτακται

116 3122 257 3162 Inteii.
286 3120 336 3160 τὸ
372 3117 593 3168 ἐξετάζειν,

173 3177 260 3217 καὶ
308 3176 628 3230 εὐέλεγκτα]
674 3173 915 3229 Εὖέλεγκτα

117 3236 314 3276 dicuntur
354 3236 607 3288 plerumque
655 3245 796 3285 quae
842 3232 915 3273 fa·

118 3293 226 3333 nile
297 3298 535 3345 possunt
608 3289 790 3332 refelli
864 3294 916 3331 et

119 3350 398 3402 convinci3
441 3362 665 3402 quornm
699 3346 914 3388 vanitas

121 3407 236 3447 sine
275 3409 390 3449 ιιΙΙο
423 3408 653 3460 negotio
685 3403 913 3446 ostendi

120 3469 318 3517 potest.
380 3464 469 3506 Sed
502 3465 540 3507 h.
571 3466 595 3506 Ι.
627 3462 915 3515 intelliguntur

994 1984 1059 2020 ea,
1085 1982 1220 2022 quae
1249 1967 1414 2011 facile
1446 1975 1680 2023 possunt
1711 1975 1795 2011 exss

995 2029 1226 2081 plorari,
1275 2033 1453 2069 utrum
1503 2042 1634 2069 vera
1683 2029 1797 2069 sint

994 2097 1184 2126 necne·
1255 2084 1423 2126 Etenim
1484 2086 1669 2139 ἐλέγχειν
1710 2098 1794 2126 non

995 2145 1132 2184 sotum
1185 2142 1397 2193 significat
1447 2143 1794 2195 redarguere,

996 2199 1355 2250 convincere,
1407 2200 1483 2241 sed
1536 2201 1663 2242 etiam
1711 2214 1795 2242 ex-

995 2258 1246 2310 plorare,
1297 2258 1635 2308 examinare,
1679 2257 1799 2298 vide-

995 2315 1096 2355 licet
1130 2327 1182 2354 eo
1213 2314 1414 2366 consilio,
1446 2320 1492 2355 ut
1517 2317 1698 2356 aiterum
1731 2328 1799 2356 er-

995 2372 1104 2412 roris
1136 2372 1377 2414 convincas.
1440 2371 1535 2414 Non
1581 2374 1692 2414 maie
1723 2373 1799 2426 igi-

995 2436 1064 2469 tur
1092 2429 1391 2470 Serranus:
1431 2443 1577 2482 quae
1618 2429 1802 2471 redar-

997 2486 1087 2539 gui
1133 2488 1379 2539 possint,
1431 2488 1475 2528 si
1523 2500 1623 2530 non
1671 2500 1801 2529 vera

996 2545 1118 2585 sint.

1055 2630 1106 2670 D.
1167 2630 1214 2669 εἰ
1256 2629 1309 2670 δὲ
1347 2629 1413 2683 μὴ
1465 2629 1636 2670 αὐτοὶ
1674 2628 1800 2681 ἤθε-

999 2687 1123 2740 λον]
1181 2687 1298 2727 Male
1350 2687 1643 2730 Fischerus
1682 2688 1721 2727 εἴ
1754 2699 1801 2741 γε

997 2744 1055 2799 μὴ
1108 2745 1304 2797 scripsit;
1365 2747 1477 2788 male
1525 2747 1630 2787 item
1682 2745 1801 2786 Hir-

999 2801 1165 2855 schig.
1209 2814 1286 2854 pro
1327 2804 1412 2843 εἴτε
1444 2805 1550 2849 τινὲς
1582 2802 1703 2844 dedit
1738 2804 1799 2842 εἴ-

997 2874 1075 2911 περ
1121 2862 1245 2902 τινὲς.
1318 2859 1427 2902 Nam
1469 2862 1508 2901 εἰ
1546 2861 1590 2902 δὲ
1642 2859 1799 2902 eodem

999 2915 1132 2958 modo
1183 2922 1284 2970 post
1330 2918 1416 2958 εἴτε
1468 2919 1673 2970 infertur,
1714 2929 1801 2969 quo

998 2975 1181 3028 simplex
1222 2975 1267 3014 δὲ
1305 2980 1404 3027 post
1446 2977 1491 3016 τὲ
1531 2980 1665 3028 atque
1703 2972 1805 3016 οὐδὲ

999 3037 1102 3085 post
1131 3031 1234 3072 οὔτε
1265 3032 1500 3083 subiicitur,
1536 3034 1589 3075 de
1621 3045 1706 3085 qua
1738 3033 1804 3072 lo-

998 3089 1154 3140 quendi
1193 3090 1331 3130 forma
1368 3102 1407 3130 v,
1439 3091 1493 3131 ad
1526 3104 1622 3142 cap.
1656 3089 1717 3130 IV
1751 3090 1804 3130 iu.

1000 3146 1117 3187 Infra
1149 3160 1184 3188 c.
1214 3146 1294 3190 32·
1327 3145 1399 3186 καὶ
1447 3147 1532 3188 εἴτε
1571 3147 1622 3199 δὴ
1669 3147 1806 3218 μηδε-

999 3205 1078 3263 μία
1117 3205 1321 3254 οἵσθησίς
1359 3205 1471 3245 ἐστιν
1502 3231 1558 3236 -—
1589 3206 1624 3245 εἰ
1667 3203 1707 3245 δ’
1744 3220 1797 3244 αυ

1000 3266 1099 3302 οἱον
1130 3259 1429 3316 ἀποδημῆσαι.

1058 3344 1309 3401 πάρεισιν
1370 3371 1423 3378 -
1491 3345 1803 3397 ἐνταυθοῖ]

1003 3405 1038 3445 Η
1058 3403 1341 3459 esychius:
1385 3407 1609 3446 ἐνταυθοῖ·
1654 3407 1804 3443 ἐνταῦ-

1004 3464 1082 3502 θα.
1113 3460 1209 3504 Noii
1227 3462 1418 3507 credere.
1450 3463 1625 3505 Etenim
1655 3473 1805 3513 quem-
