2158 3718
313 157 415 226 ege
922 159 1338 212 PLATole

311 323 465 372 σειςς,
498 301 741 372 Τάληθῆ
786 305 909 376 ἐρῶ.
951 299 1074 357 ἀλλ’
1126 299 1252 375 ὅρα,
1296 310 1342 361 εὶ
1372 309 1592 380 παρίης.
1673 305 1841 364 Ἀλλὰ
1865 312 1995 382 μὲν·

313 409 400 444 τοι
443 386 512 444 τοὶ
557 409 617 458 γε
659 386 857 455 ἀληθῆ
914 390 1150 457 παρίημι
1208 389 1300 442 καὶ
1353 389 1546 446 κελεύω
1603 394 1792 463 λέγειν.
1882 392 1996 451 Οὐκ

313 469 391 528 ’ἂν
432 472 755 550 φθάνοιμι,
782 477 953 531 εἰπεῖν
983 467 1083 526 τὸν
1121 469 1491 542 Ἀλκιβιάδην.
1534 479 1627 532 καὶ
1667 481 1856 547 μέντοι
1899 475 1994 534 οὑ-

315 559 446 613 τωσὶ
487 561 742 622 ποίησον.
804 552 903 610 ἐάν
947 575 1001 610 τι
1042 551 1119 627 μὴ
1161 554 1380 623 ἀληθὲς
1421 559 1581 628 λέγω,
1635 558 1837 632 μεταξὺ
1881 567 1996 618 ἑπι-

313 643 522 713 λαβοῢ,
582 636 655 694 ὁὲν
710 636 914 716 βούλῃ,
973 641 1068 694 καὶ
1128 645 1274 705 εἰπέ,
1330 638 1426 697 ὅτι
1471 646 1638 699 τοῦτο
1680 645 1994 719 ψεύδομαι

169 732 276 782 215
312 725 448 782 ἑκών
487 720 595 796 γὰρ
639 717 780 779 εἶναι
826 720 986 778 οὐδὲν
1007 720 1307 800 ψεύσομαι.
1351 722 1450 781 ἐὰν
1472 733 1662 799 μέντοι
1683 727 1998 803 ἀναμιμνη-

314 806 581 886 σκόμενος
624 802 764 863 ἄλλο
810 804 1065 864 ἄλλοθεν
1109 811 1274 878 λέγω,
1322 813 1512 881 μηδὲν
1537 811 1867 890 θαυμάσῃς·
1913 813 1995 872 οὐ

314 892 429 966 γάρ
469 913 523 948 τι
567 890 765 965 ῥᾴδιον
811 887 914 959 τὴν
957 888 1061 959 σὴν
1103 890 1347 950 ἀτοπίαν
1388 886 1483 950 ὧδ’
1540 900 1720 969 ἔχοντι
1751 895 1998 972 εὐπόρως

226 1023 228 1028 f
307 981 401 1035 καὶ
431 977 635 1050 ἐφεξῆς
673 978 1117 1048 καταριθμῆσαι.

434 1058 576 1139 Cap.
625 1057 892 1116 XXXII.
977 1059 1262 1134 Σωκράτη
1307 1059 1348 1116 δ’
1397 1047 1498 1133 ἐγω
1527 1069 1789 1130 ἐπαινεῖν,
1831 1055 1872 1119 ὦ
1898 1060 1996 1123 ἄν·

309 1150 464 1220 δρες,
510 1142 687 1209 οὕτως
727 1140 1075 1219 ἐπιχειρήσω,
1133 1143 1208 1200 δι’
1261 1145 1499 1203 εἰκόνων.
1545 1140 1711 1212 οὗτος
1748 1150 1851 1220 μὲν
1895 1141 1997 1204 οὖν

310 1235 436 1296 ἴσως
497 1229 744 1299 οἰήσεται
800 1232 888 1284 ἐπὶ
944 1225 1014 1283 τὰ
1059 1229 1407 1302 γελοιότερα,
1467 1235 1616 1288 ἔσται
1656 1230 1707 1287 δ’
1758 1230 1790 1300 ἡ
1839 1230 1997 1290 εἰκὼν

422 1396 476 1438 Ρ.
508 1393 611 1437 215.
673 1397 793 1439 τοῖς
831 1394 1124 1452 Σειληνοῖς
1154 1394 1222 1449 τ.]
1263 1394 1385 1446 σινλη
1364 1397 1454 1440 νῖος
1483 1393 1612 1436 Bodl.
1648 1395 1743 1438 vat.
1773 1393 1826 1438 Δ
1858 1396 1994 1440 Cois!

309 1453 415 1494 Ven.
430 1453 478 1496 Ξ.
497 1450 622 1493 vind.
638 1451 679 1493 2.
690 1451 797 1491 ffPar
808 1449 863 1491 E.
886 1453 992 1506 Ang.
1008 1464 1048 1491 ιι
1067 1465 1117 1493 w.
1146 1452 1239 1494 Vat.
1257 1465 1296 1493 n.
1309 1465 1344 1492 s
1376 1449 1495 1494 Flor.
1518 1465 1556 1493 a.
1567 1451 1606 1493 b.
1623 1465 1659 1493 c.
1672 1452 1698 1496 i.
1731 1458 1995 1496 constanter.

303 1510 588 1566 ἐρμογλυφίοι
592 1524 610 1554 ς
638 1508 739 1549 Par.
753 1508 805 1549 Ε
831 1509 978 1551 Ambr.
999 1514 1105 1562 Ang
1122 1522 1164 1551 ιι.
1188 1510 1284 1552 Vat.
1297 1521 1340 1550 ιι.
1351 1522 1385 1550 ι·.
1409 1507 1634 1551 Flor.a.b.
1653 1510 1788 1554 c.i.n.
1819 1510 1998 1554 Scilicet

299 1570 343 1610 Ξῖ
373 1570 472 1610 olim
505 1579 584 1621 per
616 1565 637 1606 ῖ
664 1581 805 1620 μακρο
785 1581 834 1605 ον
864 1566 991 1607 scribi
1021 1567 1195 1608 solitum
1243 1580 1283 1607 v.
1319 1578 1414 1611 ann.
1449 1566 1505 1608 ad
1528 1564 1627 1611 212.
1664 1567 1715 1612 C.
1751 1581 1792 1624 p.
1814 1567 1914 1612 216.
1941 1570 1996 1643 D.

300 1626 400 1670 221.
430 1627 484 1668 D.
515 1623 584 1666 ubi
616 1635 846 1677 perperam
876 1622 1030 1663 αὔλιον
1061 1625 1265 1665 scribunt.

417 1684 469 1726 B.
531 1679 644 1722 οὐδ’
678 1678 813 1720 αὐτο
793 1695 851 1726 ος
881 1679 1057 1732 δήπου
1087 1677 1565 1736 ἄμφιςβητήσαις]
1596 1680 1699 1723 Hoc
1719 1679 1996 1738 ἆμφιςβητή-

301 1756 373 1782 σαι
360 1756 398 1788 ις
429 1740 466 1782 si
496 1751 644 1781 verum
676 1726 760 1790 est,
791 1742 865 1780 aut
897 1736 995 1780 ουδ’
1028 1755 1082 1779 αν
1109 1738 1248 1787 αὐτός
1278 1738 1585 1792 scribendum,
1600 1743 1674 1780 aut
1707 1739 1996 1795 interpretan-

360 1851 468 1896 Οὔκ
508 1869 569 1893 αν
613 1850 923 1908 φθάνοιμι]
985 1853 1102 1898 Sta-

300 1914 394 1954 tim
423 1910 649 1952 initium
682 1908 893 1952 faciam.

358 1971 408 2011 Ρ.
430 1969 529 2014 215.
569 1967 628 2009 ου’
661 1966 760 2023 γάρ
792 1983 848 2008 τι
878 1966 1098 2023 ῥᾴδιον]

298 2040 410 2069 nam
451 2026 771 2068 11aud2sane
810 2025 981 2068 facile
1016 2030 1102 2066 est

298 2087 488 2127 mirum
518 2083 795 2136 ingenium
827 2089 975 2125 tuum
1013 2096 1101 2125 ex·-

297 2142 494 2197 pedite
547 2146 598 2182 et
650 2141 838 2182 ordine
896 2140 1102 2182 descri-

298 2201 451 2253 bere,
490 2198 834 2254 praesertim
891 2197 1102 2240 homini

294 2258 373 2299 sic
421 2271 480 2299 se
519 2256 774 2309 habenti,
824 2255 865 2298 Ιι.
905 2269 943 2298 e.
991 2256 1102 2297 ine-

294 2316 496 2357 briato.
539 2313 605 2356 De
644 2327 683 2357 v.
725 2311 890 2354 ἀτοπία
922 2326 961 2355 v.
992 2312 1101 2356 infra

294 2386 337 2427 p.
355 2372 454 2416 221.
487 2372 537 2413 D.

350 2428 527 2475 οὕτως
598 2426 958 2500 ἐπιχειρήσω,
1027 2425 1097 2469 δι’

293 2486 593 2541 εἰκόνων]
652 2487 772 2528 Istud
824 2483 887 2527 δι’
929 2482 1099 2526 εἰκόνων

294 2558 551 2599 praegresso
586 2542 726 2588 οὕτως
768 2556 846 2598 per
876 2555 1098 2596 epwxege

294 2604 363 2644 sin
392 2602 599 2645 additum.
633 2603 686 2645 P.
697 2601 796 2646 207.
819 2602 879 2642 D.
910 2598 1095 2641 δύναται

292 2661 335 2701 δὲ
353 2658 573 2714 ταύτημό
577 2674 665 2711 ν,ον
683 2664 738 2711 τῇ
760 2662 928 2713 γενέσει.
954 2657 1095 2726 Legg.

293 2719 327 2760 Ι
356 2730 396 2770 p
416 2702 516 2758 633.
548 2717 607 2757 D·
646 2716 840 2769 οἶμαιμ
811 2717 884 2767 μὲν
924 2711 1093 2765 οὕτω,

289 2773 401 2826 πρὸς
431 2788 511 2812 ‘tau
490 2777 574 2813 ῦτα
605 2788 653 2812 συ
631 2771 846 2825 ύμπαντα
884 2770 951 2810 De
982 2769 1093 2822 Rep.

293 2830 404 2872 vlu.
417 2829 515 2874 559.
531 2829 580 2870 Ε.
592 2829 692 2872 551.
705 2829 756 2870 C.
771 2827 847 2869 lX
859 2824 959 2871 596
984 2827 1092 2866 Ari-

288 2886 461 2943 stoph.
494 2887 633 2929 Rann.
666 2897 707 2926 v.
739 2883 848 2928 624.
892 2898 942 2922 ov
922 2880 1009 2923 ιδ’-τω
1047 2883 1093 2924 δὲ

291 2943 496 2999 βασάνιζ’,
535 2940 840 2998 ἀπαγαγών.
894 2940 1091 2982 Cicero

291 3002 552 3046 ΒοΟιιιῐΗΙ
585 2999 791 3053 23,108.
845 2997 972 3042 Nam
1005 3011 1092 3040 ars

288 3061 371 3102 ita
401 3059 694 3110 definitur,
723 3062 780 3098 ut
810 3056 974 3110 paulo
1006 3068 1090 3098 an-

292 3124 345 3160 te
384 3118 642 3173 exposuit
681 3113 974 3166 Antonius,
1026 3127 1088 3155 ex

291 3178 462 3218 rebus
500 3173 780 3230 perceptis
818 3172 1089 3226 planeque

291 3247 428 3287 cogn
443 3234 455 3275 i
469 3233 555 3284 tis,
586 3244 697 3285 quae
718 3231 975 3283 interpretes
1004 3239 1089 3271 ιιοιι

291 3295 411 3333 recte
441 3290 656 3344 explicare
686 3289 841 3330 solent.

351 3345 600 3400 οἰήσεται
629 3345 715 3388 ἐπὶ
744 3361 784 3387 τ.
816 3344 883 3400 7.]
916 3355 976 3384 ac.
1010 3355 1088 3385 me

292 3407 462 3461 ipsum
496 3405 832 3448 laudaturum
865 3413 1000 3444 esse.

1246 1868 1374 1907 ομοι
1387 1851 1594 1894 ότατον
1632 1852 1807 1895 αὐτὸν
1850 1869 1896 1895 ει
1880 1853 1994 1897 ςναι

1186 1915 1306 1956 τοῖς
1338 1910 1661 1966 Σειληνοῖς]
1695 1911 1760 1953 De
1791 1913 1992 1955 similitu-

1172 1967 1284 2009 ‘dine
1325 1968 1519 2010 Socratis
1561 1981 1657 2009 cum
1697 1969 1852 2011 Silenis
1890 1971 1990 2013 vide

1190 2027 1311 2066 locos
1374 2026 1458 2067 iam
1520 2026 1573 2067 ab
1633 2026 1728 2067 aliis
1790 2027 1991 2070 laudatos

1187 2082 1414 2125 Theaetet
1449 2096 1491 2136 p.
1529 2082 1622 2126 143
1658 2082 1710 2125 Ε.
1746 2083 1991 2153 Xentoph.

1187 2140 1388 2194 Sympos.
1431 2140 1503 2182 lV.
1550 2141 1617 2185 19.
1664 2141 1811 2194 ibique
1859 2143 1993 2198 intpp.

1187 2198 1237 2240 V.
1269 2197 1308 2242 6.
1342 2198 1542 2240 Iulian.
1567 2199 1742 2242 Caesar.
1768 2212 1805 2240 c.
1826 2200 1902 2243 lx.
1920 2201 1992 2244 ed.

1186 2255 1400 2310 Heusing.
1439 2257 1540 2298 coll.
1565 2256 1743 2298 navis.
1780 2256 1834 2298 ad
1861 2259 1990 2300 Cice-

1187 2326 1283 2354 ron.
1315 2314 1370 2355 de
1400 2313 1504 2354 fato.
1538 2326 1574 2357 c.
1594 2314 1634 2357 5.
1667 2313 1723 2354 ad
1744 2313 1863 2356 Max.
1884 2315 1951 2369 Ty
1955 2329 1988 2358 r.

1186 2370 1275 2412 Vll.
1298 2370 1338 2414 9.
1369 2370 1704 2413 Wernsdorf.
1736 2371 1790 2413 ad
1819 2372 1989 2416 Himer.

1183 2441 1223 2482 p.
1237 2427 1337 2471 464.
1362 2429 1605 2482 Bergle-r.
1629 2427 1684 2470 ad
1707 2429 1835 2472 Arist.
1846 2429 1986 2472 Nubb.

1182 2498 1223 2526 v.
1245 2485 1344 2530 223.
1365 2486 1617 2528 Creuzer.
1642 2485 1835 2528 Studior.
1860 2487 1913 2529 T.
1935 2489 1990 2531 11.

1182 2557 1223 2596 p.
1251 2543 1350 2587 231.
1383 2558 1424 2598 p.
1455 2543 1536 2586 271
1567 2556 1660 2597 sqq.
1700 2549 1744 2585 et
1780 2543 1868 2590 290
1893 2558 1985 2598 sqq.

1181 2600 1605 2643 Winckelmann.
1654 2601 1823 2642 Histor.
1871 2604 1983 2642 Artt.

1180 2658 1277 2699 Vol.
1323 2659 1376 2699 ll.
1417 2672 1457 2712 p.
1491 2658 1546 2702 75
1576 2670 1668 2710 sqq.
1715 2657 1784 2698 ed.
1828 2658 1984 2700 Drend.

1179 2714 1457 2755 Hermann
1494 2713 1679 2755 Ulrich
1726 2727 1827 2755 von
1866 2714 1983 2757 Sin·-

1176 2783 1278 2823 gen
1337 2771 1387 2811 in
1455 2771 1641 2813 kleine
1703 2771 1983 2815 Deutsche

1179 2826 1479 2869 Schriften.
1520 2827 1816 2882 Wittenberg‚
1852 2829 1979 2875 1730.

1177 2884 1215 2928 8.
1261 2883 1315 2926 Τ.
1361 2886 1393 2926 l.
1441 2898 1486 2939 p.
1518 2885 1574 2928 77
1605 2898 1698 2937 sqq.
1770 2886 1980 2929 Solebant

1177 2946 1324 2983 autem
1357 2955 1537 2996 operum
1570 2943 1758 2984 artifices
1789 2943 1980 2986 officinas

1177 3012 1280 3040 suas
1312 3012 1465 3041 ornare
1495 2999 1794 3054 grandioribus
1824 3014 1978 3055 capsu-

1177 3057 1228 3098 lis
1260 3056 1503 3100 Silenorum
1534 3057 1720 3099 formam
1751 3058 1977 3101 referenti-

1173 3115 1280 3166 bus,
1338 3116 1381 3156 in
1427 3115 1580 3167 quibus
1619 3116 1844 3157 simulacra
1882 3117 1977 3170 pul-

1173 3172 1378 3224 cerrima.
1411 3185 1520 3225 quae
1551 3173 1870 3225 elaborassent,
1902 3186 1979 3215 re-

1173 3229 1422 3272 conderent.
1516 3230 1666 3282 ltaque
1728 3230 1974 3272 Alcibiades

1174 3288 1394 3340 eleganter
1443 3285 1522 3329 hac
1563 3287 1696 3328 utitur
1743 3300 1973 3341 compara-

1174 3345 1318 3398 tione,
1373 3344 1599 3387 Socratem
1656 3343 1971 3398 significaturus

1173 3403 1267 3455 plus
1317 3402 1358 3444 in
1410 3415 1459 3445 se
1512 3402 1668 3445 habere
1705 3402 1969 3445 reconditum
