2158 3718
2 2730 45 2867 ἶ

478 1032 484 1039 ·
552 955 1392 1058 PROLEGOMENA

894 1151 1011 1205 AD

313 1298 1612 1401 SYMPOSIUM.

115 1636 483 1734 symposium
507 1662 751 1717 Platonis
786 1662 1095 1718 habendum
1120 1683 1236 1719 esse
1261 1664 1319 1718 in
1342 1665 1815 1736 praestantissimis

110 1735 308 1788 veteris
345 1734 677 1804 eloquentiae
715 1742 769 1788 et
805 1734 1176 1806 philesophiae
1220 1753 1360 1804 quae
1407 1744 1638 1789 aetatem
1675 1737 1815 1789 tule-

104 1813 238 1868 runt
270 1805 627 1858 monumentis
663 1824 772 1858 una
810 1814 893 1858 est
929 1814 983 1858 et
1020 1806 1359 1859 consentiens
1394 1824 1503 1858 vox
1542 1805 1817 1859 hominum

114 1874 609 1930 eruditissimorum.
662 1874 780 1929 Nec
816 1876 1054 1946 profecto
1090 1875 1298 1928 iniuria.
1353 1874 1493 1928 Nam
1541 1875 1653 1930 sive
1692 1894 1814 1947 spe-

113 1953 318 2022 ctamus
355 1946 607 1999 orationis
646 1946 966 2018 elegantiam
1015 1965 1078 1999 ac
1127 1953 1461 1999 venustatem
1505 1945 1563 1998 in
1600 1965 1662 1998 eo
1701 1946 1814 1999 eni-

46 2012 328 2095 jssntem,
366 2035 524 2069 nemo
562 2024 702 2087 certe
741 2016 856 2080 erit,
897 2016 1027 2087 quin
1062 2016 1351 2087 plurimum
1375 2016 1665 2086 voluptatis
1691 2035 1816 2087 per-

62 2081 280 2168 ‘³⁷f’3ipiat
304 2105 373 2139 ex
401 2086 671 2150 facilitate,
709 2087 1108 2156 perspicuitate,
1147 2087 1485 2151 urbanitates
1505 2086 1815 2150 festivitate,

112 2155 283 2209 1ronia
319 2156 553 2225 denique
597 2157 705 2220 illa,
753 2175 889 2225 quae
935 2176 1032 2227 per
1080 2165 1253 2209 totum
1299 2156 1495 2210 librum
1532 2165 1727 2227 regnat
1763 2165 1818 2209 et

112 2246 210 2297 per
247 2246 432 2280 omnes
470 2226 585 2279 eius
622 2235 804 2297 partes
842 2227 918 2279 ita
955 2227 1150 2280 diffusa
1186 2236 1284 2291 est,
1322 2227 1469 2279 utin
1496 2245 1702 2279 summa
1727 2245 1816 2279 re-

113 2317 233 2350 rum
270 2297 526 2350 varietate
563 2296 697 2351 nihil
731 2297 972 2368 ineptum
1010 2297 1095 2362 sit,
1143 2297 1277 2350 nihil
1314 2297 1593 2368 frigidum,
1640 2297 1820 2350 omnia

113 2367 346 2420 habeant
385 2367 617 2420 nativam
652 2368 916 2436 quandam
957 2367 1167 2420 veneris
1215 2376 1372 2437 atque
1418 2367 1623 2439 gratiae
1670 2366 1816 2419 dele-

115 2438 423 2501 ctationem3
473 2437 585 2490 sive
624 2438 1024 2492 consideramus
1061 2457 1241 2491 rerum
1277 2438 1334 2490 in
1369 2457 1436 2491 eo
1474 2445 1819 2491 tractatarum

114 2508 403 2572 delectum,
465 2508 705 2561 ordinem
753 2518 909 2578 atque
956 2508 1367 2579 expositionem,
1425 2508 1556 2577 quid
1602 2507 1820 2560 tandem

116 2579 331 2632 suavius
357 2587 450 2631 aut
481 2579 768 2632 iucundius
792 2578 925 2652 fingi
949 2588 1126 2649 potest
1150 2598 1499 2649 personarum
1518 2578 1821 2647 colloquen-

116 2649 250 2706 tium
286 2649 616 2718 actionisque
641 2651 898 2713 varietate
923 2650 1015 2706 illa
1041 2669 1103 2703 ac
1129 2649 1494 2720 dispositione,
1532 2667 1668 2718 quae
1696 2657 1818 2700 tan·
1853 2648 1872 2657 ⁸

117 2729 225 2773 tam
259 2720 316 2772 in
351 2720 451 2773 hoc
486 2720 623 2774 libro
659 2719 820 2775 habet
844 2720 1378 2784 verisimilitudinem,
1417 2728 1478 2772 ut
1512 2737 1621 2771 non
1647 2718 1821 2771 solum

114 2789 444 2861 loquentium
479 2790 698 2863 ingenia
735 2800 789 2844 et
823 2809 1000 2844 mores
1037 2791 1107 2843 ad
1142 2791 1324 2862 ipsam'
1362 2790 1503 2843 vitae
1540 2789 1821 2842 veritatem

117 2861 357 2929 expressi
393 2861 693 2924 videantur,
735 2862 829 2915 sed
867 2861 1029 2913 etiam
1064 2880 1144 2925 ea,
1196 2879 1334 2930 quae
1372 2861 1622 2913 dicuntur
1659 2868 1820 2927 atque

118 2938 368 2999 aguntur,
406 2938 514 2982 tam
551 2931 782 3001 eleganti
820 2931 1019 2985 iudicio
1056 2931 1197 2983 inter
1235 2950 1292 2984 se
1329 2949 1470 2984 nexa
1497 2929 1603 2983 sint
1640 2937 1692 2982 et
1729 2947 1818 2980 co-

119 3000 320 3070 pulata,
366 3007 426 3051 ut
469 3001 610 3055 inter
651 3001 940 3072 legendum
988 3000 1086 3053 tibi
1131 3001 1367 3054 videaris
1413 3000 1615 3054 comico
1664 2997 1821 3051 alicui

119 3069 347 3121 dramati
383 3068 675 3122 interesse?
716 3070 827 3123 sive
865 3071 1094 3140 denique
1124 3071 1444 3142 argumenti,
1484 3071 1550 3122 de
1577 3087 1682 3137 quo
1708 3067 1820 3118 dis-

123 3139 332 3203 seritur,
379 3140 698 3210 gravitatem
743 3149 903 3209 atque
949 3141 1268 3212 dignitatem
1310 3141 1650 3212 respicimuS,
1699 3136 1820 3204 quis

122 3219 219 3275 est,
271 3209 402 3279 quin
439 3229 556 3264 eam
592 3209 880 3262 maximam
929 3230 1047 3264 esse
1083 3212 1340 3276 fateatur,
1389 3206 1821 3280 quandoquidem

123 3281 427 3351 disputatur
475 3281 541 3333 de
588 3299 765 3334 amore
811 3288 972 3350 atque
1018 3283 1230 3352 pulcro,
1283 3282 1368 3336 cui
1408 3280 1686 3333 Platonem
1723 3276 1818 3329 do-

179 3355 288 3397 Plat.
311 3355 420 3408 opp.
455 3355 552 3398 Vol.
576 3355 609 3395 Ι,
642 3354 749 3397 Sect.
774 3349 851 3395 111:
1452 3351 1480 3377 '¹‘
