2158 3718
356 181 453 233 110
977 179 1445 237 PLATONIS

347 351 451 386 νον
478 339 715 392 σκοπεῖν,
755 325 897 383 ὅταν
923 327 1141 403 πράττῃ
1174 348 1241 391 τι,
1287 327 1525 401 πότερον
1568 334 1754 386 ’δίκαια
1798 326 1832 398 ἢ
1877 327 2043 387 ἄδικα

353 415 598 484 πράττει,
621 415 711 467 καὶ
738 410 944 484 ἀνδρὸς
971 411 1206 482 ἀγαθοῦ
1251 417 1383 483 ἔργα
1412 413 1445 482 ἢ
1471 417 1666 472 κακοῦ.
1691 418 1900 490 φαῦλοι
1937 414 2043 487 γὰρ

352 496 425 553 ἂν
451 500 527 567 τῷ
547 519 604 565 γε
622 498 698 566 σῷ
714 496 859 567 λόγῳ
880 497 982 553 ἔῖεν
997 494 1568 565 τῶνὴμιθ·ἑωνὸσοιὲν
1609 503 1784 573 Τροίᾳ
1806 503 2047 556 τετελευε

347 581 596 650 τήκασιν,
612 586 735 636 οἵτε
751 580 911 636 ἄλλοι
923 585 1013 636 καὶ
1040 579 1068 636 ὸ
1089 585 1183 647 τῆς
1201 584 1423 647 Θέτιδος
1435 582 1570 654 υἱός,
1587 581 1648 648 ὃς
1660 587 1932 639 τοσοῦτον
1943 587 2043 639 τοῦ

347 667 608 722 κινδύνου
622 664 994 738 κατεφρόνησε
1008 665 1160 735 παρὰ
1188 663 1249 722 τὸ
1266 666 1497 737 αἰσχρόν
1514 690 1566 722 τι
1580 666 1894 735 ὑπομεῖναι,
1913 666 2045 732 ὥςτε

347 749 529 817 ἐπειδὴ
547 751 692 805 εἶπεν
718 749 752 817 ἡ
781 749 962 822 μήτηρ
996 750 1148 820 αὐτῷ
1176 751 1876 822 προθυμουμένῳ”Εκτορα
1900 751 2046 808 ἀπο-

348 846 574 904 κτεῖναι,
622 834 763 896 θεὸς
808 826 970 897 οὖσα,
999 833 1202 890 οὑτωσί
1238 858 1368 902 πως,
1391 835 1463 900 ὡς
1504 829 1811 907 ὲγῷμαι,Ὦ
1840 847 1963 905 παῖ,
2001 843 2048 892 εἰ

349 919 665 991 τιμωρήσεις
691 917 1003 989 Πατρόκλῳ
1033 923 1108 990 τῷ
1137 925 1336 990 ἑταίρῳ
1362 917 1460 976 τὸν
1497 920 1678 993 φόνον
1708 919 2047 991 καὶ”Εκτοροι

346 1005 685 1069 ἀποκτενεῖς,
709 1003 881 1068 αὐτὸς
902 1002 1217 1060 ἀποθανεῖ·
1245 1004 1444 1060 αὐτίκα
1478 1004 1585 1074 γάρ
1611 1027 1714 1071 τοι,
1739 1010 1890 1079 φησί,
1913 1003 2040 1076 μεθ’

332 1090 576 1161 ’Έκτορα
603 1089 1073 1159 πότμος-ἑτοῖμος·
1099 1087 1127 1144 ὁ
1155 1093 1210 1144 δὲ
1237 1088 1384 1144 ταῦτ’
1414 1088 1658 1153 ἀκούσας
1681 1094 1781 1145 τοῦ
1807 1093 1908 1160 μὲν
1934 1094 2049 1145 θοι-

347 1175 520 1231 νοέτου
545 1177 636 1229 καὶ
664 1177 763 1228 τοῦ
797 1172 1056 1246 κινδύνου
1080 1173 1408 1245 ὠλιγώρησε,
1438 1171 1583 1230 πολὺ
1613 1178 1669 1229 δὲ
1696 1178 1911 1246 μᾶλλον
1945 1179 2050 1230 δεί-

466 1315 572 1364 Cap,
606 1313 725 1355 XVI.
787 1313 839 1353 P.
870 1312 941 1356 28.
979 1312 1031 1353 Β.
1074 1309 1201 1351 ὅταν
1232 1309 1432 1365 πράττῃ
1464 1312 1536 1366 τι]
1578 1314 1779 1354 Accessit
1812 1327 1846 1352 ιι
1880 1326 1933 1354 ex
1964 1326 2049 1354 uno

352 1373 488 1416 Paris.
521 1372 567 1415 S.
600 1372 830 1412 Forsterus
865 1371 1049 1410 coniecit
1089 1366 1116 1410 ὅ
1146 1384 1181 1410 τι
1213 1366 1266 1409 ἂν
1298 1385 1382 1423 πμ,
1415 1371 1624 1424 probante
1657 1371 1875 1415 Wolfio.
1909 1368 2049 1424 Πράτ-

348 1445 437 1471 τειν
467 1431 530 1472 sic
560 1429 758 1470 absolute
789 1428 976 1481 positum
1010 1440 1093 1469 non
1125 1428 1164 1469 in
1198 1441 1276 1468 usu
1309 1428 1401 1471 fuit.

467 1489 516 1528 D.
577 1486 857 1539 τεθναίην
895 1483 1054 1538 δίκην
1097 1483 1273 1541 ἐπιθ.]
1343 1486 1392 1526 V.
1437 1482 1515 1538 τὴν
1552 1482 1687 1537 δίκην.
1748 1484 1893 1527 Recte
1928 1485 2050 1530 Bodl.

349 1548 450 1588 Vat.
486 1545 592 1590 Ven.
623 1545 662 1586 b.
697 1545 766 1586 aiii
799 1544 1002 1584 meliores
1033 1544 1256 1585 articulum
1291 1545 1507 1586 omittunt.

468 1601 599 1655 τάξῃ
632 1599 656 1656 ἢ
690 1598 1067 1656 ἡγησάμενος]
1102 1602 1308 1643 Accessit
1338 1598 1364 1654 ἢ
1399 1614 1451 1643 ex
1481 1599 1610 1641 Bodl.
1648 1598 1751 1641 Ven.
1785 1600 1825 1640 b.
1862 1599 1982 1642 Vind.
2010 1602 2049 1645 1.

1250 1718 1443 1768 τιμωρῶν
1474 1728 1552 1768 pro
1589 1710 1646 1767 μὴ
1679 1719 1872 1768 τιμωρεῖν
1903 1715 2052 1768 edidit,

1249 1775 1359 1815 nulla
1393 1777 1515 1814 certe
1551 1777 1736 1826 urgente
1773 1774 2052 1824 necessitate,

355 1715 410 1760 οὐ
441 1720 514 1760 καὶ
562 1715 744 1772 σμικρὸν
785 1713 959 1767 ὄφελος.
999 1715 1164 1757 Criton.

352 1791 390 1820 c.
422 1778 464 1822 5.
495 1777 542 1818 εἴ
566 1791 602 1818 τι
622 1777 689 1817 καὶ
711 1771 890 1826 σμικρὸν
912 1770 1030 1827 ἡμῶν
1056 1770 1161 1825 ὄφε-

353 1836 440 1877 λος.
474 1849 515 1876 v,
550 1832 942 1876 Hemsterhus
976 1831 1029 1872 ad
1076 1832 1162 1872 lu·
1249 1830 1458 1883 siquidem
1491 1806 1630 1871 recte?
1643 1828 1801 1871 dictum
1842 1836 1934 1875 est:
1967 1828 2051 1872 δει-

353 1895 463 1936 cian.
507 1892 677 1934 Timon.
730 1905 766 1933 e.
815 1889 885 1934 55.
937 1890 1161 1933 Kuzter.
1249 1901 1329 1930 aas·
1361 1884 1406 1929 τό
1435 1885 1492 1959 μὴ
1540 1891 1630 1927 τοῖς
1662 1888 1805 1939 φίλοις
1844 1893 2052 1943 τιμωρεῖν.

354 1950 406 1992 ad
441 1949 656 2004 Aristoph.
686 1949 855 1990 Eccles.
890 1960 923 1986 v.
946 1947 1018 1990 53.
1038 1947 1160 1988 Van·
1307 1948 1356 1991 D.
1407 1941 1605 1986 αὐτίκα
1648 1969 1701 1976 --
1759 1945 2052 2001 τεθναίην]

354 2009 502 2051 eken.
534 2008 588 2048 ad
623 2005 836 2050 Herodot.
873 2005 982 2047 Vni.
1016 2005 1085 2049 68.
1118 2010 1162 2046 et
1249 2004 1369 2048 iliad.
1403 2001 1454 2045 α’.
1487 2017 1525 2043 ν.
1557 2003 1629 2046 98.
1662 2007 1706 2043 et
1737 2003 1834 2047 104.

357 2079 451 2107 mea
475 2064 768 2135 Euthyphron.
790 2077 832 2117 p.
852 2063 923 2107 31.
952 2062 1020 2106 ed.
1043 2063 1164 2115 lips.
1304 2060 1368 2116 μὴ
1401 2057 1570 2103 αὐτὸν
1602 2061 1712 2102 οἱει
1748 2062 1831 2114 -]
1887 2062 2054 2103 Heus·

414 2123 463 2165 C.
533 2124 618 2164 καὶ
688 2118 713 2164 o‘
782 2121 872 2175 τῆς
937 2118 1164 2162 Θέτιδος
1249 2120 1371 2161 dius
1401 2120 1591 2173 Specim.
1626 2119 1720 2159 crit.
1741 2133 1782 2173 p.
1807 2120 1874 2164 12.
1909 2121 2054 2172 legen—

359 2178 511 2234 υἱός]
532 2181 779 2234 Respicitur
797 2179 850 2220 ad
874 2181 1014 2220 locum
1041 2178 1161 2221 liiad.
1249 2179 1352 2220 dum
1402 2177 1583 2232 putabat
1628 2177 1743 2218 οἴου.
1818 2177 1919 2220 Quo
1969 2189 2054 2218 non

359 2237 410 2284 σ’
445 2253 486 2282 ν.
518 2241 576 2284 90
609 2253 700 2310 sqq,
731 2261 788 2270 -—
821 2233 966 2289 παρὰ
1002 2232 1056 2276 τὸ
1089 2235 1161 2277 αἰ-
1249 2249 1373 2290 opus.
1405 2235 1516 2278 Nam
1549 2230 1606 2287 μὴ
1638 2233 1767 2276 habet
1804 2234 1888 2276 vim
1921 2234 2056 2276 inter·-

355 2294 520 2351 σχρόν
561 2312 607 2338 τι
654 2292 978 2346 ὑπομεῖναι,
1033 2307 1164 2348 prae
1249 2292 1446 2347 rogandi,
1480 2297 1527 2334 ut
1549 2305 1700 2345 saepe,
1732 2293 1789 2334 ita
1807 2298 1855 2333 ut
1874 2304 2055 2346 respon·

354 2355 734 2410 turpitudinis
814 2355 1027 2396 macula
1113 2359 1165 2394 et
1250 2351 1541 2395 deatnostro:
1567 2349 2054 2401 dochnichtetwa,

355 2414 648 2468 opinione,
694 2411 734 2453 Ιι.
768 2425 805 2452 e.
849 2425 915 2453 ne
947 2409 1164 2451 dicere·
1249 2422 1336 2463 quo
1367 2409 1430 2449 sic
1470 2408 1652 2460 utimur,
1691 2412 1738 2448 ut
1778 2419 1870 2448 rem
1909 2408 2055 2461 negari

355 2476 688 2514 turmortem
714 2468 976 2511 Patrocii
1005 2466 1165 2509 amici
1249 2467 1444 2508 velimus.
1485 2479 1524 2504 v.
1555 2465 1845 2507 Hermann.
1881 2466 1935 2506 ad
1986 2465 2055 2506 Vi-

356 2542 526 2582 aequo
587 2528 762 2569 animo
820 2527 1056 2576 tulisse,
1118 2529 1166 2565 ut

355 2592 474 2628 recte
506 2587 814 2639 interpretatur
854 2583 888 2624 F
902 2581 1166 2624 ischerus.

355 2643 464 2685 Nam
502 2642 616 2696 παρὰ
648 2646 801 2694 quarto
834 2641 951 2683 casui
977 2640 1167 2681 iunctum

357 2702 721 2755 comparationem
765 2699 927 2741 indicat
965 2710 1003 2738 v.
1035 2697 1168 2740 Mat-

358 2757 509 2800 thiae
541 2758 621 2801 Gr.
655 2756 689 2809 §-
721 2755 823 2801 588.
859 2769 899 2798 c.

415 2811 610 2857 αὐτίκα
667 2812 770 2868 γάρ
834 2827 937 2860 τοι,
1003 2812 1164 2865 φησί,

359 2870 485 2923 μεθ’
535 2870 792 2925 Ἕκτορα]
855 2871 980 2913 Haec
1038 2870 1162 2923 quasi

360 2930 638 2985 παρενθέτως
695 2930 1046 2982 interponuntur-3
1116 2933 1163 2968 ut

359 3003 455 3031 cum
489 2989 660 3042 reliquis
691 2987 831 3029 verbis
857 2999 941 3028 non
967 2992 1066 3039 apte
1088 2997 1162 3026 oo-

361 3046 578 3090 haereant.

421 3101 444 3145 ὁ
475 3102 534 3145 δὲ
569 3096 718 3145 ταῦτ’
752 3097 1026 3149 ἀκούσας]
1076 3099 1164 3141 Per

361 3162 672 3204 anacoiuthiam
713 3160 983 3201 continuatur
1016 3157 1166 3205 oratio,

362 3219 604 3272 diciturque
631 3214 655 3259 ὁ
677 3215 723 3258 δὲ
748 3217 850 3259 ταῦτ
871 3211 1065 3257 ἀκούσας
1083 3215 1165 3259 κτλ.

361 3277 538 3331 perinde
580 3290 633 3318 ac
679 3277 715 3316 si
758 3287 840 3316 non
884 3273 1168 3317 antecesserit

366 3335 700 3388 mete.ltaq11e
732 3329 756 3374 ὁ
789 3331 836 3373 δὲ
865 3345 940 3374 cur
970 3334 1165 3384 interpo-

362 3393 491 3436 situm
533 3393 610 3444 sit,
650 3390 776 3433 facile
806 3396 999 3444 apparet.
1058 3388 1165 3431 Dein

366 3449 634 3504 Hirschig
694 3461 792 3491 cum
833 3447 1060 3499 Mudgio
1110 3442 1167 3498 μή

1249 2537 1340 2578 ger.
1374 2537 1414 2574 p.
1442 2522 1539 2567 789.
1557 2522 1782 2574 Gregor.
1805 2520 2055 2564 Corinth.

1250 2595 1291 2635 p.
1324 2581 1421 2624 162.
1456 2586 1500 2622 et
1531 2578 1618 2623 824
1648 2577 1716 2621 ed.
1748 2577 1920 2623 Schaef.
1967 2580 2056 2624 Ce-

1251 2645 1388 2680 terum
1428 2650 1481 2679 ne
1519 2638 1616 2690 quia
1660 2648 1759 2677 cum
1802 2635 2055 2680 Heusdio

1251 2696 1441 2750 Specim.
1474 2696 1568 2736 crit.
1603 2708 1655 2761 p.
1681 2694 1752 2738 12.
1783 2694 2054 2739 scribendum

1247 2753 1480 2795 arbitretur
1509 2750 1566 2805 μὴ
1598 2745 1682 2793 οὖν
1704 2746 1840 2792 αυτὸν
1865 2753 1958 2802 οἴει,
1981 2766 2057 2796 eo-

1247 2810 1345 2853 dem
1387 2809 1519 2851 modo
1560 2810 1696 2863 Gorg.
1751 2824 1790 2864 p.
1834 2810 1934 2856 512.
1981 2811 2055 2860 B..

1248 2869 1318 2910 ubi
1365 2873 1590 2921 postquam
1635 2868 1843 2910 Socrates
1893 2869 2055 2911 Callicli

1247 2925 1494 2979 respondit,
1542 2925 1661 2967 addit
1711 2925 1840 2970 haec:
1883 2924 1975 2996 μὴ
1985 2927 2054 2967 σοὶ

1250 2982 1372 3024 δοκεῖ
1398 2981 1503 3024 κατὰ
1545 2981 1620 3023 τὸν
1668 2980 1891 3024 δικανικὸν
1919 2979 2055 3033 εἶναι,·

1250 3041 1358 3083 Vide
1389 3042 1444 3082 ibi
1479 3039 1889 3084 Heindorsium.

1310 3095 1335 3152 ἢ
1370 3095 1730 3152 ἡγησάμενος
1760 3100 1844 3153 —]
1891 3099 1956 3143 Ne
1987 3101 2054 3142 cui

1251 3157 1452 3198 videatur
1486 3153 1512 3211 ἢ
1541 3159 1686 3200 alieno
1717 3158 1813 3197 ioco
1845 3156 2052 3199 intrusum

1252 3227 1365 3266 esse,
1388 3215 1513 3256 sicuti
1535 3217 1672 3257 visum
1699 3219 1768 3255 est
1793 3213 1843 3254 W
1859 3215 1982 3257 exio
2013 3216 2055 3256 in

1254 3273 1401 3315 Anna!
1434 3272 1544 3314 Phil.
1587 3277 1631 3314 et
1662 3271 1796 3314 Paed.
1835 3271 2055 3317 Jahniania

1250 3343 1289 3370 a.
1322 3329 1448 3374 1856.
1484 3329 1584 3372 Fac.
1615 3327 1670 3372 X.
1712 3342 1751 3382 p.
1785 3330 1908 3380 67οη
1953 3343 2052 3371 ora-

1250 3388 1376 3428 tionis
1407 3394 1533 3430 tenor
1561 3388 1601 3429 in
1632 3388 1835 3440 proximis
1860 3399 1942 3428 non
1960 3400 2055 3429 ser-

1250 3450 1387 3497 vatur,
1419 3458 1547 3499 quum
1581 3443 1765 3487 addatur
1802 3460 1827 3485 r
1859 3439 1938 3485 vot’
1979 3443 2053 3498 ἅρ-

2156 3208 2158 3229 1

2157 3252 2158 3279 i

2155 3335 2158 3363 1
