2158 3718
244 123 315 177 80
543 97 546 98 ⁷
750 91 753 95 ⁴
978 121 1301 167 PLA'1·0NIS

243 265 338 318 καὶ
383 262 491 334 γὰρ
537 261 599 317 τὸ
645 265 967 334 μεμνῆσθαι
1013 263 1356 333 Σωκράτους
1411 265 1506 318 καὶ
1560 262 1736 319 αὐτὸν
1791 266 2027 335 λέγοντα

243 349 338 402 καὶ
382 347 561 402 ἄλλου
609 346 899 429 ἀκούοντα
937 349 1125 417 ἔμοιγε
1170 345 1257 401 ἀεὶ
1304 348 1534 402 πάντων
1579 347 1831 419 ἥδιστον.

1907 355 2023 405 EX.

235 431 402 486 Ἀλλὰ
438 433 569 504 μήν,
609 427 653 486 οῗ
694 434 944 501 Φαίδων,
983 433 1078 485 καὶ
1114 430 1248 496 τούς
1284 430 1702 504 ἀκουσομένους
1737 454 1802 502 γε
1838 437 2028 490 τοιού-

240 538 374 581 τους
412 517 635 588 ἑτέρους
672 520 829 586 ἔχεις.
883 514 1028 570 ἀλλὰ
1060 521 1236 587 πειρῶ
1264 515 1338 580 ὣς
1363 517 1435 572 ἂν
1473 519 1618 590 δύνῃ
1657 517 2028 589 ἀκριβέστατα

243 603 495 655 διελθεῖν
532 602 731 656 πάντα.

188 694 220 733 Ε
240 692 353 741 θον
398 688 871 757 παοαγενόμενος.

812 605 1022 655 ΦΑΙΔ.
1064 602 1176 654 Καὶ
1213 600 1324 671 μὴν
1363 605 1538 671 ἔγωγε
1561 603 1854 674 θαυμάσια
1890 607 2028 658 ἔπα-

951 684 1082 739 οὔτε
1129 706 1238 756 γαρ
1290 707 1364 749 ως
1401 688 1629 760 θανάτῳ
1668 689 1922 758 παρόντα
1959 711 2027 760 με

242 769 448 840 ἀνδρὸς
489 772 811 841 ἐπιτηδείου
851 774 1004 833 ἐλεος
1044 771 1239 841 είςῄει·
1284 768 1567 841 εὐδαίμων
1604 792 1712 841 γαρ
1750 793 1845 843 μοι
1882 771 2026 845 ἀνὴρ

243 856 526 925 ἐφαίνετο,
569 877 610 909 ω
648 855 991 925 Ἐχέκρατες,
1033 857 1126 908 καὶ
1152 860 1255 909 τοῦ
1281 857 1496 925 τρόπου
1535 858 1628 909 καὶ
1665 861 1780 910 τῶν
1818 858 2024 928 λόγων,

242 1029 292 1071 H
309 1029 437 1070 Vind.
461 1029 500 1070 Φ
531 1029 674 1070 Ambr.
703 1030 797 1070 Par.
822 1027 856 1068 (1
886 1029 991 1071 T.ub
1025 1028 1262 1071 Zitt.F-.101
1293 1029 1320 1068 d
1340 1030 1500 1082 recepi.
1540 1029 1646 1069 Nam
1675 1030 1850 1082 gravius
1879 1031 2024 1084 paullo

239 1085 424 1126 affirmat
444 1099 491 1126 se
513 1079 777 1140 σχολάζειν,
803 1086 1007 1139 deinceps
1029 1098 1127 1125 vero
1152 1086 1338 1126 ostendit
1359 1099 1405 1126 se
1426 1099 1515 1126 rem
1537 1099 1633 1126 esse
1654 1094 1935 1127 narraturum.

357 1154 386 1197 ὁ
398 1153 658 1209 ιελθεῖν]
718 1154 1000 1222 διεξελθεῖν
1041 1157 1136 1197 V.at

1190 1155 1284 1198 Par.
1333 1156 1367 1195 G
1403 1156 1510 1196 Ven.
1552 1155 1602 1196 H
1640 1156 1746 1196 Tub.
1778 1157 1890 1198 Flor.
1922 1158 1950 1197 d
1986 1166 2026 1197 et

239 1214 432 1254 Bekkero
454 1220 562 1253 teste
582 1213 711 1257 Vind
736 1215 776 1254 6.
818 1214 953 1253 Prave
977 1205 1194 1265 ἑταίρους
1218 1213 1378 1264 aliquot
1410 1213 1534 1254 codd.

352 1284 399 1324 Ε.
432 1276 597 1338 ανὴρ]
632 1285 685 1325 V.
709 1276 733 1324 ὁ
765 1276 901 1336 ανήρ.
945 1283 1063 1325 Bodl.
1093 1283 1191 1322 V.at
1222 1283 1330 1322 Ven.
1364 1281 1567 1325 HVind.
1591 1285 1617 1323 6
1646 1296 1682 1325 s.
1707 1283 1745 1324 Φ
1775 1284 1883 1326 Tub.
1915 1284 2024 1326 Flor.

239 1341 267 1381 d
307 1333 428 1394 ἀνήρ
469 1341 627 1381 omisso
670 1340 863 1379 articulo.
924 1339 1045 1380 Unde
1083 1351 1179 1378 cum
1216 1338 1406 1378 Bekkero
1446 1339 1696 1392 scripsimus
1733 1331 1879 1394 ανήρ,
1915 1353 2024 1406 quae

235 1397 373 1438 erasis
395 1398 477 1436 dici
499 1408 582 1437 non
602 1404 744 1450 potest
767 1409 893 1465 quam
911 1408 1042 1449 saepe
1058 1408 1082 1436 a
1099 1395 1277 1436 librariis
1300 1394 1538 1435 oblitterata
1560 1396 1625 1439 sit
1656 1395 1883 1439 Hermann.
1900 1389 2024 1450 ἀνήρ

242 1465 317 1508 pro
348 1465 448 1494 vero
478 1455 644 1507 probat.
685 1452 787 1493 Post
816 1445 1041 1516 ε’φαίνετο
1071 1452 1234 1504 aliquot
1264 1451 1358 1491 libri
1387 1465 1481 1492 cum
1503 1453 1602 1493 Vat.
1627 1446 1753 1493 εἶναι
1783 1452 2022 1502 inferciunt,

239 1511 356 1562 quod
394 1511 438 1550 in
467 1510 588 1551 Bodl.
621 1511 972 1576 superscriptum.
1020 1508 1127 1549 Dein
1174 1508 1302 1552 Coisl
1334 1509 1442 1550 Ven.
1475 1508 1526 1550 H
1557 1509 1662 1550 Tub.
1691 1509 1805 1562 Aug.
1835 1509 1953 1550 Flor.
1983 1522 2024 1549 m

238 1567 334 1610 Par.
376 1566 448 1608 CL
488 1566 574 1608 τοῦ
622 1561 785 1631 λόγου,
826 1567 942 1618 quod
980 1566 1106 1606 etiam
1146 1565 1267 1606 Bodl.
1301 1567 1408 1606 Ven.
1441 1565 1487 1612 Ξ
1513 1565 1623 1607 Flor.
1654 1578 1722 1605 ac
1749 1564 1927 1618 habent,
1966 1566 2024 1606 ita

238 1630 396 1675 tamen,
419 1629 464 1664 ut
486 1621 579 1665 τῶν
602 1616 754 1677 λόγων
774 1622 1111 1676 superscriptum
1133 1628 1285 1666 exstet

295 1775 394 1820 καὶ
445 1771 626 1820 αυτὸν
686 1775 932 1832 λέγοντα
991 1775 1089 1818 καὶ

237 1827 436 1888 ἄλλον]
480 1835 644 1875 Mireris
673 1835 741 1873 hio
768 1847 945 1875 acumen
974 1835 1086 1875 Hir·

238 1891 456 1944 schigii,
480 1893 552 1943 qui
575 1883 669 1945 ἥ-
680 1883 711 1945 ἤ
733 1903 809 1956 pro
831 1890 921 1932 καί
936 1890 1095 1932 -καί

239 1949 467 2002 legendum
490 1956 650 2001 censet,
683 1949 781 1998 quia
805 1960 928 1987 nemo
961 1948 1087 1988 simul

238 2014 280 2046 ct
307 2018 480 2045 narrare
510 2014 549 2045 et
577 2004 725 2045 audiie
752 2005 905 2058 possit.
959 2004 1089 2052 Quasi

237 2075 338 2102 vero
360 2061 449 2103 καί
465 2084 519 2090 —-
539 2061 630 2102 καί
646 2073 731 2101 non
754 2060 963 2114 significet
985 2070 1087 2100 tam

241 2141 294 2147 —
311 2131 483 2171 quam,
502 2127 548 2158 ut
569 2119 759 2158 membra
781 2118 981 2158 orationis
1004 2118 1088 2158 sint

236 2185 463 2239 tamquam
478 2176 717 2241 aequantia.

297 2225 610 2280 τοιούτους
641 2224 879 2286 ετέρους
912 2226 1082 2285 ἔχεις]

237 2289 281 2330 h.
305 2302 340 2329 e.
384 2289 501 2328 item
538 2290 615 2328 sic
644 2288 876 2328 affectos
904 2288 1084 2330 habes.

238 2345 459 2398 Loquendi
487 2358 626 2398 genus
657 2346 879 2399 exemplis⁴
898 2345 1082 2385 illustra-

238 2411 335 2443 runt
382 2401 763 2454 Wyttenbach.
815 2402 870 2442 ad
920 2401 1085 2442 Selecta

238 2459 422 2512 Princip.
451 2459 649 2501 Histoi-ic.
680 2471 721 2511 p.
745 2459 827 2500 352
859 2466 899 2498 et
927 2459 1085 2498 Hein-

242 2515 448 2556 dorfius
470 2516 525 2555 ad
546 2514 585 2557 h.
608 2516 634 2558 l
666 2515 874 2555 Addimus
896 2515 956 2554 De
979 2516 1084 2568 Rep.

240 2573 313 2613 VI.
336 2585 378 2625 p.
399 2572 482 2612 488
503 2571 549 2614 Β.
563 2572 709 2625 Symp.
721 2585 763 2625 p.
777 2573 856 2612 201
882 2572 928 2612 Ε.
948 2571 1084 2611 Phae-

239 2630 338 2670 don.
359 2642 403 2681 p.
425 2628 551 2671 801).

295 2685 344 2725 Ε.
376 2678 638 2737 παρόντα
679 2697 743 2737 με
785 2705 837 2712 —
882 2677 1081 2737 εἰςῄει]

239 2736 437 2789 εἰςιέναι
478 2749 518 2780 et
561 2736 875 2794 εἰςέρχεσθαι,
917 2749 962 2780 ut
992 2739 1083 2780 Lat.

241 2798 443 2844 subire,
487 2796 637 2837 dicitur
678 2797 730 2836 de
773 2809 869 2849 spe,
915 2796 1086 2860 laetitia,

239 2865 451 2903 maerore,
494 2853 806 2905 misericordia,
848 2865 956 2902 quae
995 2853 1085 2891 ani·

240 2923 354 2950 mum
355 2909 565 2980 capiunt.
610 2910 706 2949 Eur.
739 2909 850 2949 Med.
881 2910 960 2949 931
995 2904 1085 2956 εἰς·

239 2962 416 3036 ῆλθὲμ
460 2968 632 3013 οὶκτος.
667 2964 758 3018 Iph.
791 2964 887 3007 Aul.
915 2966 996 3005 491
1031 2957 1081 3018 μ’

241 3019 370 3071 ἔλεος
420 3019 629 3076 εἰςῆλθε.
708 3021 834 3062 Usum
884 3021 1083 3073 loquendi

240 3078 549 3120 illustraruntV
560 3079 826 3118 alckenar.
846 3078 898 3118 ad
923 3078 1081 3121 Phocu,

243 3138 417 3178 ν.1378
445 3149 487 3190 p.
510 3135 593 3176 464
614 3148 678 3187 sq.
719 3135 995 3175 Hermann
1028 3135 1083 3174 ad

239 3193 412 3234 Lucian.
443 3193 506 3233 De
535 3191 636 3233 hist.
665 3203 830 3232 couscr.
861 3203 903 3243 p.
928 3192 993 3233 18.
1038 3193 1082 3231 ln

239 3250 446 3314 proximis
467 3249 627 3288 variata
649 3249 959 3288 constructione
981 3248 1084 3287 dici-

238 3314 326 3346 tur.
389 3298 535 3347 οὐδὲν
572 3298 702 3347 πάνυ
747 3316 828 3357 μοι
878 3297 1087 3345 ἐλεεινὸν

241 3355 403 3428 εἰςῄει,
427 3363 481 3402 de
503 3375 585 3411 quo
608 3375 649 3402 v.
674 3360 847 3402 Matth.
869 3358 910 3415 S.
932 3362 1011 3401 401
1037 3359 1083 3400 (

300 3411 594 3484 εὐδαίμων
622 3431 727 3473 γαρ
751 3429 851 3473 μοι
880 3438 936 3444 -
966 3409 1086 3457 ἐτέ-

244 3468 443 3528 λεύτα]
489 3473 592 3515 Cum
622 3474 700 3514 hoc
730 3475 820 3514 loeo
852 3474 1084 3514 contendas

1179 1776 1278 1820 Crit.
1303 1789 1343 1830 p.
1364 1779 1419 1818 43
1431 1777 1499 1843 B,
1532 1777 1663 1819 ubiv.
1686 1778 1917 1820 annotatio.
1962 1778 2023 1818 De

1178 1834 1384 1900 scriptura
1415 1807 1560 1886 ἁνήρ,
1584 1845 1659 1898 pro
1683 1847 1766 1885 qua
1785 1834 1913 1887 vulgo
1937 1844 2023 1874 erat

1178 1884 1202 1931 ὁ
1227 1883 1363 1945 ανήρ,
1387 1890 1720 1930 controversiam
1749 1892 1883 1930 movit
1910 1888 1955 1931 C.
1977 1891 2023 1933 F.

1175 1947 1493 1987 Hermannus
1506 1957 1787 2000 ,comparans
1808 1946 2022 1987 illePhae-

1176 2003 1275 2044 don.
1310 2016 1352 2057 p.
1375 2004 1429 2044 98
1451 2004 1497 2045 Β.
1541 2004 1587 2042 In
1618 2015 1699 2054 quo
1732 2004 1822 2043 viro
1851 2004 2021 2056 egregio

1177 2061 1431 2125 ι]ευῑίᾳυθ,ειιῐι
1442 2060 1711 2100 assentimur.
1735 2059 1889 2100 Nostra
1909 2060 2021 2100 enim

1176 2117 1385 2156 sententia
1402 2109 1522 2169 ανήρ
1546 2128 1714 2170 semper
1733 2115 1928 2157 additum
1950 2115 2023 2156 ha-

1175 2175 1244 2238 be't
1264 2173 1501 2238 articulum,
1525 2173 1595 2214 ubi
1617 2185 1714 2213 cum
1722 2172 1923 2237 emphasi
1939 2185 2020 2226 pro

1174 2222 1320 2278 αὐτὸς
1340 2229 1405 2269 vel
1430 2205 1611 2277 ἐκεῖνος
1633 2230 1818 2282 ponitur.
1839 2229 1888 2270 Id
1909 2229 2023 2281 quod

1172 2287 1507 2327 luculentissime
1537 2293 1713 2340 apparet
1741 2299 1795 2327 ex
1824 2286 1877 2326 iis
1898 2286 2019 2339 loeis,

1173 2343 1245 2384 ubi
1267 2344 1424 2395 obliqui
1446 2355 1571 2383 casus
1601 2343 1784 2383 nominis
1807 2354 2022 2410 usurpan-

1171 2407 1251 2447 tur,
1276 2409 1321 2440 ut
1342 2399 1483 2464 paullo
1515 2406 1611 2440 ante
1639 2412 1679 2452 p.
1701 2401 1756 2440 58
1773 2398 1804 2440 C
1826 2398 1951 2447 τίνες
1974 2411 2019 2440 οι

1173 2450 1553 2522 παραγενόμενοι
1576 2478 1628 2483 -
1649 2454 1712 2512 τῷ
1734 2449 1892 2510 ἀνδρί,
1915 2455 1958 2495 h.
1983 2468 2018 2495 e.

1174 2506 1325 2570 αυτῷ,
1358 2514 1430 2553 ubi
1461 2525 1585 2552 nemo
1625 2498 1840 2566 scripserit
1878 2506 2026 2564 ανδρί

1175 2578 1347 2610 extruso
1369 2570 1566 2616 articu103
1597 2570 1696 2608 item
1721 2581 1763 2622 p.
1783 2571 1833 2609 61
1855 2567 1886 2608 C
1906 2569 2020 2608 πολ·

1174 2619 1231 2666 λὰ
1262 2619 1352 2690 γᾷρ
1382 2618 1480 2678 ἤδη
1511 2618 1800 2678 ἐντετύχηκα
1839 2622 1902 2681 τῷ
1935 2637 2019 2666 αν-

1174 2680 1267 2748 δςί,
1301 2683 1326 2720 i.
1361 2694 1396 2721 e.
1429 2674 1610 2735 ἐκείνῳ.
1658 2679 1783 2733 Gorg.
1815 2693 1857 2746 p.
1879 2682 1964 2722 470
1985 2681 2019 2721 D

1173 2750 1229 2778 ov
1259 2730 1348 2791 γάρ
1377 2751 1449 2778 πω
1479 2733 1765 2802 ovyysyova‚
1772 2737 1835 2794 τῷ
1858 2729 2017 2803 ανδρί.

1175 2795 1301 2858 Hipp.
1333 2795 1428 2834 mai.
1469 2806 1509 2846 p.
1550 2794 1631 2834 288
1662 2793 1694 2833 D
1736 2779 2020 2844 ἀποκριτέον

1175 2849 1237 2907 τῷ
1262 2842 1419 2916 ανδρί.
1463 2849 1589 2890 Lach.
1620 2863 1660 2903 p.
1684 2851 1763 2890 179
1786 2850 1818 2890 E
1851 2842 2019 2891 ἐλθεῖν

1175 2893 1253 2947 ἐπὶ
1275 2901 1404 2947 θέαν
1425 2899 1646 2971 τανδρός,
1678 2906 1778 2947 ibid.
1810 2919 1852 2960 p
1878 2907 1956 2947 181
1980 2908 2017 2945 Α

1172 2956 1236 3016 μὴ
1262 2955 1434 3015 αφίεσό
1456 2976 1509 3016 γε
1531 2955 1758 3015 τάνδρόςς
1783 2963 1835 3003 al
1860 2961 1945 3003 Sed
1964 2964 2017 3003 ab

1171 3019 1236 3059 his
1278 3019 1381 3059 locis
1421 3021 1552 3073 probe
1597 3019 1879 3060 discernenda
1919 3026 2018 3059 sunt

1170 3076 1263 3127 illa,
1306 3077 1347 3115 in
1379 3077 1530 3128 quibus
1559 3075 1760 3116 articulus
1798 3075 2017 3124 omittitur,

1171 3133 1269 3183 quia
1319 3145 1502 3186 persona
1552 3144 1803 3184 quacunque
1846 3132 2015 3172 demum

1173 3189 1225 3229 de
1261 3201 1390 3229 causa
1419 3189 1636 3230 indefinite
1674 3195 1747 3228 aut
1782 3188 2013 3240 generatim

1172 3245 1447 3297 significatur.
1541 3246 1750 3294 Quorsum
1804 3245 2015 3298 pertinent

1171 3302 1351 3355 primum
1374 3302 1488 3356 talia,
1520 3302 1659 3354 qualia
1681 3307 1796 3353 sunt,
1820 3312 1928 3352 quae
1948 3300 2014 3339 in-

1171 3359 1235 3398 fra
1258 3372 1300 3411 p.
1325 3360 1378 3399 98
1397 3358 1428 3400 C
1449 3359 1764 3408 adnotavimus,
1796 3357 1836 3396 in
1859 3356 2013 3408 quibus

1170 3415 1299 3466 liquet
1328 3415 1543 3455 indefinite
1570 3413 1798 3467 significari
1825 3425 1900 3466 per
1929 3413 2011 3452 iro-

1173 3472 1281 3511 niam
1312 3472 1538 3523 quandam,
1571 3471 1642 3521 qui
1661 3478 1887 3524 potuerunt
1909 3481 2014 3509 sane
