2222 3762
381 140 448 191 12
853 131 1468 189 PROLEGOMENA
1506 134 1616 186 AD

376 297 578 329 morem
619 284 674 330 et
708 274 1158 330 consuetudinem
1183 273 1539 328 Socraticum.
1602 274 1821 329 Etenim
1856 275 2074 328 omniuo

378 347 599 418 quidem
665 355 905 401 sectatur
964 346 1136 400 oratio
1209 345 1404 415 spretis
1481 345 1726 399 artificiis
1791 345 2076 400 rhetoricis

373 419 648 487 omnibus,
689 438 919 489 quorum
945 436 1076 472 usus
1100 435 1153 485 p.
1186 417 1264 468 17.
1292 416 1364 467 A.
1393 434 1516 486 sqq.
1555 417 1612 470 iu
1642 416 2076 471 adversariorum

376 490 716 544 orationibus
769 490 1011 561 graviter
1050 494 1266 540 notatur
1304 488 1604 557 acerbeque
1656 488 1895 557 ridetur,
1947 488 2075 542 sim-

375 561 677 632 plieitatem
723 561 867 613 illam
935 567 1099 627 atque
1166 557 1514 627 tenuitatem,
1582 579 1744 629 quam
1806 559 2077 616 Socratici

374 652 654 686 sermones
718 633 830 684 fere
893 628 1040 699 apud
1097 627 1528 699 Xenophontem
1590 631 1823 699 habent,
1890 631 1968 682 ita
2013 637 2078 683 ut

378 703 561 756 omnia
597 723 706 755 non
742 710 852 754 tam
890 699 1084 773 grandi
1125 700 1370 754 oratione
1409 708 1504 753 aut
1540 701 1851 756 sublimiore
1901 701 2078 772 philo-

373 772 645 845 sophandi
694 773 931 840 ratione,
986 790 1148 841 quam
1194 771 1532 843 populariter
1569 781 1624 825 et
1672 773 1740 826 ad
1796 772 2075 826 vuloarem

372 853 597 915 captum
644 842 1053 897 accommodate
1104 842 1481 912 disputentur3
1542 842 1687 897 unde
1746 863 1810 897 ea
1871 844 1889 897 i
1933 843 2073 897 enti-

374 916 501 968 dem
550 915 715 967 etiam
762 915 876 968 abit
922 915 979 968 in
1027 913 1335 985 dialogum,
1402 913 1670 983 siquidem
1725 923 1906 968 orator
1965 934 2076 968 non

374 1006 484 1040 uno
523 986 644 1039 loco
685 1004 813 1039 suos
853 1006 976 1039 cum
1014 985 1137 1039 aliis
1161 1004 1435 1039 sermones
1464 987 1541 1038 ita
1568 995 1770 1053 narrat,
1810 995 1873 1039 ut
1910 986 2074 1039 etiam

371 1057 747 1128 interrogandi
805 1065 861 1112 et
917 1055 1285 1130 respondendi
1344 1058 1493 1110 vices
1553 1056 2073 1112 animadvertantur.

372 1128 542 1196 Quod
579 1129 840 1199 imprimis
883 1129 1068 1183 videre
1103 1128 1234 1182 licet
1271 1148 1324 1199 p.
1366 1130 1446 1180 19.
1486 1128 1552 1183 Ε.
1580 1160 1645 1171 —-
1677 1130 1762 1182 20.
1799 1128 1869 1181 Β.
1903 1149 1957 1200 p.
1988 1130 2075 1182 21.

373 1204 444 1254 A.
472 1231 540 1239 -—-
567 1200 640 1254 D.
680 1220 732 1271 p.
772 1203 857 1254 24.
897 1199 961 1254 C.
1000 1232 1068 1240 --
1107 1201 1194 1252 27.
1232 1200 1299 1269 E.
1341 1199 1435 1254 ubi
1472 1199 1713 1254 Meletus
1761 1198 2075 1269 quaerendo

371 1279 537 1342 atque
588 1270 972 1343 respondendo
1020 1272 1364 1335 confutatur.
1410 1279 1465 1324 et
1510 1291 1564 1342 p.
1603 1273 1688 1325 28.
1728 1271 1792 1326 B.
1832 1289 1954 1342 sqq.
2006 1271 2074 1324 al.

374 1341 596 1414 Quippe
642 1343 886 1397 reiicitur
937 1352 1160 1397 ornatus
1211 1342 1500 1395 verborum
1555 1361 1617 1396 ac
1681 1343 2073 1396 sententiarum

373 1414 719 1468 artificiosior
757 1434 868 1467 una
906 1434 1029 1469 cum
1067 1414 1415 1468 sublimitatis
1459 1413 1808 1467 affectatione
1845 1413 2075 1467 maxime

372 1493 693 1557 propterea,
756 1485 907 1555 quod
965 1485 1111 1539 illius
1161 1503 1295 1539 usus
1343 1504 1452 1538 non
1501 1484 1720 1539 videtur
1770 1485 1907 1538 bene
1951 1503 2074 1538 cum

370 1558 615 1612 veritatis
653 1557 956 1612 rationibus
1007 1557 1303 1611 consistere
1335 1563 1499 1625 atque
1549 1556 1779 1610 oratoris
1832 1556 2075 1610 officium

370 1628 508 1682 illud
556 1649 724 1682 unum
776 1629 1007 1683 maxime
1053 1627 1364 1700 postulare,
1414 1636 1475 1680 ut
1525 1647 1652 1681 vera
1701 1627 1954 1681 dicantur
1992 1628 2072 1698 (p.

375 1702 458 1754 18.
499 1701 616 1771 A.).
691 1699 860 1768 Quod
906 1699 1167 1754 iudicium
1203 1699 1518 1770 planissime
1558 1698 1720 1753 decet
1770 1698 2072 1764 Socratem,

373 1790 535 1842 quem
573 1780 791 1826 constat
826 1772 929 1826 hac
965 1772 983 1824 i
1027 1791 1088 1826 sa
1126 1770 1344 1825 dicendi
1378 1771 1726 1842 simplicitate
1767 1790 1889 1824 eum
1944 1769 2075 1824 sub-

370 1843 570 1896 tilitate
623 1845 913 1899 coniuncta
959 1793 1086 1898 ideo
1150 1862 1308 1897 usum
1361 1861 1499 1910 esse,
1550 1841 1700 1912 quod
1749 1861 1848 1914 per
1893 1841 2075 1895 omnia

369 1913 484 1967 veri
522 1914 806 1969 scientiam
855 1915 1211 1985 quaeritabat.
1297 1913 1640 1982 Quamquam
1690 1912 1838 1985 apud
1885 1913 2074 1967 Plato-

370 2005 491 2038 nem
530 2007 582 2058 p.
626 1989 706 2045 17.
744 1987 817 2039 D.
856 1995 911 2041 et
951 1988 1034 2041 18.
1066 1988 1134 2042 A.
1184 2004 1306 2040 sese
1345 1986 1507 2040 etiam
1545 1984 1668 2038 ideo
1706 1984 1951 2038 iudiciali
1989 1982 2071 2036 di-

370 2056 528 2110 cendi
564 2077 765 2129 genere
801 2059 1072 2113 abstinere
1109 2058 1423 2130 profitetur,
1479 2055 1627 2127 quod
1675 2057 1838 2128 plane
1889 2063 2074 2109 careat

369 2129 513 2182 illius
565 2131 852 2199 facultate,
916 2128 1363 2201 quandoquidem
1424 2147 1701 2198 nunquam
1765 2127 1821 2180 in
1883 2126 2074 2180 iudicii
2141 2165 2149 2172 -

370 2209 690 2272 suggestum
740 2201 1112 2267 adscenderit3
1176 2202 1236 2254 in
1293 2220 1401 2271 quo
1463 2214 1644 2254 tamen
1695 2206 1940 2269 apertum
1990 2205 2074 2252 est

369 2273 632 2326 urbanam
671 2273 946 2343 quandam
983 2273 1287 2328 irrisionem
1338 2271 1774 2325 adversariorum
1825 2269 2073 2324 omnino-

370 2361 475 2411 que
534 2344 955 2399 Atheniensium
1020 2344 1275 2416 litigandi
1337 2342 1808 2414 cupidissimorum
1875 2340 2070 2395 inesse.

367 2413 843 2481 Quemadmodum
893 2436 1019 2469 vero
1071 2415 1245 2468 oratio
1294 2414 1638 2485 simplicitate
1697 2411 1952 2465 dictionis
2011 2420 2068 2464 et

368 2487 852 2556 argumentationis
905 2485 975 2539 ad
1014 2486 1418 2540 Socraticorum
1476 2502 1782 2538 sermonum
1821 2483 2069 2536 similitu-

367 2555 550 2610 dinem
602 2565 945 2628 comparatae
995 2557 1227 2629 insignis
1278 2565 1363 2610 est
1399 2555 1668 2626 planeque
1708 2553 1882 2625 spirat
1920 2573 2069 2608 amo-

366 2645 479 2679 rem
532 2629 776 2682 veritatis
833 2646 985 2696 eum,
1049 2646 1158 2698 quo
1212 2627 1838 2696 Socratenuincensum
1901 2624 2069 2679 fuisse

366 2700 644 2768 novimus,
692 2699 769 2752 ita
816 2698 1006 2752 eadem
1055 2699 1217 2752 etiam
1266 2698 1528 2771 singulari
1582 2696 1815 2766 quadam
1855 2697 1965 2751 oris
2002 2696 2070 2749 li-

367 2769 576 2824 bertate
628 2778 712 2824 est
763 2771 1058 2841 conspicua
1105 2790 1138 2823 a
1185 2789 1451 2842 generosa
1506 2770 1640 2823 recti
1678 2769 1899 2838 verique
1938 2787 2068 2822 con-

366 2841 595 2895 scientia
632 2842 879 2913 profecta
917 2841 1039 2909 illa,
1090 2843 1305 2911 qualem
1353 2844 1481 2894 item
1522 2840 1738 2895 Socrati
1791 2839 2067 2911 propriam

365 2912 533 2967 fuisse
571 2912 790 2967 aliunde
829 2924 1166 2982 compertum
1203 2913 1480 2967 habemus·
1569 2911 1735 2980 Quod
1783 2911 1924 2964 enim
1975 2909 2067 2964 ille

365 3001 463 3054 per
498 2992 671 3039 totam
708 2984 872 3037 vitam
913 2992 1119 3055 egerat,
1159 2992 1220 3038 ut
1257 2984 1391 3038 alios
1430 2983 1751 3038 inscientiae
1789 2989 2062 3054 argueret,

364 3065 642 3125 moneret,
693 3057 1028 3125 increparet,
1080 3056 1403 3139 castigaret,
1456 3055 1501 3108 si
1546 3056 1639 3126 qui
1679 3053 2063 3136 reperirentur,

365 3128 459 3195 qui
497 3146 664 3196 quum
704 3135 885 3180 essent
925 3146 1066 3180 vana
1102 3128 1357 3198 opimone
1402 3126 1590 3198 repleti
1637 3134 1691 3179 et
1737 3145 1794 3178 m
1851 3123 2065 3195 agendo

363 3200 659 3253 transversi
699 3205 1009 3269 agerentur,
1048 3206 1231 3252 tamen
1260 3199 1364 3252 sibi
1388 3198 1704 3252 viderentur
1731 3197 1949 3268 egregie
1979 3214 2066 3248 sa·-

364 3289 525 3340 pere,
577 3270 718 3323 idem
771 3270 930 3321 etiam
983 3289 1107 3324 reus
1162 3271 1218 3323 in
1269 3270 1388 3342 ipsa
1435 3269 1748 3324 defensione
1789 3287 1886 3320 sua
1924 3267 2062 3337 agit,

363 3361 429 3396 ue
467 3342 639 3399 ironia
680 3339 898 3412 quidem
939 3341 1031 3395 illa
1063 3342 1360 3410 abstinens,
1399 3361 1508 3411 qua
1531 3341 1586 3395 in
1611 3338 1858 3395 docendo
1886 3357 2060 3407 usque

966 3472 990 3499 Ι
