2158 3718
227 5 231 12 ·
298 0 309 7 Α
370 0 394 15 ¹.
489 6 495 10 =
514 0 997 35 ,2fflsts'2f-v2-sss,*armum-⁴³3³
1008 0 1620 34 twvvssss³=sse>=tss²w>fea¹<1:3³¹·w2‘052tsiat·-
1718 11 1726 22 --
1872 26 1893 37 -.

258 129 369 183 ’238
964 80 966 82 V
993 130 1318 175 PLA'role

205 266 406 322 Εᾶλ-λα
452 273 627 339 μυρία
673 273 906 323 τοιαῦτα
953 269 1310 338 αἰτιώμενος,
1349 266 1629 340 ἀμελήσας
1665 267 1764 333 τὰς
1801 267 1876 334 ὡς
1911 267 2054 341 άλη-

259 356 382 416 θῶς
419 354 600 417 αἰτίας
636 355 849 422 λέγειν,
890 352 1002 421 ὅτι,
1055 351 1248 421 ἐπειδὴ
1278 350 1597 422 Ἀθηναίοις
1633 353 1787 417 ἔδοξε
1823 354 2059 422 βέλτιον

259 432 406 490 εἶναι
444 439 585 507 ἐμοῦ
623 440 1146 506 καταψηφίσασθαι,
1186 434 1280 489 διὰ
1316 441 1492 490 ταῦτα
1518 436 1590 507 δὴ
1627 438 1722 490 καὶ
1759 437 1883 506 ἐμοὶ
1917 438 2047 506 βέλ-

257 540 381 574 τιον
435 515 512 574 αὖ
567 521 826 575 δέδοκται
884 520 1102 575 ἐνθάθε
1156 523 1477 590 καθῆσθαι,
1534 522 1628 574 καὶ
1690 520 2047 590 δικαιότερον

256 605 654 675 παραμένοντα
691 603 920 673 ὑπέχειν
944 603 1048 674 τὴν
1086 605 1270 673 δίκην,
1309 601 1382 673 ἣν
1408 603 1480 659 ἂν
1505 604 1878 659 κελεύσωσιν·
1925 605 2054 658 ἐπεῖ.

170 707 224 750 99
254 688 326 759 νὴ
363 687 464 742 τὸν
500 690 678 758 κύνα,
719 687 794 751 ὥς
832 681 1061 760 ἐγῷμαι,
1100 687 1273 741 πάλαι
1310 686 1382 741 ὂὶν
1418 692 1594 742 ταῦτα
1630 687 1698 742 τά
1734 692 1914 758 νεῦρα
1952 691 2046 741 καὶ

253 773 321 827 τοὶ
360 771 496 828 ὀστᾶ
541 772 579 843 ἢ
615 773 745 842 περὶ
782 772 1023 843 Μέγαρα
1060 772 1096 842 ἢ
1133 770 1419 835 Βοιωτούς
1455 766 1547 842 ἦν,
1585 770 1699 826 ὑπὸ
1738 772 1903 842 δόξης
1941 791 2050 842 φε-

255 857 465 928 ρόμενα
500 860 603 911 τοῦ
640 859 957 926 βελτίστου,
997 858 1048 911 εί
1083 856 1157 926 μὴ
1184 857 1538 926 δικαιότερον
1576 855 1734 928 ᾤμην
1773 859 1867 910 καὶ
1905 857 2046 910 κάλ-

252 945 378 995 λιον
425 938 571 996 εἶναι
616 939 726 1011 πρὸ
773 946 875 994 τοῦ
923 942 1161 1011 φεύγειν
1207 961 1268 995 τε
1315 942 1410 995 καὶ
1447 937 1895 1008 ἀποδιδράσκειν
1933 939 2045 993 ὑπ-

252 1026 402 1095 έχειν
443 1030 512 1097 τῇ
553 1026 720 1079 ’πόλει
758 1027 953 1095 δίκην,
992 1024 1176 1096 ἥντιν’
1216 1024 1287 1079 ἂν
1323 1025 1510 1095 τάττῃ.
1588 1023 1709 1078 ἀλλ’
1753 1029 1902 1078 αἴτια
1939 1024 2051 1093 μὲν-

248 1109 318 1163 τὰ
371 1114 604 1164 τοιαῦτα
658 1114 854 1164 καλεῖν
911 1114 1039 1163 λίαν
1095 1110 1331 1163 ἄτοπον·
1394 1111 1445 1163 εἰ
1487 1110 1566 1170 ,δέ
1610 1129 1692 1171 τις
1729 1109 1911 1177 λέγοι,
1953 1106 2042 1162 ὅτι

249 1192 390 1247 ἄνευ
427 1198 530 1248 τοῦ
566 1193 635 1248 τὰ
677 1199 911 1249 τοιαῦτα
949 1197 1097 1263 ἔχειν
1135 1195 1228 1247 καὶ
1267 1191 1403 1247 ὀστᾶ
1451 1194 1545 1246 καὶ
1581 1196 1761 1261 νεῦρα
1799 1194 1894 1245 καὶ
1932 1189 2041 1247 ὅσα

248 1276 393 1331 ἄλλα
431 1280 557 1347 ἔχω,
598 1277 704 1332 οὐκ
731 1278 808 1341 ἂν,
829 1271 947 1341 οἶός
971 1277 1022 1331 τ’
1051 1271 1087 1347 ἧ
1112 1286 1298 1331 ποιεῖν
1323 1276 1391 1330 τὰ
1417 1276 1661 1341 δόξαντά
1699 1296 1812 1345 μοι,
1852 1274 2043 1345 ἀληθῆ

247 1360 321 1414 ἄν
358 1359 537 1431 λέγοι·
592 1360 667 1425 ὡς
702 1363 896 1433 μέντοι
933 1360 1026 1415 διὰ
1063 1365 1239 1415 ταῦτα
1275 1364 1419 1415 ποιῶ
1459 1361 1494 1413 a*
1529 1364 1693 1428 ποιῶ,
1733 1361 1826 1413 καὶ
1862 1360 2045 1431 ταύτῃ,

192 1449 329 1516 Βνῷ
376 1447 631 1517 πράττω,
677 1445 803 1500 ἀλλ’
843 1445 914 1500 ού
960 1450 1028 1517 τῇ
1075 1451 1177 1500 τοῦ
1223 1449 1519 1514 βελτίστου
1555 1443 1808 1515 αἱρέσει,
1857 1442 2042 1514 πολλὴ

360 1618 407 1661 Ε.
451 1612 826 1672 κελεύσωσιν]
878 1614 1138 1660 κελεύωσιν
1179 1619 1308 1660 Coisl.
1349 1618 1459 1659 Ven.
1489 1619 1530 1659 Λ
1568 1617 1661 1660 Par.
1693 1615 1883 1658 CEHIL
1923 1618 2041 1671 Aug.

246 1674 359 1718 Flor.
384 1687 410 1715 a
433 1676 456 1716 b
478 1688 499 1715 c
520 1676 534 1714 i
555 1688 611 1718 m.

357 1744 403 1784 P.
427 1747 495 1786 99.
537 1740 605 1786 τά
647 1742 843 1799 νεῦρα]
886 1745 1026 1798 Vulgo
1058 1757 1108 1786 τε
1137 1752 1234 1798 post
1262 1743 1411 1796 νεῦρα
1439 1745 1743 1798 interponitur,
1775 1743 1889 1795 quod
1911 1742 2042 1784 omisi>
2099 1789 2117 1794 ,

243 1802 499 1842 auctoritate
536 1800 666 1842 Coisl.
697 1803 796 1841 Vat.
825 1802 953 1842 Vind.
975 1801 1014 1842 Φ
1045 1801 1141 1842 Par.
1166 1799 1402 1841 CEGHIL
1440 1802 1586 1842 Ambr.
1627 1800 1740 1846 Flor.
1771 1811 1795 1839 a
1816 1800 1842 1839 b
1865 1813 1887 1839 c
1909 1800 2036 1840 dim

245 1858 357 1909 Aug.
383 1865 422 1898 et
442 1857 631 1898 Eusebii.
675 1857 908 1898 Servarunt
929 1857 1109 1898 Bekker.
1134 1857 1306 1909 aliique.

358 1920 481 1976 οἷός
511 1920 555 1968 τ’
587 1915 633 1979 ἦ]
657 1927 931 1968 Scribebatur
950 1916 1026 1980 ἧν,
1051 1928 1165 1978 quod.
1188 1940 1210 1967 e
1229 1928 1340 1971 Ven.
1362 1928 1403 1968 Λ
1424 1926 1518 1970 Par.
1542 1928 1560 1967 I
1583 1934 1623 1967 et
1643 1940 1706 1980 pr.
1731 1924 1860 1969 Coisl.
1882 1927 1977 1969 Par.
2000 1926 2045 1966 E.

242 1989 289 2023 ut
308 1996 439 2037 supra
459 1997 501 2037 p.
526 1986 580 2026 98
601 1984 634 2024 Β
655 1984 931 2026 mutavimus.

354 2051 453 2095 καὶ
494 2047 692 2109 ταύτῃ]
733 2055 848 2094 Hanc
870 2055 1094 2094 lectionem
1114 2061 1287 2094 tuentur
1316 2054 1427 2094 Flor.
1451 2064 1476 2092 a
1497 2054 1523 2093 b
1543 2065 1564 2092 c
1587 2053 1615 2094 d
1633 2065 1674 2092 m
1702 2052 1896 2093 Vatican.
1918 2054 2027 2092 Ven.

241 2109 334 2151 Ha
355 2122 441 2151 sec.
463 2123 520 2151 m.
543 2111 635 2152 Par.
661 2112 706 2151 C.
751 2111 887 2152 Ceteri
907 2111 999 2150 libri
1020 2124 1115 2151 cum
1137 2111 1258 2151 Bodl
1281 2115 1524 2150 constanter
1543 2108 1698 2150 ταῦτα
1718 2107 1890 2161 habent,
1914 2109 2031 2161 quod

241 2167 362 2207 nobis
394 2168 564 2231 quidem
595 2179 734 2207 errore
762 2174 908 2207 natum
937 2168 1117 2210 videtur.
1165 2166 1280 2206 Nihil
1314 2165 1496 2220 profecit
1529 2164 1744 2206 Heindorf.
1777 2140 2028 2230 corrigendo

243 2221 398 2263 ταῦτα
430 2216 665 2288 πράττων.
708 2224 794 2263 Nec
823 2224 1111 2265 accusativum
1147 2222 1302 2264 ταῦτα
1336 2223 1604 2263 remotiorem
1641 2233 1738 2262 esse
1772 2222 2026 2274 putaverim,

239 2291 363 2330 quem
394 2280 466 2331 qui
496 2280 722 2332 explicavit
750 2281 833 2320 sic·
863 2277 948 2320 καὶ
977 2279 1131 2321 ταῦτα
1159 2278 1341 2320 ποιῶν
1368 2271 1573 2332 πράττω,
1604 2278 1650 2318 id
1675 2277 1856 2318 multum
1877 2289 2030 2318 vereor

238 2347 292 2374 ne
321 2347 399 2388 pro
432 2334 592 2376 Graeco
621 2335 840 2383 habuerit,
874 2337 988 2386 quod
1019 2338 1072 2376 ab
1101 2337 1337 2377 Graecitate
1368 2335 1538 2375 omnino
1560 2333 1797 2375 abhorreat.
1838 2333 2028 2374 Alteram

236 2390 462 2432 lectionem
492 2393 634 2436 Herm
665 2392 726 2431 sic
765 2366 974 2440 defendit,
1012 2398 1058 2432 ut
1097 2393 1240 2432 dativo
1280 2386 1461 2443 αἷρέσει
1499 2398 1670 2431 censeat
1700 2390 1785 2429 iam
1817 2390 1920 2430 satis
1957 2402 2035 2430 re-

237 2448 453 2500 spondere
475 2449 733 2512 praecedens
765 2443 849 2489 διὰ
877 2447 1031 2490 ταῦτα
1062 2457 1101 2488 et
1128 2450 1278 2489 verba.
1300 2444 1384 2489 καὶ
1412 2446 1566 2489 ταῦτα
1587 2446 1653 2503 νῷ
1675 2439 1863 2500 πράττω
1884 2446 2025 2486 decla-

236 2504 357 2544 randi
380 2506 516 2556 gratia
536 2504 826 2557 parenthetice
856 2505 1076 2545 interiecta
1098 2512 1269 2545 statuat.

340 2574 394 2669 113).
448 2569 715 2628 ῥᾳθυμία
750 2572 860 2627 εἴη]
907 2576 960 2617 V.
997 2569 1221 2628 ῥᾳθυμία
1251 2563 1312 2616 ἂν
1355 2571 1428 2626 εἴη
1462 2573 1678 2613 codicibus
1714 2572 1856 2612 invitis
1893 2584 2027 2626 prope

238 2641 352 2669 omm
386 2643 451 2670 us.

234 2768 295 2808 les
338 2767 404 2806 hic
446 2769 556 2807 ridet
587 2768 806 2821 Socrates,
840 2769 939 2809 vide
970 2769 1085 2820 apud

231 2823 342 2864 Plut.
374 2823 436 2863 De
466 2824 605 2876 placit.
635 2824 739 2877 phil.
778 2838 819 2877 p.
843 2826 924 2865 902
961 2826 1083 2864 alibi-

232 2877 364 2930 que.“
406 2879 672 2920 FORSTER.

285 2936 334 2976 E
378 2932 614 2988 βέλτιον
657 2929 832 2989 εἶναι]
877 2936 987 2975 Vide
1028 2937 1082 2976 ad

231 2988 390 3033 Criton.
414 3005 458 3058 p.
481 2992 974 3034 54B.De1u1e1urando
1000 2992 1080 3032 So-

229 3049 360 3089 cratis
388 3042 449 3102 νὴ
480 3042 564 3090 τὸν
593 3041 717 3089 κύνα
744 3061 785 3087 ν.
817 3049 871 3088 ad
893 3049 1063 3102 Agpolo
1068 3080 1077 3090 .

225 3117 272 3158 p.
296 3106 349 3144 22
372 3105 410 3144 A
433 3112 472 3145 et
494 3103 619 3158 Gorg.
643 3118 685 3157 p.
708 3105 791 3144 482
814 3104 861 3144 B.

283 3161 328 3200 Ρ.
353 3162 421 3202 99.
473 3150 505 3227 ἢ
565 3157 697 3213 περὶ
745 3157 986 3213 Μέγαρα
1047 3175 1077 3214 η

227 3212 537 3268 Βοιωτούς]
579 3217 687 3258 Nam
715 3216 887 3256 fuemnt
916 3217 994 3257 hae
1016 3218 1074 3256 ci-

226 3274 377 3313 vitates
401 3274 592 3314 confines
614 3274 778 3314 Atticae
809 3275 1075 3325 maximeque

223 3330 507 3383 propinquae,
537 3342 740 3382 quorsum
770 3329 966 3370 Socrates
996 3343 1072 3382 po-

225 3386 380 3426 tuisset
409 3386 616 3439 aufugere
647 3385 866 3435 facillime,
906 3387 940 3426 si
969 3388 1085 3432 ami<

227 3454 370 3483 corum
400 3444 606 3495 consiliis,
642 3444 693 3483 de
726 3443 876 3493 quibus
906 3456 945 3483 v.
981 3444 1072 3483 Cri-

1171 2777 1258 2808 ton.
1281 2781 1324 2820 p.
1346 2768 1460 2807 45A
1485 2780 1549 2818 sq.
1583 2774 1685 2821 etp.
1709 2768 1763 2808 53
1787 2767 2021 2819 B‚obte1n-

1170 2837 1324 2887 perare
1342 2824 1565 2863 voluisset.

1226 2873 1329 2929 πρὸ
1362 2878 1461 2920 τοῦ
1492 2873 1756 2933 φεύγειν]
1791 2879 2022 2920 Construc-

1170 2937 1326 2976 tionem
1355 2936 1661 2975 illustravimus
1691 2937 1746 2975 ad
1766 2936 1948 3001 Ap010g3
1970 2950 2014 2990 p.

1168 2993 1223 3033 28
1245 2992 1278 3031 D
1316 3000 1355 3031 et
1392 2990 1550 3034 Criton.
1584 3005 1626 3045 p.
1650 2991 1771 3032 5413.
1804 2992 1860 3032 ef.
1893 2993 2015 3033 etiam

1167 3048 1425 3088 Matthiae
1446 3046 1514 3088 Gr.
1538 3045 1577 3115 S
1592 3049 1676 3089 450
1696 3061 1796 3090 ann.
1822 3050 1860 3090 1.
1883 3049 2015 3090 Usum

1165 3106 1282 3145 verbi
1312 3097 1693 3158 άποδιὸρασκειν
1721 3105 1940 3157 attigimus
1962 3105 2017 3145 ad

1167 3159 1325 3202 Criton.
1350 3175 1391 3215 p.
1411 3162 1468 3202 48
1490 3161 1541 3202 D.

1220 3215 1321 3258 καὶ
1344 3211 1525 3271 ταύτῃ
1544 3214 1619 3273 νῷ
1640 3209 1888 3269 πράττω]
1909 3216 2013 3257 Sen-

1161 3275 1295 3314 tentia
1323 3274 1428 3313 haec
1460 3282 1540 3314 est·
1576 3281 1625 3313 et
1654 3273 1793 3322 quod
1828 3272 2012 3312 hacte-

1162 3343 1256 3370 nus
1286 3343 1326 3368 m
1344 3336 1460 3370 ente
1490 3342 1661 3382 agam,
1683 3335 1891 3380 quatenus
1915 3341 2014 3369 ossa

1162 3396 1201 3426 et
1242 3399 1396 3427 nervos
1438 3386 1644 3432 habeam,
1683 3397 1849 3436 neque
1889 3397 2009 3425 vero

1161 3449 1402 3491 eatenus,
1473 3442 1608 3493 quod
1678 3453 1874 3492 sequar
1934 3441 2014 3493 id,
