2158 3718
589 0 606 15 Λ
654 29 669 38 l
721 0 1068 38 5:3333fflffl51m3'3r13fl„

671 40 693 52 ,ἢ
716 43 722 50 ι
758 40 761 43 >
823 39 835 56 ¹!
883 36 901 49 'w
926 40 927 44 ι

1000 27 1013 52 ι’(
1028 23 1031 27 ‘
1047 23 1099 40 ’.ενι
1119 28 1122 29 ’
1138 31 1140 35 ν

748 126 750 129 ’
788 164 795 169 ,
840 112 1099 164 PHAEDO
1133 135 1175 177 p.
1199 121 1268 162 62.
1315 162 1319 166 .

1072 0 1303 16 7-3-.:.„5„,‡.„,-„
1334 0 1418 13 ,ης-Ἲ-
1709 0 1726 6 ,.
1775 0 1781 6 ι

1114 10 1134 26 xs:
1149 11 1230 29 :Ut-50*
1256 23 1258 26 .
1278 15 1287 26 -,
1318 15 1323 20 =
1338 15 1364 34 ...11
1450 10 1459 22 ι’

1871 118 1937 171 97

168 259 436 318 οὐδέποτε
472 258 735 331 τυγχάνει
772 265 847 331 τῷ
886 260 1190 331 ἀνθρώπῳ,
1230 258 1410 329 ὥςπερ
1437 260 1530 312 καὶ
1555 251 1748 326 τᾶλλα,
1789 260 1940 311 ἔστιν

167 347 259 402 ὅτε
314 348 408 401 καὶ
464 339 548 410 οἷς
599 346 823 414 βέλτιον
878 347 1147 400 τεθνάναι
1201 343 1236 413 ἢ
1288 348 1401 413 ζῆν.

1479 336 1562 406 οἷς
1610 343 1671 397 δὲ
1718 342 1940 411 βέλτιον

165 432 453 500 τεθνάναι,
492 427 823 500 θαυμαστὸν
862 434 994 493 ἴσως
1031 445 1119 483 σοι
1159 431 1445 498 φαίνεται,
1487 429 1538 480 εἰ
1571 428 1790 490 τούτοις
1825 435 1941 489 τοῖς

167 516 492 587 ἀνθρώποις
537 513 610 585 μὴ
660 514 819 568 ὅσιόν
869 515 1022 568 ἐστιν
1072 511 1278 577 αὐτούς
1333 510 1566 575 ἑαυτούς
1615 505 1680 566 εὖ
1736 520 1939 580 ποιεῖν,

159 601 235 655 ἀλ
281 601 294 621 ’

350 599 525 654 ἄλλον
587 601 676 652 δεῖ
732 600 1052 669 περιμένειν
1116 597 1431 670 εὐεργέτην.

1508 598 1619 649 Καὶ
1675 596 1703 650 6
1759 597 1942 666 Κέβης

163 685 338 756 ἠρέμα
379 685 736 786 ἐπιγελάσας,
762 683 921 737 Ἴττω
962 684 1127 752 Ζεύς,
1169 686 1295 753 ε’φη,
1334 687 1401 754 τῇ
1442 680 1618 735 αὑτοῦ
1657 685 1823 751 φωνῇ
1862 682 1941 734 εἰ-

163 770 305 823 πυόν.

165 851 307 908 εἶναι
345 852 579 922 άλογον·

381 769 492 822 Καὶ
536 789 643 838 γαρ
693 790 764 822 αν
811 769 1050 837 δόξειεν,
1100 771 1206 838 ε’φη
1246 767 1274 821 ὁ
1314 767 1646 837 Σωκράτης,
1699 764 1847 820 οὕτω
1884 765 1936 834 γ’
1962 782 1994 821 Β

647 852 714 906 οὐ
751 853 942 923 μέντοι
981 852 1105 906 ἀλλ’
1147 858 1278 916 ἴσως
1324 855 1434 921 ἔχει
1481 872 1606 904 τινα
1644 851 1833 919 λόγον.
1912 848 1940 904 6

163 960 266 1010 μεν
303 932 410 993 οὖν
452 940 514 993 ἐν
553 937 886 1007 ἀπορρήτοις
913 938 1211 1006 λεγόμενος
1249 936 1376 1004 περὶ
1415 934 1604 989 αὐτῶν
1642 936 1825 1005 λόγος,
1867 956 1942 998 ως

277 1096 573 1148 φαίνεται]
598 1098 825 1149 φανεῖται
847 1109 954 1136 corr.
977 1097 1186 1148 Hirschig.

276 1161 403 1210 &aad
415 1183 441 1210 ν
462 1161 555 1209 ἐστ
569 1182 585 1208 ι
599 1164 648 1221 ν]
672 1161 800 1209 ε’στιν
821 1175 1052 1221 praeeunte
1072 1167 1263 1207 Bekkeio
1288 1180 1309 1206 e
1330 1167 1426 1206 Vat.
1451 1168 1556 1210 Ven.
1571 1166 1621 1207 Π
1638 1165 1764 1206 Vind.
1778 1165 1816 1206 Φ
1840 1164 1935 1207 Par.

163 1227 364 1268 GAmbr.
386 1224 1051 1292 F101.daddidi.B0dl.sup1-a
1079 1237 1248 1264 versum
1279 1224 1412 1277 ponit.

161 1283 261 1323 Mox
282 1284 377 1323 Vat.
401 1283 547 1324 Ambr.
572 1281 626 1324 al.
652 1273 824 1322 ἑαυτοῦ
849 1295 900 1334 φ.

1454 1223 1628 1275 Recepit
1651 1223 1773 1263 etiam
1796 1222 1936 1263 Herm.

273 1340 319 1381 B.
353 1331 475 1379 ἄλλ’
516 1337 647 1386 ἴσως
690 1333 828 1402 ε’χει]
875 1337 945 1378 Sic
972 1339 1069 1379 Vat.
1093 1338 1200 1380 Ven.
1230 1336 1422 1379 HVind.
1448 1336 1653 1378 ΦΑιιιὶιικ
1679 1337 1792 1376 Vett.
1818 1335 1934 1378 editt.

161 1388 266 1438 ἄλλ’
290 1394 399 1444 ἴσως
419 1410 446 1448 γ
456 1387 605 1449 Ηέχει,
628 1395 741 1446 quod
761 1395 923 1448 primus
946 1394 1124 1434 mutavit
1146 1393 1402 1447 Stephanus.

161 1550 360 1586 verum,
376 1536 588 1577 absolut
609 1535 767 1587 wahr,
791 1545 837 1575 ut
855 1536 1007 1576 docent

159 1595 287 1634 verba
307 1594 482 1645 reliqua
526 1594 654 1634 Cuius
683 1592 1005 1645 significationis

162 1651 354 1703 exempla
375 1648 608 1702 suntGorg.
632 1663 675 1703 p.
690 1651 830 1693 503A.
859 1649 1004 1703 Symp.

160 1721 202 1761 p.
228 1707 376 1750 1800.
419 1706 598 1749 Phaedi
630 1720 671 1759 p.
695 1708 778 1747 244
800 1708 849 1746 Α.
894 1708 1006 1747 istud

160 1773 299 1804 autem
339 1760 421 1804 καὶ
463 1751 610 1804 ταλλα
651 1763 760 1803 idem
794 1763 1005 1831 significat
1042 1794 1045 1796 .

162 1821 275 1871 quod
296 1817 379 1861 καὶ
400 1813 523 1862 κατὰ
546 1809 720 1884 τᾷλλα.
754 1820 880 1860 Porro
905 1815 1002 1861 ἔστι

159 1890 243 1917 ιιοιι
276 1878 412 1917 solum
445 1890 539 1916 cum
568 1867 647 1917 ότε
669 1877 1005 1917 connectendum

161 1942 238 1987 est,
261 1934 336 1974 sed
360 1934 487 1974 etiam
510 1947 603 1973 cum
626 1928 713 1982 οἷς,
731 1935 787 1973 ita
809 1942 854 1973 ut
877 1929 1003 1975 ἔστιν

159 1965 248 2043 οἷς,
278 1990 390 2030 idem
420 1992 474 2031 sit
502 1991 614 2042 quod
647 1983 806 2038 ἔνι’,οις
840 1990 891 2029 de
921 2002 1000 2041 quo

159 2060 199 2089 v.
227 2047 399 2099 Viger.
423 2060 464 2112 p.
488 2049 647 2098 234sq.
666 2054 775 2113 etp.
800 2048 895 2088 919.
922 2047 1002 2086 De-

159 2105 283 2155 nique
307 2117 357 2142 ne
380 2105 473 2153 quis
496 2111 593 2156 post
621 2099 808 2156 βέλτιον
830 2104 999 2156 partici-

106 2198 108 2202 ,
158 2162 274 2223 pium
295 2173 351 2200 ον
372 2160 723 2225 interponendum
745 2168 874 2212 putet,
893 2173 1002 2213 τυγ-

159 2209 326 2280 χάνειν
357 2217 481 2255 ctiam
514 2217 606 2255 sine
634 2217 852 2268 participio
876 2229 998 2255 usur-

158 2274 249 2326 pari
289 2279 469 2315 constat.
511 2272 637 2312 Cuius
668 2285 769 2312 usus
810 2273 1003 2325 exempla

157 2329 377 2369 Platonica
426 2330 461 2369 si
511 2329 742 2377 desideres,
782 2342 1001 2382 compares

158 2384 284 2438 Apol.
309 2398 352 2438 p.
377 2385 429 2425 38
441 2383 492 2428 A.
519 2386 642 2437 Gorg.
666 2398 708 2439 p.
727 2387 807 2426 502
820 2386 864 2428 Β.
889 2386 1000 2425 Prot.

157 2455 199 2495 Ρ.
225 2442 375 2483 313Ε.
398 2441 576 2482 Phaedr.
601 2455 643 2495 p.
668 2443 749 2483 230
772 2444 830 2494 Α,
866 2443 937 2482 ubi
961 2456 998 2483 v.

157 2505 300 2540 annot.

202 2547 541 2622 ,[οὖὸέποτε]
561 2555 720 2607 Kriiger
740 2554 779 2606 ς.
796 2555 863 2618 67,
882 2557 922 2603 4,
944 2553 1000 2607 1.]

223 2615 360 2655 Ιττω
405 2604 513 2652 Ζεύ
526 2608 567 2666 ς]
615 2611 753 2652 Scliol.
796 2605 847 2652 τὸ
892 2610 1002 2652 ἴττω

158 2660 549 2738 ἔπιχωριάζοντός
592 2661 718 2710 ἐστιν
767 2660 875 2709 ἀντὶ
918 2668 1002 2708 τοῦ

158 2722 283 2778 ἴστω,
315 2722 370 2780 τῇ
391 2721 598 2765 Βοιωτία
627 2720 873 2779 διαλέκτῳ.
915 2726 1003 2764 Va-

159 2780 246 2821 lent
287 2781 388 2820 haec
431 2783 556 2821 verba
595 2781 648 2820 ad
689 2782 1002 2834 depingendam

160 2837 322 2878 Cebetis
352 2838 579 2890 ingenuam
611 2838 920 2890 simplicitatem
963 2847 1002 2877 et

158 2894 345 2934 nativum
406 2894 651 2941 candorem,
713 2894 846 2944 qualis
896 2895 1002 2934 inter

158 2950 337 2989 Boeotos
362 2950 543 2989 subinde
564 2951 830 3000 cernebatur,
865 2960 908 2990 ut
930 2953 1000 3003 qui

159 3012 303 3046 essent
325 3006 495 3046 omnino
517 3014 667 3045 natura
689 3013 728 3046 et
748 3007 889 3046 indole
909 3021 1002 3059 gra-

158 3063 295 3103 viores
333 3069 459 3114 atque
488 3062 657 3115 ingenio
694 3063 919 3114 tardiores,
960 3072 1002 3104 ut

160 3120 283 3159 etiam
316 3131 364 3159 eo
397 3119 566 3159 nomine
595 3119 707 3170 apud
736 3119 841 3159 alios
871 3119 999 3160 Grae-

158 3176 248 3215 ciae
288 3176 469 3228 populos
511 3175 798 3227 imprimisque
838 3177 999 3216 Atticos

160 3232 267 3271 male
298 3233 520 3282 audierint,
554 3233 605 3270 (le
628 3244 710 3281 qua
733 3244 776 3270 re
797 3245 835 3274 v.
862 3233 998 3286 intpp

160 3289 211 3328 ad
234 3289 332 3332 Hor.
346 3289 477 3342 Epist.
495 3289 541 3330 ll.
567 3289 603 3338 1,
618 3288 713 3329 244.
740 3287 844 3341 Nep.
866 3290 999 3330 Aluit).

161 3359 197 3387 c.
224 3347 289 3387 11.
314 3345 461 3398 Epam.
485 3357 520 3383 c.
545 3345 582 3385 5.
615 3343 813 3388 Similiter
835 3357 901 3397 ap
930 3348 998 3386 Ar.

157 3400 340 3443 Acharn.
383 3403 463 3442 911
511 3401 693 3441 Boeotus
733 3398 841 3442 ἴττω
886 3394 1003 3452 Ζεύς

160 3457 363 3498 exclamat
396 3466 434 3498 et
463 3458 578 3512 apud
608 3457 716 3497 Xen
750 3459 831 3499 A.n
866 3459 936 3497 Ill.
963 3460 999 3500 1

244 3542 374 3569 PLAT.
410 3541 581 3569 l’uAEl).

1091 1538 1131 1586 5.
1155 1537 1208 1576 26
1238 1535 1515 1589 Apollonides
1543 1534 1714 1587 quidam
1747 1539 1938 1574 narratur

1093 1594 1264 1634 Boeotio
1306 1605 1421 1633 more
1449 1592 1580 1632 verba
1618 1591 1771 1631 fecisse
1800 1589 1939 1645 βοιω-

1093 1644 1264 1700 τιάζων
1313 1649 1368 1703 τῇ
1413 1647 1564 1702 φωνῇ.
1627 1648 1799 1689 Lucian.
1845 1649 1936 1701 Iup.

1063 1715 1198 1771 frag.
1234 1708 1298 1748 14
1343 1706 1566 1759 Repmitur
1605 1705 1785 1745 formula
1826 1702 1937 1745 ἴττω

1096 1757 1228 1813 Ζεύς,
1252 1764 1304 1803 de
1325 1775 1470 1815 quav
1493 1761 1743 1804 Valcken
1769 1761 1934 1804 adEui.

1090 1819 1249 1864 Phoen.
1308 1821 1414 1860 1671
1475 1827 1515 1859 et
1569 1819 1687 1858 Hem
1703 1818 1932 1860 sterhus

1091 1878 1146 1916 ad
1185 1876 1368 1929 Hesych.
1390 1876 1437 1918 T.
1461 1876 1517 1916 ΙΙ.
1546 1888 1589 1928 p.
1616 1876 1682 1925 15,
1727 1875 1851 1914 etiam
1892 1874 1936 1913 in

1090 1934 1223 1988 Epist.
1248 1934 1351 1975 Plat.
1375 1933 1469 1975 VII.
1502 1945 1543 1985 p.
1568 1933 1651 1973 345
1673 1931 1723 1970 A.
1767 1931 1937 1971 Fatetur

1090 1991 1214 2042 igitur
1246 1989 1380 2030 Cebes
1414 1989 1598 2041 ingenua
1627 1987 1808 2038 quadam
1839 1999 1935 2027 cum

1089 2047 1405 2087 asseveratione
1458 2046 1606 2084 miram
1658 2056 1762 2083 sane
1809 2045 1936 2084 istam

1092 2104 1220 2143 videri
1242 2103 1580 2156 repugnantiam,
1595 2113 1720 2151 quam
1738 2100 1934 2141 Socrates

1090 2173 1201 2198 nun(
1222 2160 1363 2212 ipsum
1386 2158 1692 2199 memoraverit.
1714 2154 1935 2210 [Ριοῖττω

1093 2209 1210 2263 Ζεύς
1250 2216 1406 2256 Boeoto
1450 2214 1746 2267 Aristophanis
1788 2214 1812 2256 l.
1847 2214 1873 2257 l.
1913 2227 1936 2254 e

1088 2272 1285 2312 lemmate
1326 2271 1579 2312 scholiastae
1618 2270 1829 2310 redditum
1873 2277 1936 2311 est

1091 2327 1200 2370 ἴττω
1224 2321 1362 2376 Δεύς,
1393 2328 1506 2380 quod
1527 2328 1753 2380 quominus
1775 2328 1816 2366 in
1838 2327 1933 2366 Pla-

1088 2393 1227 2426 tonem
1269 2386 1524 2439 recipiamus
1556 2385 1695 2425 obstat
1732 2384 1934 2423 librorum

1090 2442 1340 2493 auctoritas,
1373 2454 1468 2481 nam
1492 2442 1612 2481 etiam
1634 2440 1770 2480 alias·
1761 2453 1802 2480 ιιι
1825 2440 1935 2479 hanc

1090 2498 1312 2539 iormulam
1353 2499 1521 2552 irrepsit
1559 2497 1695 2538 forma
1731 2497 1934 2550 vulgaris.

1076 2554 1353 2620 ‚-A11re11s‚De
1374 2556 1471 2596 dial.
1496 2556 1526 2595 1.
1550 2567 1591 2608 p.
1619 2555 1710 2598 175.
1738 2551 1854 2608 177.]

1145 2613 1192 2652 Β.
1225 2604 1370 2653 οὕτω
1401 2604 1470 2666 γ’]
1516 2613 1595 2651 sic
1634 2611 1819 2677 primo
1839 2610 1930 2650 ad-

1090 2676 1272 2722 spectu
1320 2670 1345 2709 i.
1398 2682 1436 2720 q.
1487 2661 1548 2716 ὥς
1597 2680 1745 2715 ουτως
1791 2659 1934 2708 οἱκού-

1090 2731 1194 2779 σαι,
1235 2738 1378 2765 wenn
1410 2731 1609 2764 manes
1640 2737 1692 2765 so
1724 2723 1855 2767 hort.
1890 2736 1931 2765 v.

1088 2782 1321 2835 Euthyphr
1347 2795 1384 2836 p.
1412 2782 1499 2823 3Β.
1522 2781 1620 2834 Lys.
1645 2794 1688 2834 p.
1712 2782 1794 2821 216
1816 2782 1853 2820 Α
1876 2779 1929 2823 cf.

1087 2839 1305 2879 Reizius
1328 2839 1379 2878 ad
1401 2839 1545 2902 Viger.
1571 2852 1611 2891 p.
1633 2838 1729 2879 744.

1146 2890 1269 2949 ἔχει
1309 2888 1438 2937 τινὰ
1459 2868 1670 2949 ιὩλόγον]
1715 2906 1813 2933 ιιοιι
1856 2900 1928 2933 te-

1087 2964 1245 3000 mere,
1280 2964 1376 2993 non
1406 2952 1520 2992 sine
1560 2951 1769 2991 ratione
1799 2951 1930 2990 dici-

1088 3017 1189 3057 tur,
1208 3020 1307 3048 uon
1330 3021 1415 3048 car
1429 3014 1475 3048 et
1497 3009 1688 3048 idonea
1710 3007 1931 3059 quadam

1087 3066 1302 3107 ratione.

1144 3113 1202 3162 ἐν
1225 3113 1577 3175 άπορᾇτοις
1601 3117 1727 3174 λεγ.]
1751 3119 1928 3170 Olym-

1087 3178 1343 3230 piodorus
1385 3179 1439 3218 ad
1478 3177 1520 3217 h.
1553 3176 1841 3229 l.,Proelus
1877 3175 1931 3214 ad

1088 3233 1208 3275 Polit.
1243 3247 1282 3287 p.
1308 3235 1402 3279 372,
1435 3234 1502 3273 alii
1534 3240 1683 3286 putant
1712 3232 1929 3272 Socratem

1089 3291 1305 3342 respicere·
1344 3291 1396 3330 ad
1452 3290 1652 3341 mysteria
1698 3287 1926 3327 Eleusinia.

1090 3346 1206 3394 Quae
1236 3347 1445 3386 sententia
1474 3359 1569 3385 cum
1591 3346 1672 3384 iam
1696 3359 1770 3398 per
1791 3356 1837 3383 se
1858 3343 1930 3382 ha-

1090 3403 1185 3442 beat
1213 3403 1325 3454 quod
1354 3411 1521 3444 moveat
1543 3402 1695 3442 erroris
1725 3400 1929 3453 suspitio-

1094 3471 1203 3509 nem,
1227 3467 1313 3499 tum
1336 3471 1592 3511 magnopere
1614 3457 1808 3509 displicet
1830 3467 1928 3508 pro-

1559 3526 1587 3575 7
