2158 3718
774 112 1033 155 ΡΗΑΕοο
1066 124 1110 167 p.
1145 115 1240 155 106.
1786 110 1890 163 265

102 244 231 306 nov
273 252 590 320 γεγονε’ναι;
647 253 724 321 τῷ
771 254 947 303 ταῦτα
985 251 1206 319 λέγοντι
1253 246 1359 303 οὐκ
1397 248 1468 303 ἂν
1506 251 1727 318 ἔχοιμεν
1767 251 1890 302 δια-

109 336 406 405 μάχεσθαι,
446 333 531 388 &a
549 365 552 366 ⁷
569 332 673 388 οὐκ
712 331 1049 388 ἀπόλλυται·
1090 332 1152 388 τὸ
1179 332 1288 403 γὰρ
1314 332 1582 404 ἀνάρτιον
1608 330 1714 387 οὐκ
1740 331 1891 387 ἀνώ-

110 419 322 490 λεθρόν
361 421 540 473 ἐστιν·
585 419 704 473 ἐπεὶ
744 420 794 487 εἰ
828 422 994 472 τοῦτο
1023 416 1344 489 ὡμολόγητο
1382 416 1534 488 ἡμῖν,
1575 418 1781 488 ῥᾳδίως
1819 417 1891 471 ἀν

111 503 507 574 διεμαχόμεθα,
548 501 633 556 ὅτι
673 504 1016 567 ἐπελθόντος
1053 507 1155 556 τοῦ
1194 504 1391 573 ἀρτίου
1417 500 1480 556 τὸ
1508 502 1771 573 περιττὸν
1797 502 1892 555 xcii

110 586 176 641 τά
215 591 343 658 τρία
380 592 589 656 οἴχεται
627 586 889 641 ἀπιόντα·
932 588 1179 658 καὶπερὶ
1205 586 1384 657 πυρὸς
1421 588 1514 641 καὶ
1550 591 1771 657 θερμοῦ
1798 588 1891 640 καὶ

108 675 224 726 τῶν
261 670 450 725 ἄλλων
487 670 667 735 οὕτως
692 671 763 726 ἂν
799 673 1192 743 διεμαχόμεθα.
1245 671 1280 743 ἦ
1306 668 1401 736 οὕ;
1442 672 1609 725 Πάνυ
1634 671 1738 741 μὲν
1764 664 1889 724 οὖν.

112 753 343 810 Οὐκοῦν
380 756 473 809 καὶ
510 760 621 808 νῦν
659 757 786 826 περὶ
824 761 926 811 τοῦ
965 756 1275 825 ἀθανάτου,
1317 759 1368 810 εἰ
1400 757 1503 826 μὲν
1527 754 1661 826 ἡμῖν
1687 752 1891 825 ὁμολο-

77 848 289 909 Ανεῖται,
326 840 420 893 καὶ
458 838 791 911 ἀνώλεθρον
832 838 995 911 εἶναι,
1034 840 1184 912 ψυχὴ
1223 839 1295 896 ἂν
1333 846 1417 911 εἴη
1456 839 1597 910 πρὸς
1633 844 1708 910 τῷ
1747 838 1894 893 ἀθά-

110 944 277 987 νατος
324 921 469 978 εἶναι
516 927 610 978 καὶ
658 925 1007 996 ἀνώλεθρος·
1076 928 1127 979 εἰ
1171 927 1234 980 δὲ
1279 926 1380 995 μή,
1431 924 1608 978 ἄλλου
1655 923 1726 978 ἂν
1774 925 1891 978 δέοι
1922 942 1956 981 D

110 1008 304 1077 λόγου.
376 1007 523 1061 Ἀλλ’
571 1007 743 1063 οὐδὲν
781 1011 892 1078 δεῖ,
933 1013 1039 1080 ἔφη
1053 1051 1068 1078 ,
1119 1010 1324 1063 τούτου
1360 1029 1424 1077 γε
1461 1009 1651 1062 ἕνεκά
1720 1012 1894 1079 σχολῇ
1927 1036 1932 1040 ,

109 1090 218 1161 γὰρ
257 1091 329 1145 ἄν
364 1112 417 1146 τι
455 1090 594 1145 ἄλλο
634 1091 864 1162 φθορὰν
901 1092 974 1164 μὴ
1014 1095 1258 1162 δέχοιτο,
1308 1094 1359 1146 εἰ
1392 1091 1456 1146 τό
1493 1113 1567 1161 ’γε
1605 1089 1895 1146 ἀθάνατον

90 1177 296 1230 ,ἀΐδιον
332 1174 400 1229 ὂν
437 1174 667 1247 φθορὰν
705 1177 935 1241 δέξεται.

225 1320 270 1362 C.
303 1319 404 1362 δια
414 1314 735 1376 μάχεσθαι]
780 1318 1813 1375 dtauoexs'ooeofioctVat.Ven.AVind.d5Pa1-.
1838 1321 1896 1362 CI

110 1378 257 1419 Ambr.
285 1379 350 1417 Au
429 1376 536 1421 Flor.
560 1391 584 1417 a
605 1378 630 1418 b
655 1391 676 1416 c
699 1379 758 1418 di
780 1391 837 1420 m.

227 1428 280 1475 εἰ
317 1389 423 1487 μὲν
459 1427 616 1487 ἡμῖν]
645 1428 763 1494 ἡμῖν
786 1447 868 1475 om.
894 1433 1522 1477 Cois1.Vat.Vind.d5Pa1-.G
1553 1434 1695 1474 Ambr.
1718 1433 1828 1475 Flo.1
1851 1434 1892 1476 d.

111 1489 212 1530 Mox
247 1490 377 1530 Vind.
401 1489 440 1531 Φ
475 1491 622 1534 Ambr
663 1493 789 1531 εἰναι
802 1498 923 1555 post
957 1483 1076 1558 πρὸς
1111 1489 1174 1547 τῷ
1212 1483 1463 1538 ἀθάνατος
1474 1491 1704 1554 ignorant.
1755 1491 1810 1530 At
1846 1501 1894 1530 eo

113 1546 271 1586 omisso
291 1546 575 1587 scribendum
612 1547 692 1586 fuit
730 1542 846 1599 πρὸς
875 1545 937 1603 τῷ
970 1536 1222 1600 ἀθανάτῳ.
1262 1547 1368 1589 Tub.
1399 1538 1517 1600 πρὸς
1552 1539 1604 1588 τὸ
1642 1537 1897 1587 ἀθάνατον

112 1596 254 1646 εἶναι.

224 1658 273 1699 D.
307 1654 359 1699 εἰ
378 1651 439 1700 τό
461 1670 522 1712 γε
544 1651 870 1712 ἀθάνατον]
894 1658 1009 1714 εἴγε
1030 1654 1083 1700 τὸ
1106 1651 1194 1701 ἀθ.
1216 1659 1337 1702 Bodl.
1361 1659 1533 1700 Ven.H
1551 1659 1678 1700 Vind.
1706 1659 1758 1708 Y,
1783 1659 1896 1709 quod

116 1715 195 1755 etsi
215 1714 450 1768 probarunt
471 1716 621 1769 nuperi
643 1716 839 1767 editores,
862 1725 1003 1756 tamen
1026 1716 1223 1768 amplecti
1250 1715 1478 1759 noluimus.
1522 1715 1760 1756 Profectum
1784 1716 1896 1754 enim

114 1772 166 1812 ab
188 1770 240 1811 iis
264 1779 340 1818 est,
363 1772 436 1821 qui
455 1784 509 1825 γε
529 1774 639 1811 inter
667 1773 890 1812 articulum
914 1780 954 1811 et
975 1785 1130 1811 nomen
1150 1772 1311 1811 illatum
1333 1784 1459 1824 aegre
1479 1772 1649 1811 ferrent.
1691 1773 1747 1811 At
1770 1772 1895 1810 uimi-

114 1839 207 1867 rum
237 1827 543 1867 adhaerescere
571 1828 680 1868 solet
708 1828 860 1868 vocula
875 1828 1081 1891 articulo,
1112 1840 1207 1868 cum
1240 1829 1294 1867 ad
1316 1839 1468 1867 nomen
1491 1829 1702 1879 pertineat
1722 1827 1895 1867 alticulo

117 1883 404 1934 summotum,
427 1890 471 1923 ut
492 1883 534 1925 h.
558 1884 587 1927 l
611 1885 682 1925 ubi
704 1885 758 1924 ad
781 1877 1035 1926 ἀθάνατον
1056 1885 1240 1937 pertinet
1268 1883 1348 1923 hoc
1379 1896 1530 1923 sensu:
1562 1896 1708 1923 wenn
1739 1895 1896 1935 sogar

115 1940 208 1979 das
243 1940 435 1980 Unste1
445 1939 621 1980 bliche
659 1941 990 2006 Zerstorung
1019 1939 1336 1979 aufnehmen
1374 1939 1493 1981 soll.
1519 1951 1560 1978 v.
1584 1940 1637 1979 ad
1659 1939 1894 1992 Euthyphr.

113 2008 158 2048 p.
170 1997 224 2036 25
236 1997 300 2036 ed.
316 1996 437 2061 Lips3
442 2008 480 2039 a.
492 1996 616 2038 1823.
639 1997 736 2036 Ald.
757 2003 798 2036 et
815 1995 934 2036 Stob.
957 1990 1210 2036 αθάνατον
1231 1985 1441 2036 ἀΐδιον
1415 2008 1470 2036 ον
1492 1994 1585 2046 φθ.
1607 1993 1664 2042 δ.,
1675 1995 1893 2036 undeSte-

114 2051 245 2105 phan.
281 2052 379 2092 fecit
407 2044 660 2093 ἀθάνατον
689 2049 773 2093 καὶ
801 2045 964 2094 ἀΐδιον
993 2042 1048 2093 ὃν
1078 2065 1129 2104 φ,
1171 2052 1300 2091 Deest
1328 2043 1383 2092 ὅν
1411 2052 1453 2090 in
1476 2051 1574 2091 Bas.
1596 2053 1621 2091 2
1644 2051 1774 2093 Coisl
1799 2053 1896 2094 Vat.

115 2109 224 2149 Ven.
236 2109 277 2150 Λ
296 2108 427 2149 Vind.
440 2108 479 2149 Φ
501 2109 595 2151 Par.
608 2108 840 2150 CEGHIL
862 2110 1011 2149 Ambr.
1023 2109 1135 2160 Aug
1147 2108 1255 2148 Flor.
1275 2107 1495 2158 abcdim,
1514 2107 1586 2159 qui
1605 2106 1695 2148 καί
1707 2117 1893 2150 servant.

176 2247 222 2288 C.
258 2240 607 2300 Διαμάχεσθαί
638 2260 734 2288 τινι
763 2238 836 2288 ότι
873 2239 961 2289 οὐκ

116 2295 381 2345 ἀπόλλυται
401 2311 483 2344 est:
502 2304 829 2344 contendere
850 2317 962 2344 con

116 2369 192 2399 tra
223 2360 451 2411 aliquem
490 2372 755 2400 numerum
795 2361 962 2414 impa-

1048 2248 1107 2286 rei
1123 2247 1304 2286 multum
1322 2247 1581 2299 disceptatae
1601 2248 1733 2288 lucem
1757 2248 1898 2288 affun-

1050 2304 1151 2344 dent
1191 2315 1301 2354 quae
1341 2304 1613 2356 disputantm
1653 2304 1706 2343 de
1747 2304 1894 2343 eodem

1048 2367 1297 2412 argumento
1327 2359 1459 2412 Legg.
1490 2359 1544 2399 X.
1575 2373 1615 2426 Ρ.
1639 2361 1722 2401 904
1746 2362 1778 2399 Α
1802 2373 1894 2411 sqq.

116 2427 220 2455 rem
242 2427 342 2456 non
364 2416 598 2456 interire.

177 2468 228 2513 εἰ
247 2470 419 2513 τοῦτο
443 2465 777 2526 ὡμολόγητο
800 2466 959 2526 ἡμῖν]

117 2528 160 2568 si
200 2529 355 2568 nobis
395 2535 687 2577 constaret,
718 2529 763 2568 si
798 2529 861 2568 de
902 2541 960 2568 eo

117 2584 543 2624 consentiremus
572 2596 838 2624 numerum
876 2585 962 2623 im-

115 2651 291 2694 parem
312 2641 960 2691 manerenequeinterire,

116 2696 278 2736 facile
309 2697 465 2737 etiam
494 2697 884 2748 evinceremus,
918 2698 964 2736 si

117 2753 449 2793 accessisset
485 2753 536 2793 id
570 2754 705 2803 quod
742 2765 833 2806 par
864 2764 961 2801 est,

117 2808 256 2849 illud
295 2809 430 2859 quod
464 2809 633 2862 impar
670 2817 748 2849 est
785 2816 831 2849 et
869 2822 961 2849 nu-

118 2875 308 2903 merum
366 2866 650 2905 ternarium
709 2866 968 2906 continuo

119 2919 638 2971 discedereideoque
668 2933 764 2961 non
798 2922 964 2962 inter-

118 2987 210 3014 ire.

175 3023 419 3086 noos-›vgfi
449 3025 753 3080 ἀθάνατος
790 3027 963 3086 εἶναι]

119 3088 348 3138 animus,
405 3094 778 3140 praeterquam
829 3090 965 3140 quod

121 3143 192 3183 sit
220 3142 562 3195 immortalis,
589 3144 744 3183 etiam
774 3145 964 3184 interi-

118 3206 200 3239 tus
223 3211 415 3252 expers
437 3199 552 3240 erit.
588 3200 722 3240 Huius
744 3207 963 3240 construc-

118 3256 247 3296 tionis
266 3254 448 3295 formam
467 3255 523 3295 ad
538 3255 688 3309 Remp.
707 3255 761 3297 X.
784 3268 828 3309 p.
841 3257 966 3298 61οΕ

120 3318 162 3352 et
183 3311 361 3355 Phaedr.
386 3324 428 3365 p.
449 3312 532 3352 240
547 3311 622 3352 ΒΕ
643 3312 965 3354 illustravimus.

121 3367 242 3416 Quod
264 3375 404 3407 autem
420 3367 701 3422 philosophus
723 3368 967 3408 immortali-

121 3431 250 3464 tatem
272 3425 324 3464 ab
342 3425 534 3465 interitus
552 3424 740 3465 libertate
758 3425 964 3474 distinxit,

1049 2417 1125 2455 Hic
1155 2417 1325 2482 quidem
1356 2423 1477 2455 acute
1507 2408 1759 2457 ἀθάνατον
1790 2416 1895 2456 dici--

1050 2481 1129 2518 tur,
1162 2486 1186 2513 ο
1226 2486 1286 2512 αν
1315 2465 1536 2513 θάνατον
1575 2465 1640 2525 μὴ
1681 2468 1894 2526 δέχηται,

1049 2521 1329 2581 ἀνώλεθρον
1358 2534 1513 2579 autem,
1529 2529 1655 2595 quod
1687 2541 1895 2592 superve-

1051 2586 1193 2625 niente
1232 2585 1441 2625 contrario
1484 2559 1570 2625 όύκ
1612 2577 1894 2633 ἀπόλλυται,

1049 2641 1092 2681 id
1114 2641 1227 2692 quod
1249 2647 1391 2681 monet
1413 2642 1535 2680 etiam
1555 2641 1682 2682 Arist.
1701 2641 1807 2693 Top.
1821 2641 1894 2682 Vl.

1051 2711 1091 2750 p.
1114 2698 1339 2738 694=T.
1367 2699 1396 2739 Ι.
1430 2710 1471 2750 Ρ.
1496 2697 1578 2737 376
1601 2696 1717 2749 Sylb.
1760 2697 1894 2736 Nimi-

1050 2766 1140 2793 rum
1185 2746 1236 2794 τὸ
1274 2745 1528 2795 ἀθάνατον
1567 2765 1660 2792 cum
1705 2754 1896 2793 videatur

1049 2810 1174 2850 sicuti
1202 2803 1254 2850 τό
1284 2802 1537 2861 ἀνάρτιον,
1580 2802 1632 2850 τὸ
1663 2801 1897 2862 άθερμον,

1049 2859 1101 2906 τὸ
1139 2856 1384 2930 α’ψυκτον,
1415 2865 1496 2905 alia
1530 2866 1758 2906 accedente
1796 2878 1899 2906 con-

1048 2922 1177 2962 trario
1236 2934 1321 2962 non
1384 2922 1510 2962 modo
1562 2921 1770 2974 effugere,
1821 2922 1897 2962 sed

1052 2979 1178 3019 etiam
1200 2979 1372 3018 interire
1391 2990 1537 3042 posse,
1560 2980 1792 3031 prudenter
1813 2979 1896 3016 iam

1052 3046 1105 3073 ex
1124 3035 1218 3087 ipsa
1240 3033 1324 3076 τοῦ
1348 3027 1604 3075 ἀθανάτου
1626 3040 1775 3072 natura
1797 3045 1896 3085 pro-

1052 3091 1174 3130 batm
1205 3103 1301 3131 esse
1327 3090 1431 3130 illud
1470 3090 1568 3129 item
1599 3083 1894 3140 ἀνώλεθρον.

1052 3146 1143 3194 Quo
1168 3147 1337 3186 demum
1361 3153 1532 3186 ostenso
1557 3146 1681 3184 etiam
1704 3145 1895 3197 disputa--

1051 3202 1108 3242 tio
1132 3203 1184 3241 de
1210 3202 1479 3242 immortalite
1507 3202 1740 3240 animorum
1770 3200 1895 3253 piane

1052 3259 1247 3298 absoluta
1269 3267 1308 3297 et
1328 3259 1381 3297 ad
1403 3257 1527 3296 finem
1551 3257 1754 3309 perducta
1776 3264 1854 3296 est.

1107 3314 1158 3355 D.
1191 3307 1482 3366 τούτουγε
1508 3307 1696 3377 ἕνεκα]
1730 3323 1895 3363 quan-

1051 3375 1154 3409 tum
1186 3371 1391 3420 quidem
1423 3369 1483 3408 ad
1514 3368 1562 3408 id
1591 3369 1785 3407 attinet
1814 3378 1894 3406 usu

1050 3424 1277 3477 frequenti.
