2222 3762
368 172 438 222 70
977 171 1455 228 PLATONIS
1534 158 1538 162 '

377 322 510 390 ἔχεις
537 317 833 385 ἐπιστάτην
865 320 1084 388 λαβεῐνς
1109 321 1191 381 τίς
1215 321 1314 384 τῆς
1330 318 1596 386 τοιαύτης
1623 318 1953 386 &pariis-,1559
1969 318 2072 375 ἀν-

379 407 674 471 &omnivm
717 424 774 459 τε
828 406 919 457 καὶ
963 406 1270 467 πολιτικῆς,
1325 402 1638 472 ἐπιστήμων
1681 409 1859 466 ἐστι’νς
1916 402 2070 473 οἶμαι

381 486 490 556 7a'0
537 507 593 543 σε
640 490 916 559 ἐσκέφθαι
961 485 1050 540 διὰ
1099 482 1202 552 τὴν
1241 487 1354 540 τῶν
1377 492 1534 542 υἱέων
1574 490 1785 587 κτῆσιιν;
1827 493 1938 543 ἔστι
1975 509 2069 552 τις,

381 577 522 642 ἔφην
565 570 683 643 ἐγώ,
731 567 763 637 ὴ
812 569 920 640 οὕ,·
974 567 1135 624 Πάνυ
1182 591 1256 640 γε,
1301 563 1333 636 ἦ
1381 569 1420 626 δ’
1473 569 1552 634 ὅς.
1606 575 1715 635 Τίς,
1759 564 1827 638 ἦν
1866 571 1907 626 δ’
1953 569 2073 642 ἐγώ,

384 660 472 710 καὶ
520 652 802 718 noffomo'g:
848 657 938 708 καὶ
986 652 1162 709 πόσου
1210 653 1482 721 διδάσκει,
1543 653 1787 726 Εὔηνος,
1849 661 2069 730 ἔφη,ω

386 739 701 810 ..Σώκρατες
747 738 997 806 Πάριος,
1041 746 1138 794 πει
1146 759 1198 792 τε
1241 741 1411 806 μνῶν.
1481 741 1590 792 Καὶ
1637 738 1734 807 &7013
1781 738 1879 795 τὸν
1926 737 2074 806 Εὔη-

381 845 480 879 νον
526 823 848 892 ἑμακάρισα,
923 827 969 876 εὶ
1010 819 1082 885 ὡς
1125 821 1362 889 άληθῶς
1407 827 1508 893 ἔχει
1553 821 1766 889 ταύτην
1810 823 1912 890 τὴν
1961 830 2073 895 τέχ-

499 956 550 998 C.
593 955 665 999 Εἰ
704 954 770 999 ωἐ·
808 955 1027 1012 ἀληθῶς
1068 958 1201 1011 ἕχειῐ
1276 958 1321 999 V.
1357 959 1460 1011 ἔχοι,
1491 960 1605 1012 quod
1641 965 1846 1002 mutatum
1887 974 1940 1002 ex
1975 962 2074 1002 Par.

381 1016 470 1057 DS.
501 1015 621 1057 Flor.
655 1015 695 1056 d.
757 1017 862 1057 Dein
895 1016 1080 1068 ἐμμελῶς
1112 1014 1302 1057 διδάσκει
1343 1031 1420 1069 pro
1451 1018 1564 1069 vulg.
1597 1014 1688 1068 ἐμμ
1720 1015 1915 1059 διδάσκοι
1948 1032 2073 1071 prae-

380 1074 570 1115 buerunt
614 1074 739 1115 Bodl.
779 1075 889 1116 Veu
938 1075 986 1119 Ξ.
1026 1075 1066 1115 b.
1101 1075 1221 1117 Viud.
1262 1074 1301 1118 3.
1339 1075 1453 1115 Flor.
1494 1089 1530 1117 e.
1562 1089 1604 1128 g.
1639 1075 1676 1116 Ιι.
1717 1077 1823 1117 Zitt.
1859 1078 1956 1118 Par.
1989 1077 2074 1117 DS.

498 1126 598 1184 ἐγώ
613 1133 778 1200 γοῦν
821 1131 911 1174 καὶ
949 1127 1174 1204 apa-ds]
1199 1132 1245 1172 V.
1281 1127 1408 1186 ἔγωγ’
1449 1125 1704 1176 02521.Bodl
1741 1133 1843 1177 Ven
1876 1134 1916 1175 b.
1953 1134 2075 1175 Vind.

382 1189 424 1233 6
452 1186 537 1242 ἐγὼ
571 1181 667 1229 οὖν.
700 1189 789 1232 Sed
822 1196 942 1233 recte
972 1188 1056 1244 ἐγώ
1088 1190 1201 1244 γοῦν
1232 1193 1323 1231 Par.
1359 1191 1445 1231 DS.

380 1317 423 1356 p.
465 1303 565 1348 314.
614 1304 662 1347 Β.
696 1304 745 1345 C.
785 1303 900 1348 HSt.
944 1304 1106 1356 Cratyi.
1141 1320 1181 1358 p.

381 1362 480 1406 391.
522 1361 573 1402 C.
619 1362 753 1416 Hipp.
784 1361 889 1406 Mai.
931 1377 970 1415 p.
1003 1362 1101 1407 218.
1134 1363 1184 1404 B.

382 1418 627 1473 Xenoph.
668 1421 871 1473 Sympos.
915 1420 947 1461 l.
989 1420 1030 1466 5.
1083 1421 1186 1462 Per-

383 1478 556 1531 stringit
602 1489 700 1520 eum
743 1477 823 1519 hoc
868 1481 1037 1520 nomine
1068 1479 1188 1520 Ari·—

387 1533 565 1588 stoph.
613 1535 735 1579 Avv.
777 1548 821 1576 v.
860 1534 960 1580 285.
1014 1540 1058 1577 et
1095 1549 1187 1589 sqq.

383 1593 486 1634 Hoc
526 1593 624 1633 loco
662 1592 792 1635 rideri
837 1593 1029 1646 videtur,
1072 1593 1188 1646 quod

384 1650 535 1692 Eveno
584 1649 741 1702 Pario,
787 1656 943 1705 utpote
992 1653 1187 1700 saluber—

384 1707 538 1749 rimum
582 1708 857 1750 institutionis
892 1712 1077 1763 pretium
1112 1722 1191 1762 po·-

385 1765 548 1814 scenti,
597 1765 709 1806 filios
763 1779 865 1806 suos
905 1765 1190 1808 instituendos

385 1822 629 1863 tradiderit.
705 1822 913 1865 Nimirum
955 1825 1191 1866 ditissimus

382 1882 518 1922 homo
558 1885 602 1920 et
643 1881 908 1934 largissimus
949 1882 1190 1924 divitiarum

383 1950 559 1979 suarum
599 1937 875 1992 dispensator
914 1946 1059 1982 tamen
1098 1939 1193 1980 filiis

385 1996 474 2035 suis
507 1995 759 2048 magistrum
792 1996 955 2051 deiegit
986 1998 1053 2038 viii
1089 2009 1193 2050 pre-

385 2053 447 2093 tio
472 2053 719 2095 docentem.
754 2053 960 2096 Ceterum
991 2055 1045 2096 de
1064 2060 1194 2108 gente

387 2109 622 2151 Galliarum
639 2117 682 2151 et
700 2111 1041 2165 Hipponicorum
1067 2125 1195 2165 prae-

385 2172 454 2209 ter
485 2166 746 2209 Gronovii
780 2170 910 2213 Obss.
935 2170 1011 2216 lv.
1031 2169 1069 2214 7.
1101 2169 1193 2209 Pe-

383 2225 555 2266 rizon.
602 2226 654 2266 ad
688 2227 864 2270 Aetian.
895 2228 947 2268 V.
980 2227 1036 2271 H.
1067 2225 1192 2269 XIV.

381 2282 452 2327 16.
483 2282 774 2324 Heindorf.
809 2284 861 2325 ad
892 2285 1120 2339 Protagor.
1150 2297 1191 2336 p.

381 2339 470 2385 465
502 2353 564 2390 sq.
605 2341 692 2382 vid.
726 2355 839 2393 quae
871 2356 1008 2397 nuper
1041 2343 1192 2394 dispu-

382 2399 488 2440 tavit
524 2397 850 2439 Boeckhius
894 2401 946 2442 de
990 2400 1192 2441 Oecono-

384 2456 468 2498 mia
499 2456 614 2497 civit.
634 2455 794 2498 Athen.
813 2458 867 2498 Τ.
887 2459 923 2500 li
960 2472 999 2510 p.
1022 2457 1078 2502 15
1097 2470 1191 2508 sqq-

442 2510 733 2566 ἐπιστάτην
823 2515 1016 2567 λαβεῖν
1102 2515 1190 2554 καὶ

386 2567 825 2638 μισθώσασθαι]
874 2574 935 2614 De
971 2585 1064 2612 soe.
1099 2570 1188 2612 ἑπι-

388 2624 563 2680 στάτης,
615 2629 731 2681 quod
765 2631 976 2682 significat
1017 2629 1189 2670 omnino

389 2698 503 2736 eum,
535 2687 603 2738 qui
635 2687 760 2727 alicui
791 2692 851 2727 rei
881 2692 1072 2741 praeest,
1102 2685 1187 2726 dis-

388 2744 561 2795 putavit
632 2743 713 2783 ΤΙι.
777 2744 1011 2787 Gataker
1072 2744 1184 2796 Opp.

386 2801 542 2842 Posth.
584 2814 622 2853 p.
654 2800 740 2846 877
771 2815 865 2854 sqq.
899 2827 953 2832 —
995 2801 1192 2852 μισθοῦν

386 2862 458 2905 ,εει
496 2859 702 2910 iocare3
747 2859 1028 2909 μισθοῦσθαι
1071 2873 1190 2901 οοη-

388 2914 617 2965 ducere,
649 2916 929 2962 redimere.

447 2972 496 3013 B.
539 2971 696 3013 πέντε
738 2975 908 3029 μνῶν]
956 2974 1069 3015 Mina
1117 2975 1190 3014 At-

384 3029 469 3070 tica
503 3031 731 3071 constabat
770 3039 939 3074 centum
974 3031 1187 3073 drachmis

385 3087 570 3139 Atticis;
605 3101 643 3128 v.
675 3088 879 3132 Pollux
910 3090 988 3131 IX.
1013 3089 1086 3140 59,
1119 3088 1191 3133 86.

382 3146 600 3191 Quocirca
637 3144 809 3188 Evenus
847 3148 1046 3202 exiguam
1082 3159 1189 3187 sane

385 3203 624 3256 sapientiae
645 3203 893 3247 mercedem
923 3203 1188 3258 postulabat,

383 3259 730 3313 quandoquidem
746 3262 1049 3314 Protagoram,
1069 3261 1188 3302 Gor-

383 3317 512 3370 giam,
546 3320 669 3370 auos,
701 3324 870 3361 centum
900 3321 1032 3361 minas
1056 3333 1182 3361 acce-

383 3375 503 3428 pisse
550 3379 784 3420 memoriae
840 3376 1045 3420 traditum
1103 3383 1185 3419 est.

1270 1306 1467 1358 Aequant
1516 1309 1659 1347 autem
1711 1306 1895 1359 quinque
1937 1306 2078 1347 minae

1267 1363 1358 1404 fere
1403 1362 1488 1406 125
1548 1362 1813 1404 {oachimicis
1877 1369 2077 1404 monetae

1271 1425 1461 1462 nostrae.
1542 1420 1630 1461 Sed
1692 1422 1826 1461 cessit
1873 1421 2078 1462 minerva!

1272 1479 1414 1532 pretio
1460 1478 1589 1520 etiam
1637 1479 1772 1532 magis
1812 1477 2077 1532 procedente

1274 1541 1485 1588 tempore.

1332 1593 1382 1634 εἰ
1425 1589 1492 1634 ὥς
1548 1588 1765 1646 άληθῶς
1815 1592 1953 1645 ἔχει]
2016 1593 2080 1634 De

1275 1651 1598 1693 constructione
1628 1664 1666 1694 v.
1688 1652 1878 1694 Matth.
1914 1650 1952 1703 ξ.
1975 1649 2076 1694 529.

1274 1709 1316 1753 3.
1355 1709 1575 1751 Videlicet
1602 1710 1757 1750 transit
1789 1708 1994 1750 Socrates
2025 1707 2080 1749 ad

1276 1768 1518 1808 orationem
1558 1772 1743 1815 rectam,
1789 1767 1847 1808 ita
1887 1771 1935 1807 ut
1967 1765 2079 1808 refe·

1276 1831 1346 1866 rat
1375 1836 1451 1866 sua
1488 1824 1622 1876 ipsius
1655 1825 1801 1876 verba,
1834 1837 1950 1876 quae
1975 1825 2078 1865 olim

1278 1881 1466 1937 Calliae*
1495 1883 1768 1934 reposuerit:
1822 1881 1938 1934 quod
1989 1881 2080 1923 fieri

1278 1939 1392 1981 solet
1439 1940 1479 1980 in
1529 1940 1731 1980 oratione
1781 1939 2080 1991 concitatiore,

1278 1996 1450 2050 quando
1483 2011 1549 2047 ea,
1584 2010 1695 2048 quae
1717 1995 1830 2038 facta
1857 2001 1971 2048 sunt,
2003 2009 2080 2037 uo—

1280 2056 1346 2097 bis
1370 2055 1512 2096 auimo
1533 2055 1658 2106 quasi
1688 2060 2080 2107 repraesentamus.

1279 2136 1335 2142 —
1376 2112 1521 2154 Verba
1570 2112 1656 2152 καὶ
1709 2109 1895 2153 οὕτως
1933 2109 2079 2163 ἐμμε-

1280 2170 1383 2210 λιῦς
1411 2169 1613 2211 videntur
1655 2183 1732 2223 per
1776 2170 1979 2223 dilogiam
2016 2171 2082 2210 in-

1281 2227 1512 2278 telligenda
1545 2240 1642 2268 esse
1683 2233 1727 2269 et
1757 2227 1812 2268 de
1844 2232 1944 2280 apta
1977 2240 2079 2268 con-

1280 2285 1489 2337 cinnaque
1521 2283 1704 2326 docendi
1743 2286 1911 2326 ratione
1952 2290 1997 2326 et
2026 2284 2082 2328 de

1278 2341 1453 2384 modico
1492 2343 1631 2395 pretio
1673 2343 1758 2383 τῶν
1788 2341 1909 2383 πέντε
1951 2343 2081 2393 μνῶν.

1276 2400 1384 2442 Nam
1418 2398 1586 2450 ἐμμελὲς
1631 2399 1786 2441 dicitur
1815 2401 2022 2453 quidquid
2055 2415 2081 2442 a

1277 2462 1400 2498 recto
1436 2457 1566 2498 modo
1610 2470 1694 2498 nou
1725 2458 1906 2499 recedit.
1944 2458 2082 2499 Meta-

1280 2514 1409 2568 phora
1435 2514 1544 2555 euim
1569 2521 1706 2555 sumta
1734 2520 1800 2556 est
1832 2529 1855 2555 a
1887 2516 2078 2565 musicis,

1277 2572 1349 2624 qui
1368 2578 1540 2613 servant
1560 2573 1874 2625 praescriptum
1901 2575 2080 2615 cauendi

1276 2627 1453 2670 modum
1490 2635 1881 2681 atquenumerum.
1922 2629 2080 2683 Magna

1274 2692 1415 2726 autem
1449 2685 1487 2724 iu
1523 2688 1663 2728 verbis
1704 2687 1814 2728 inest
1845 2687 2079 2729 urbanitas.

1273 2743 1383 2785 Nam
1418 2742 1624 2785 Socrates
1648 2746 1682 2786 si
1718 2744 1918 2792 dixisset:
1942 2742 2084 2787 οὕτως

1275 2796 1474 2848 εὐτελῶς,
1534 2803 1730 2843 Evenum
1794 2808 1924 2855 atque
1971 2804 2081 2846 adeo

1276 2858 1462 2899 Calliam
1518 2861 1644 2901 nimis
1703 2867 1852 2914 aperte
1900 2861 2083 2903 risisset.

1275 2917 1392 2958 Usus
1412 2922 1479 2957 est
1501 2917 1631 2970 igitur
1661 2932 1714 2959 eo
1745 2917 1967 2969 vocabulo,
1994 2932 2080 2972 quo

1277 2986 1405 3026 quum
1433 2976 1655 3017 videretur
1676 2976 1866 3017 Evenum
1891 2975 2079 3029 laudare,

1276 3041 1418 3072 tamen
1471 3041 1514 3073 et
1564 3033 1684 3074 huius
1733 3033 1806 3073 viri
1858 3033 2080 3076 levitatem

1277 3094 1321 3130 et
1360 3094 1601 3132 ceterorum
1646 3090 1931 3144 sophistarum
1977 3105 2080 3133 ava-

1275 3147 1417 3188 ritiam
1450 3148 1606 3189 acerbe
1638 3153 1820 3190 notaret.
1874 3145 2083 3191 Similiter

1275 3205 1418 3246 iocum
1461 3205 1545 3247 iam
1589 3203 1902 3248 Fischerus
1944 3208 2078 3248 inter-

1275 3268 1468 3315 pretatus
1503 3269 1585 3317 est,
1618 3276 1642 3304 a
1675 3275 1760 3316 quo
1793 3268 1935 3304 tamen
1968 3263 2007 3304 in
2027 3277 2079 3305 eo

1273 3319 1565 3372 dissentimus,
1597 3320 1713 3376 quod
1755 3318 1939 3370 ἐμμελῶς
1968 3320 2080 3364 idem

1271 3378 1447 3431 esseast,
1477 3375 1862 3434 (μιοᾱπροθύμωε.
1889 3377 2002 3420 Voc.
2020 3385 2083 3421 ta-
