2158 3718
349 148 471 187 LXX
978 150 1429 189 PROLEGOMENA

324 271 422 328 Ἀ.
459 293 521 344 sq
561 315 573 329 .
614 284 669 329 et
703 294 756 347 p.
786 277 904 330 150.
931 274 997 328 Β.
1027 272 1089 328 C.
1127 274 1317 345 ibique
1344 284 1523 331 annot.
1559 276 1827 332 Nimirum
1860 277 2052 333 festiva

346 346 438 400 ille
473 365 541 399 ur
578 364 786 415 anaque
822 365 955 400 usus
999 345 1170 398 ironia
1203 345 1297 401 his·
1326 347 1484 401 dictis
1523 348 1860 420 significavit,
1909 351 2052 418 quod

301 444 305 449 ι
347 435 606 486 quorsum
640 417 953 487 pertineret,
991 434 1100 468 non
1136 434 1319 471 omnes
1355 419 1631 488 assequuti
1654 427 1816 484 ’sunt,
1856 436 1975 473 sese
2000 430 2054 473 et

347 487 530 558 ipsum
566 506 745 540 amore
785 485 1082 557 sapientiae
1120 505 1237 540 esse
1273 488 1538 560 repletum
1563 498 1616 542 et
1643 489 1868 544 eandem
1892 508 2054 559 quam

347 557 578 611 maxime
624 576 823 628 cupere
866 556 923 608 in
971 555 1392 611 adolescentium
1434 559 1629 613 animis
1713 578 1931 614 enerare
1965 562 2054 615 vel

348 628 512 682 etiam
548 627 866 696 quaerend0‚
904 627 1284 698 percontando,
1332 629 1661 683 sermocinan
1701 649 1733 684 o
1781 639 2054 701 tamquam

346 707 563 769 partum—
598 698 832 767 aliquem
853 697 980 751 inde
1018 697 1224 752 elicere.
1265 696 1443 765 Quem
1465 699 1685 768 quidem
1708 701 1811 755 viri
1835 719 1895 754 sa
1934 700 2051 755 ien-

347 768 540 822 tissimi
577 787 812 821 amorem
845 769 1116 822 luculente
1141 769 1430 840 descripsit
1463 769 1657 824 Plato
1690 771 1749 825 in
1771 771 1895 826 Alci
1934 771 2054 825 iade

345 839 520 909 primo
595 878 608 891 .
638 840 757 892 131.
777 837 850 910 C.
878 857 1012 909 sqq„
1036 857 1198 908 quem
1222 839 1462 894 libellum
1495 841 1588 909 qui
1610 859 1786 912 nuper
1812 842 2055 912 spurium

347 928 411 962 ac
449 907 548 962 sub
590 908 798 963 iticium
836 928 954 963 esse
990 910 1382 976 iudicaverunt,
1419 910 1459 963 ii
1493 911 1551 964 in
1587 911 1834 965 fraudem
1869 931 1932 966 eo
1947 912 2052 984 ,in-

345 979 496 1033 ducti
531 982 675 1044 sunt‘,
715 980 860 1049 quod
894 980 1138 1035 Platonis
1177 979 1434 1036 Socratici
1474 982 1673 1052 scripta
1706 1000 1817 1036 non
1840 981 1908 1035 ab
1932 982 2054 1036 aliis

346 1050 739 1115 discreverunt,
789 1070 927 1121 quae
978 1052 1254 1105 maturiori
1289 1051 1593 1124 philosophi
1633 1052 1796 1108 aetati
1833 1062 2055 1124 accepta

345 1122 666 1175 referuntur.
726 1121 815 1174 Ita
859 1122 1026 1193 igitur
1064 1120 1329 1191 Socrates.
1388 1122 1570 1192 Atque
1617 1122 1744 1177 hinc
1778 1123 2054 1193 profectus

344 1191 505 1245 Plato
550 1210 667 1246 rem
702 1192 974 1261 aliquanto
1019 1193 1268 1264 provexit
1302 1194 1479 1247 altius.
1539 1191 1748 1247 Retulit
1784 1194 1928 1247 enim
1962 1193 2054 1247 ille

347 1260 679 1317 Socraticam
726 1263 922 1317 amoris
967 1263 1354 1334 professionem
1387 1270 1496 1317 no'n
1542 1272 1750 1317 tantum
1785 1263 1855 1317 ad
1890 1263 2054 1317 animi

345 1333 598 1387 virtutem
633 1341 727 1386 aut
748 1335 944 1387 mentis
967 1334 1229 1399 notiones,
1265 1352 1401 1403 quas
1440 1333 1716 1405 spectabat
1738 1334 1910 1404 ipsius
1935 1353 2051 1388 ma-

345 1404 531 1476 gister,
577 1404 689 1457 sed
720 1403 960 1456 traduxit
1002 1404 1147 1458 illam
1201 1406 1453 1459 continuo
1496 1404 1568 1457 ad
1604 1404 1841 1458 studium
1874 1423 2055 1458 rerum

347 1475 664 1538 divinarum,
713 1475 858 1544 quod
891 1474 949 1527 in
986 1475 1373 1546 cognoscendis
1411 1484 1572 1544 atque
1607 1475 1882 1529 intuendis
1916 1475 2054 1529 ideis

346 1546 723 1599 contineretur.
771 1544 992 1616 Quippe
1027 1545 1154 1599 huic
1193 1545 1284 1615 qui
1323 1545 1536 1599 deditus
1571 1545 1648 1598 ita
1683 1554 1846 1611 esset,
1883 1555 1946 1600 ut
1969 1554 2052 1600 to-

346 1627 434 1670 tus
472 1625 779 1670 versaretur
814 1617 871 1669 in
914 1615 1152 1670 veritatis
1200 1625 1449 1670 aeternae
1487 1617 1931 1687 contemplatione
1967 1626 2050 1670 at-

346 1705 453 1756 que
500 1687 636 1740 alios
688 1705 900 1756 quoque
949 1686 1018 1739 ad
1063 1705 1181 1740 eam
1269 1687 1527 1741 erducere
1573 1696 1884 1752 conaretur,
1930 1705 2053 1741 eum

346 1757 563 1811 demum
598 1758 901 1828 perfectum
937 1757 1147 1810 censuit
1181 1707 1576 1828 philosophum,
1625 1766 1786 1827 atque
1822 1758 2052 1812 eundem

346 1829 507 1882 etiam
554 1829 852 1898 perfectum
887 1836 1176 1881 amatorem
1213 1847 1331 1882 esse
1366 1825 1644 1894 iudicavit,
1683 1830 1751 1883 de
1786 1847 1894 1899 qua
1929 1847 2052 1883 sen-

345 1899 515 1953 tentia
557 1918 608 1951 v.
659 1897 748 1952 De
793 1897 1025 1970 Republ.
1058 1898 1159 1952 III.
1200 1918 1254 1970 p.
1286 1900 1409 1952 402.
1444 1899 1512 1953 A.
1558 1918 1673 1969 sqq.
1718 1919 1773 1970 p.
1816 1899 1940 1953 403.
1977 1897 2051 1953 A.

342 1971 409 2023 B.
440 1967 505 2023 O.
534 1969 634 2023 VI.
660 1989 715 2051 p.
741 1971 864 2023 490.
889 1969 962 2022 Α.
987 1969 1052 2022 Β.
1082 1969 1143 2023 Ο.
1183 1978 1238 2023 et
1258 1969 1601 2023 Phaedonem
1633 1971 1765 2024 locis
1789 1970 2049 2042 plurimis.

343 2041 420 2093 Et
472 2039 806 2094 Socratlcam
852 2040 1069 2109 quidem
1116 2041 1377 2094 rationem
1422 2041 1690 2111 expressit
1735 2040 2052 2112 Xenophon

343 2113 403 2164 in
443 2110 761 2181 Symposi03
807 2111 1160 2175 Platonicam,
1199 2119 1258 2164 ut
1294 2111 1544 2176 diximm,
1582 2112 1641 2165 in
1675 2130 1784 2165 uno
1820 2112 2051 2164 maxime

343 2182 591 2236 Phaedro
652 2201 715 2236 ac
761 2180 1052 2254 Symposio
1099 2182 1399 2253 expositam
1441 2182 1726 2247 habemUS,
1782 2190 1846 2236 ut
1896 2182 2051 2236 facile

342 2254 468 2306 hinc
517 2271 837 2324 cognoscere
883 2262 934 2307 et
978 2253 1278 2323 intelligere
1326 2254 1502 2318 liceat,
1559 2260 1821 2323 quantum
1857 2253 2048 2306 discri-

342 2324 504 2376 minis
550 2324 692 2377 inter
747 2324 1031 2394 utriusque
1080 2325 1356 2394 scriptoris
1408 2322 1672 2378 Convivia
1718 2323 2049 2378 intercedere

343 2395 760 2448 existimandum
798 2395 883 2448 sit.
931 2394 1113 2464 Atque
1148 2395 1308 2448 huius
1344 2395 1515 2466 ipsius
1551 2396 1630 2449 rei
1666 2413 2048 2449 commemora-

345 2467 418 2518 tio
456 2474 729 2536 tamquam
768 2473 957 2537 sponte
993 2485 1093 2520 nos
1118 2466 1345 2535 denique
1371 2467 1439 2518 ad
1463 2466 1596 2519 illud
1631 2466 1866 2529 deducit,
1904 2465 2049 2535 quod

341 2538 405 2589 in*
434 2538 579 2590 hisce
614 2535 1019 2609 Prolegomenis
1045 2537 1242 2601 nostris
1267 2537 1454 2590 ultimo
1487 2538 1605 2591 loco
1630 2537 1893 2609 attingere
1918 2555 2045 2588 con-

344 2607 630 2660 stituimus„
1716 2648 1719 2649 γ
1926 2660 1931 2664 ,

414 2677 723 2729 Dicendum
770 2677 912 2730 enim
959 2678 1140 2730 adhuc
1187 2679 1374 2747 paucis
1413 2686 1495 2730 est
1531 2678 1598 2729 de
1634 2675 1857 2740 ratione,
1909 2694 2046 2745 quae

342 2746 496 2798 inter·
517 2745 855 2799 Platonicum
905 2754 958 2798 et
993 2746 1454 2817 Xenophonteum
1494 2745 1843 2817 Symposium
1879 2746 2044 2798 inter-

344 2816 514 2868 cedat.
587 2815 764 2868 Vetus
817 2824 900 2868 est
950 2823 1127 2869 autem
1181 2825 1235 2869 et
1278 2817 1402 2870 inde
1451 2816 1518 2870 ab
1566 2816 1836 2871 Athenaei
1882 2825 2044 2886 atque

345 2884 507 2939 Gellii
557 2894 728 2938 aetate
775 2885 843 2937 ad
887 2894 1122 2939 nostram
1168 2906 1339 2957 usque
1387 2887 1707 2941 memoriam·
1746 2896 2045 2959 propagata

340 2956 541 3027 opini0,
592 2964 736 3009 certa
771 2956 825 3008 in
864 2956 946 3010 his
983 2956 1237 3039 operibus
1276 2967 1460 3012 extare
1508 2967 1723 3012 mutuae
1762 2957 2043 3011 simultatis

342 3027 688 3090 documenta,
742 3045 880 3096 quae
928 3037 1208 3097 utr1usque
1257 3029 1532 3100 scriptoris
1583 3028 1789 3082 animos
1835 3028 2040 3081 disiun-

343 3098 561 3168 xe1·it*).
620 3095 777 3164 Quae
814 3098 995 3168 opinio
1032 3099 1164 3168 quid
1200 3099 1393 3154 habeat
1442 3099 1919 3154 verisimilitudinis
1957 3099 2041 3153 vel

398 3269 440 3320 Ι*)
485 3269 765 3369 §1²33ch
802 3269 879 3368 {X
920 3284 958 3323 p.
1001 3278 1092 3314 400.
1134 3265 1200 3315 D.
1233 3274 1452 3326 Diogen.
1495 3274 1631 3315 Laert.
1672 3272 1750 3313 III.
1792 3277 1857 3314 34.
1906 3270 2035 3314 Gell.
