2222 3762
1700 137 1782 194 LI

91 296 283 349 porum
347 276 758 347 Megarensium
818 274 1064 344 adeoque
1132 282 1247 327 tum
1297 274 1458 327 etiam
1502 274 1558 328 in
1606 276 1782 332 lucem

93 347 368 420 publicam
408 347 651 401 emissos.
729 343 944 412 Quibus
981 345 1250 416 evulgatis
1287 344 1404 398 fieri
1431 343 1646 400 demum
1683 367 1783 418 po-

91 420 215 487 tuit,
242 426 303 472 ut
339 425 530 489 postea
565 419 682 488 ipse
705 417 762 469 in
788 416 1070 487 Sophista,
1097 416 1330 470 Politico
1362 424 1417 470 et
1438 417 1781 488 Parmenide,

91 490 240 545 vitiis
279 498 504 561 argutae
542 498 598 542 et
634 488 910 559 captiosae
950 488 1191 541 eristices
1225 489 1447 556 notatis,
1475 486 1780 544 disserendi

88 561 352 618 rationem
388 561 691 614 Eleaticam
729 560 816 612 vel
849 560 1034 629 potius
1073 559 1411 630 Megaricam
1448 579 1674 629 eamque
1723 563 1780 615 in

89 632 281 686 melius
338 639 601 685 mutatam
658 630 1060 702 prudenterque
1119 637 1473 700 temperatam
1531 632 1602 684 ad
1652 651 1782 687 suas

89 703 439 773 quaestiones
487 702 802 755 traduceret
858 701 1107 772 adeoque
1143 702 1288 754 viam
1333 702 1488 771 quasi
1525 704 1779 774 praeiret,

90 793 199 843 qua
244 774 339 828 illa
389 782 534 828 esset
578 774 764 827 utilius
813 773 1093 826 utendum.
1167 773 1272 826 His
1309 793 1437 826 vero
1474 773 1551 826 ita
1589 773 1782 829 diluci-

91 845 232 901 datis
279 853 475 917 postea
525 845 757 899 accessit
807 845 967 897 etiam
1026 845 1251 915 propius
1306 844 1376 896 ad
1435 847 1785 914 quaestiones

86 916 251 989 longe
290 917 638 988 gravissimas
677 924 733 969 et
770 935 892 969 cum
930 916 1154 967 aliarum
1177 935 1357 968 rerum
1395 915 1780 985 disputationi-

88 988 192 1042 bus
228 988 434 1058 passim
472 988 824 1041 artificiosius
873 986 1159 1056 perplexas
1208 986 1274 1037 de
1314 987 1574 1039 scientiae
1610 990 1665 1050 vi
1703 998 1784 1042 at-

90 1078 195 1129 que
231 1059 476 1113 idearum
513 1059 755 1116 ratione..
797 1077 958 1127 quam
997 1056 1275 1109 doctrinae
1316 1076 1445 1110 suae
1482 1067 1690 1128 partem
1727 1061 1783 1114 in

89 1129 514 1196 Theaeteto,
542 1128 916 1199 Sophista,
945 1128 1255 1181 Politico
1294 1136 1349 1180 et
1373 1129 1784 1185 Parmenide

87 1201 398 1272 explicavit.
474 1199 640 1268 Quod
694 1198 969 1268 quomodo
1023 1200 1240 1267 fecerit,
1281 1199 1410 1252 alibi
1449 1200 1786 1271 disputatum

87 1279 187 1327 est.
256 1273 384 1326 Hoc
425 1272 553 1325 -loco
601 1270 738 1324 illud
789 1278 1002 1324 tantum
1039 1270 1369 1324 monendum
1405 1279 1677 1342 putaniuS,
1717 1274 1784 1328 de

89 1362 200 1413 quo
259 1344 434 1397 fusius
481 1343 831 1414 exposuimus
892 1341 1224 1395 Diatribe
1285 1343 1353 1394 in
1402 1343 1784 1399 Politicum

87 1415 420 1468 Platonis
473 1414 626 1484 Lips.
669 1415 822 1467 1840.
875 1413 1144 1467 sumtibus
1189 1413 1453 1467 Fritschii
1505 1414 1682 1485 edita,
1729 1438 1782 1488 p.

94 1488 162 1540 ‘20
181 1487 460 1556 sqq—37.
495 1485 785 1539 Theaeteti
823 1492 877 1538 et
912 1485 1247 1554 reliquorum
1283 1484 1623 1556 dialogorum
1661 1506 1783 1542 cum

89 1577 153 1612 eo
189 1557 602 1613 coniunctorum
637 1557 989 1627 scriptionem
1024 1556 1270 1627 Megaris
1305 1556 1523 1626 quidem
1561 1577 1784 1630 suscep-

86 1636 197 1682 tam
250 1647 352 1683 nec
400 1637 579 1683 tamen
626 1628 703 1682 ibi
750 1627 1094 1699 profligatam
1143 1646 1290 1696 esse,
1341 1628 1784 1698 quandoquidem

87 1700 357 1755 Politicus
395 1707 451 1752 et
485 1699 838 1752 Parmenides
875 1699 964 1752 vel
997 1706 1223 1769 propter
1247 1699 1546 1769 sapientiae
1575 1701 1783 1772 Pytha-

91 1771 309 1843 goricae
344 1771 581 1842 vestigia
616 1772 672 1824 in
709 1772 776 1824 iis
815 1771 1109 1839 conspicua
1137 1770 1253 1822 sine
1281 1770 1446 1824 dubio
1475 1791 1538 1824 eo
1567 1771 1784 1825 demum

90 1853 197 1896 tem
239 1843 594 1896 ore-absoluti
619 1851 763 1911 sunt,
782 1861 891 1911 quo
918 1841 1278 1913 philosophus
1304 1843 1622 1896 familiarius
1660 1863 1783 1897 cum

89 1863 453 1985 Pythagoreis
502 1921 854 1968 conversatus
904 1920 1034 1966 erat.
1123 1912 1236 1968 Sed
1287 1912 1353 1966 de
1408 1913 1493 1966 his
1554 1915 1783 1984 aliisque

89 1984 355 2039 similibus
421 1986 667 2040 conferas
717 1985 1012 2040 Diatriben
1059 1992 1298 2038 nostram
1347 1985 1381 2036 l.
1421 2004 1487 2053 c.,
1528 1987 1616 2039 cui
1675 2006 1784 2040 non

88 2056 427 2110 meminimus
482 2076 790 2126 quenquam
840 2055 943 2108 hac
990 2056 1045 2107 in
1083 2065 1238 2125 parte
1276 2057 1608 2127 refragatum
1645 2076 1784 2112 esse..

92 2127 210 2180 Iam
257 2135 386 2198 post
420 2127 520 2181 hos
571 2127 852 2198 dialogOS,
891 2127 947 2178 in
994 2127 1192 2193 quibus
1233 2126 1482 2179 Platonis
1533 2127 1599 2180 de
1646 2128 1784 2181 ideis

90 2197 340 2252 doctrina
389 2210 616 2250 eatenus
668 2206 753 2250 est
800 2198 1041 2268 perfecta
1088 2216 1175 2250 ma
1216 2197 1261 2248 is
1300 2205 1354 2249 et
1392 2208 1779 2267 consummata,

90 2277 360 2338 quatenus
409 2268 564 2321 ideae
603 2269 1039 2340 Megaricorum,
1077 2217 1287 2338 rigiffiae
1336 2267 1480 2337 illae,
1529 2269 1785 2323 immotae

88 2348 144 2393 et
180 2341 352 2395 omnis
392 2340 783 2394 communionis
818 2345 1086 2410 expertes,
1124 2359 1246 2392 cum
1283 2340 1552 2394 universis
1589 2341 1784 2395 mentis

88 2410 357 2465 humanae
395 2411 728 2479 notionibus,
765 2409 994 2465 Socrate
1023 2409 1160 2463 duce
1187 2410 1497 2481 exploratis,
1527 2419 1787 2481 tanquam

89 2482 435 2538 consociatae
501 2500 675 2551 eaque
736 2482 949 2534 ratione
1008 2481 1164 2535 vivae
1214 2489 1553 2556 vegetaeque
1606 2483 1783 2537 tactae

91 2562 251 2622 sunt,
291 2553 378 2609 ita
425 2562 487 2606 ut
534 2572 646 2606 non
692 2553 855 2606 modo
905 2571 1119 2605 omnem
1165 2553 1448 2606 scientiam
1497 2560 1551 2606 et
1599 2555 1786 2626 cogni-

87 2625 292 2678 tionem
327 2625 574 2678 veritatis
630 2624 882 2693 efficere,
943 2623 1041 2678 sed
1088 2624 1250 2676 etiam
1298 2624 1472 2677 omnis
1520 2627 1785 2679 essentiae

86 2697 198 2749 vim
244 2714 603 2766 caussamque
641 2696 922 2749 continere
971 2694 1362 2749 existimandae
1414 2703 1623 2760 essent3
1660 2705 1788 2767 post

87 2767 210 2835 hos,
247 2767 495 2835 inquam,
534 2767 722 2835 libros,
774 2767 867 2837 qui
906 2778 1034 2820 sunt
1082 2765 1149 2819 de
1185 2766 1445 2820 scientiae
1482 2767 1785 2822 rationibus

93 2846 256 2907 atque
279 2837 436 2904 ideis,
461 2838 704 2909 proxime
742 2837 1000 2909 deinceps
1037 2837 1093 2890 in
1128 2837 1304 2892 lucem
1332 2837 1536 2908 prodiit
1572 2839 1785 2892 Phae-

91 2908 283 2976 drus,
323 2909 558 2979 scriptus
595 2909 706 2977 ille,
749 2929 858 2978 quo
906 2916 1153 2978 tempore
1194 2909 1352 2961 Plato
1402 2928 1468 2962 ex
1516 2908 1785 2964 diuturnis

95 2980 380 3034 itineribus
426 2981 482 3032 in
530 2981 760 3050 patriam
809 2979 982 3034 redux
1040 2980 1215 3032 tactus
1277 2979 1679 3050 philosophiam
1728 2983 1783 3033 in

91 3050 392 3105 Academia
429 3050 627 3104 docere
667 3052 1042 3118 constituerat,
1073 3065 1127 3103 et
1151 3051 1336 3121 paullo
1364 3061 1488 3122 post
1526 3060 1785 3120 tanquam.

90 3122 453 3192 supplementi
491 3121 773 3176 cuiusdam
809 3122 932 3176 loco
961 3123 1425 3186 Menexenus;
1463 3124 1785 3193 prodierunt

93 3192 225 3246 item
262 3191 704 3264 Symposium
742 3205 796 3246 et
832 3192 1126 3246 Phaedo.
1202 3193 1268 3245 In
1320 3194 1518 3263 quibus
1564 3194 1785 3263 quidem

94 3262 277 3332 libris,
324 3263 489 3318 sicuti
541 3264 647 3316 iam
705 3273 868 3318 antea
935 3264 1393 3335 significavimUS,
1463 3283 1628 3333 quum
1679 3266 1785 3318 alia

97 3333 478 3404 disputantur,
538 3343 655 3386 tum
718 3334 977 3406 imprimis
1039 3335 1197 3388 etiam
1263 3334 1400 3388 illud
1460 3336 1669 3408 agitur,
1721 3343 1788 3386 ut-

1324 3433 1442 3485 D,
