2158 3718
396 228 399 231 Γ
454 154 1063 223 SYMPOSUJMp.
1104 154 1209 205 178
1246 154 1320 204 St.
1689 157 1761 208 35

71 302 329 367 ναυτῶν
360 303 517 357 θεῶν
559 305 771 371 τίμιον,
830 293 866 369 ἦ
911 300 962 356 δ’
1013 299 1109 366 ὅς,-
1160 298 1454 372 τεκμήριον
1513 303 1569 356 δὲ
1631 301 1758 357 τού-

70 402 202 440 του·
246 387 418 455 γονῆς
463 381 570 456 γὰρ
601 381 845 456 ’Ἑρωτος
886 381 1008 441 οὔτ’
1056 387 1191 441 εἰσὶν
1221 382 1349 440 οὔτε
1376 387 1630 454 λέγονται
1654 383 1748 440 ὑπ’

72 467 298 543 οὐᾷενὸς
358 465 485 531 οὔτε
542 466 764 524 ἰδιώτου
823 466 950 526 οὕτε
1003 470 1271 537 ποιητοῦ·
1325 464 1451 523 ἀλλ’
1497 466 1760 535 (Ησίοδος

70 554 291 625 πρῶτον
332 555 434 626 μὲν
469 549 609 624 χάος
649 557 781 629 φησι
822 558 1103 624 γενέσθαι,

191 641 194 644 ’
1286 633 1468 709 αὐτὰρ
1505 640 1692 693 ἔπειτα

237 716 355 788 γαῖ’
407 718 793 794 εὐρύστερνος,
839 722 1066 779 πάντων
1107 724 1228 786 ἕδος
1272 719 1519 796 ἀσφαλὲς
1565 726 1690 793 αἰεί,

235 799 330 870 ἡδ’
357 798 538 879 ”Ερος.

74 1025 217 1068 elicuit
261 1026 406 1080 τίμιον
445 1025 634 1079 ὄνειδος,
681 1038 939 1080 comparans
980 1024 1079 1067 illud
1121 1025 1481 1079 waldedrudae,
1530 1026 1758 1070 κάλλιστον

74 1083 238 1130 ὄνειδος
268 1087 313 1124 et
344 1083 520 1135 similia,
558 1083 612 1125 de
642 1084 798 1136 quibus
835 1097 875 1124 v.
910 1082 1065 1124 Muret-
1107 1083 1226 1124 Varr.
1259 1084 1406 1124 Lectt
1439 1071 1757 1129 1111811111-

76 1141 199 1182 cken.
230 1139 284 1181 ad
313 1139 544 1182 Phoeniss.
570 1154 610 1182 v.
638 1139 742 1185 828
773 1139 1034 1182 Wackefield
1067 1139 1123 1181 ad
1145 1140 1237 1194 Sop
1242 1139 1279 1182 Ι1.
1302 1140 1410 1182 Phil.
1443 1155 1482 1182 v.
1514 1143 1615 1186 476,
1646 1144 1756 1187 Rei-

74 1199 142 1252 sig
144 1195 385 1239 ..Enarrat
418 1196 572 1252 Oedip.
606 1197 698 1238 Col.
732 1211 773 1250 p.
804 1196 917 1239 CIX.
949 1196 1125 1238 Bastius
1174 1210 1278 1239 vero
1309 1197 1426 1239 istud
1455 1193 1484 1251 ἦ
1515 1199 1559 1239 ὃ
1594 1199 1646 1247 δ’ς-
1679 1201 1757 1244 de-

73 1254 252 1297 lendum
288 1254 509 1299 censebat
569 1253 628 1295 Et
671 1253 768 1365 hupic
804 1247 960 1296 rationi
997 1266 1135 1304 nuper
1173 1254 1266 1308 ipse
1298 1254 1543 1297 Creuzerus
1574 1260 1757 1300 accessit

75 1313 119 1353 in
149 1313 302 1353 Annal.
338 1311 550 1352 Vindobb.
585 1313 612 1353 l.
647 1325 684 1352 c.
792 1311 872 1355 137
902 1325 966 1365 sq
1003 1328 1024 1362 η
1062 1310 1104 1351 δ’
1143 1309 1192 1359 ὅς
1228 1317 1370 1353 ortum
1408 1319 1568 1367 putans
1595 1330 1619 1356 e
1651 1321 1755 1357 nota

73 1369 254 1423 margini
293 1367 512 1421 adscripta
549 1367 770 1421 ΗΔΟΣ,
815 1370 843 1410 i.
878 1383 916 1411 e.
950 1367 1177 1420 (Ησιόδος,
1224 1370 1297 1422 qui
1339 1371 1484 1412 statim
1531 1374 1755 1426 allegetur

72 1426 222 1468 Habet
248 1431 392 1468 tamen
422 1431 445 1478 ῆ
483 1424 525 1468 δ’
559 1425 630 1473 ὅς
631 1426 800 1480 aliquid
833 1426 1094 1469 defensionis
1126 1439 1180 1467 ex
1214 1439 1297 1478 eo,
1329 1428 1444 1480 quod
1475 1431 1682 1470 transitus
1710 1432 1759 1472 fit

73 1485 128 1525 ab
158 1484 333 1536 obliqua
367 1484 562 1526 oratione
604 1483 658 1525 ad
700 1489 884 1536 rectam,
929 1484 1129 1551 quodque
1161 1496 1270 1524 nunc
1301 1484 1526 1527 Phaedrus
1557 1487 1756 1542 intelligi-

74 1546 158 1591 tur,
189 1554 321 1594 quum
347 1541 653 1594 Apollodorus
669 1547 796 1582 antea
831 1542 971 1582 omnia
1002 1541 1195 1582 retulerit
1225 1554 1277 1582 ex
1308 1548 1453 1584 mente
1478 1544 1757 1587 Aristodemi.

75 1597 226 1652 Neque
255 1597 452 1651 offendit,
482 1599 598 1652 quod
627 1598 812 1640 formula
842 1600 884 1640 iu
904 1600 988 1640 fine
1024 1598 1204 1640 membri
1233 1599 1374 1652 posita
1405 1605 1494 1655 est3
1525 1602 1566 1642 in
1597 1606 1683 1654 q'ua
1713 1617 1760 1644 re

75 1668 151 1697 cur
191 1655 365 1697 Bastius
403 1654 611 1708 haeserit,
653 1656 850 1708 equidem
904 1668 989 1696 non
1029 1654 1173 1697 video.
1243 1656 1310 1696 Ad
1361 1658 1505 1712 τίμιον
1545 1660 1762 1713 intelligas

75 1713 214 1764 ἐστίν,
245 1717 295 1754 ut
331 1707 589 1782 Euthydem.
625 1727 666 1767 p.
701 1711 799 1758 304.
834 1714 890 1754 Β.
918 1713 1056 1767 Legg.
1089 1725 1131 1753 V.
1164 1726 1202 1766 p.
1222 1713 1320 1756 726.
1340 1716 1390 1755 A.
1416 1715 1564 1769 Symp.
1581 1715 1682 1759 209.
1706 1718 1758 1760 D.

189 1773 356 1824 γονῆς
383 1769 486 1824 γὰρ
510 1768 759 1825 Ἑρωτος]
795 1771 986 1812 Atticam
1017 1770 1198 1811 sormam
1230 1777 1454 1812 servarunt
1474 1772 1599 1815 Bodl.
1627 1773 1760 1816 Coisl.

76 1826 176 1870 Vat.
209 1826 261 1868 A.
295 1832 332 1868 t.
362 1829 473 1881 Ang.
505 1826 622 1869 Flor.
651 1841 689 1869 a.
721 1841 771 1871 w,
800 1834 844 1870 et
872 1842 897 1868 a
926 1841 990 1882 pr.
1020 1840 1078 1869 m.
1107 1826 1207 1868 Par.
1237 1826 1288 1869 F.
1311 1828 1428 1870 iett.
1461 1828 1579 1870 editt.
1611 1836 1762 1884 γονεῖ.ς

166 1884 319 1940 φησὶ
357 1841 645 1939 γεὲέσθαι]
681 1884 754 1927 Sic
791 1886 924 1928 Coisl.
966 1885 1064 1927 vat.
1105 1887 1160 1926 Δ.
1191 1883 1297 1927 Ven.
1332 1886 1380 1928 Ξ.
1419 1885 1543 1927 Vind.
1575 1885 1615 1931 2.
1656 1888 1759 1933 Par.

77 1941 182 1985 ΒΚ.
213 1942 361 1986 Ambr.
393 1944 503 1997 Aug.
534 1955 585 1986 w.
618 1943 713 1984 Vat.
746 1956 787 1997 p.
817 1956 851 1987 r.
883 1943 988 1986 Ven.
1020 1947 1050 1983 t.
1084 1941 1199 1984 Vett.
1232 1941 1351 1986 editt.
1391 1946 1600 1997 γενέσθαι
1641 1947 1759 2001 φησι,

78 2083 335 2126 adiectivum
375 2084 442 2125 vel
481 2079 749 2137 participium
783 2097 880 2126 cum

963 2081 1125 2124 Weisk.
1178 2082 1384 2124 Ceterum
1419 2082 1640 2137 Cupidinis
1667 2085 1762 2127 nul-

80 2141 348 2195 superlativo
379 2142 652 2193 copulatum,
694 2142 763 2182 cui
802 2141 879 2182 ad-

965 2141 1032 2182 los
1086 2152 1184 2181 esse
1237 2144 1439 2194 parentes
1485 2141 1608 2182 multi
1657 2154 1765 2183 sane

80 2199 216 2250 ditum
267 2201 386 2239 esset
429 2200 473 2237 ἐν
510 2202 625 2248 τοῖς,
673 2198 752 2240 sed
799 2211 881 2239 usu

79 2254 301 2311 paullatim
346 2253 508 2298 sactum
562 2268 684 2307 esse,
738 2259 788 2296 ut
834 2257 877 2296 ἐν

78 2318 173 2359 τοῖς
222 2312 474 2365 simpliciter
532 2311 764 2354 adderetur
825 2311 881 2353 ad

79 2370 324 2424 augendam
374 2369 459 2410 vim
500 2369 878 2423 superlativorum,

79 2440 222 2481 neque
262 2426 445 2480 amplius
489 2426 543 2467 de
590 2426 727 2479 ellipsi
763 2427 885 2492 cogi-

80 2490 258 2527 taretur.
297 2483 354 2525 cf.
410 2484 584 2537 Viger.
627 2496 669 2538 p.
709 2481 807 2527 787.
842 2488 886 2525 et

82 2543 190 2584 infra
223 2556 261 2596 p
298 2540 392 2585 178.
425 2541 475 2583 C.

123 2598 434 2672 ⁹⁸‘usupeq'gnov
464 2599 515 2639 δὲ
544 2612 640 2639 του
654 2608 768 2638 του·
799 2611 884 2651 γο-

83 2662 175 2710 νῆς
225 2655 324 2713 γὰρ
370 2655 625 2710 Ἑρωτος]
686 2654 753 2696 De
807 2654 886 2696 hac

81 2718 296 2756 structura
332 2726 370 2755 v.
397 2714 592 2766 interptt
607 2711 662 2754 ad
678 2711 883 2766 Xenoph.

80 2772 211 2826 Symp
216 2785 278 2812 os.
308 2769 382 2812 lv.
414 2771 479 2813 17.
511 2768 700 2812 Matth.
732 2769 810 2811 Gr.
844 2767 881 2822 §.

80 2828 179 2875 630.
209 2829 236 2870 f.
272 2828 578 2870 Buttmann.
609 2826 645 2880 §.
681 2825 777 2870 138.
806 2826 880 2868 IV.

80 2886 122 2929 6.
204 2884 370 2927 Deinde
417 2882 584 2938 ἰδιώτης
633 2889 699 2925 est
753 2883 883 2925 scri-

81 2947 209 2997 ptor
239 2954 436 3008 prosae
466 2941 759 2992 orationis3
804 2954 885 2994 op-

82 3000 252 3055 ponitur
272 2998 384 3039 euim
398 2995 600 3050 ποιητής,
622 3002 672 3038 ut
693 2997 878 3039 Phaedr

82 3071 127 3112 p.
159 3054 254 3099 288-
291 3054 342 3095 D.
400 3053 511 3095 Nam
545 3059 612 3095 est
642 3053 722 3095 hoc
751 3067 886 3095 voca·-

82 3115 230 3156 bulum
269 3111 310 3152 in
341 3123 522 3152 numero
557 3123 734 3162 eorum,
774 3122 885 3163 quae

82 3184 170 3238 pro
212 3168 332 3210 varia
384 3167 670 3234 oppositionis
718 3168 885 3208 ratione

83 3227 245 3270 variam
289 3224 446 3267 habent
484 3224 568 3265 vim
601 3228 644 3265 et
673 3224 886 3276 signitica-

84 3286 260 3327 tionem.
311 3295 351 3323 v.
403 3279 790 3324 Hemsterhus.
831 3278 886 3322 ad

84 3341 263 3384 Lucian.
290 3339 550 3395 Necyomp
556 3335 686 3381 ,484
704 3335 888 3380 Ruhn-

86 3399 201 3441 ken
252 3397 308 3440 ad
357 3396 545 3451 Longin.
598 3409 640 3449 p.
674 3392 773 3441 410.
818 3393 884 3437 ed.

966 2197 1228 2239 docuerunt:
1287 2210 1533 2250 quanquam
1593 2197 1764 2240 suerunt

966 2255 1095 2296 etiam
1145 2253 1354 2307 imprimis
1415 2260 1516 2308 post
1565 2254 1763 2297 Platonis

964 2316 1177 2362 aetatem,
1222 2311 1292 2363 qui
1335 2323 1433 2352 eum
1471 2311 1575 2362 onge
1604 2318 1649 2354 et
1679 2313 1766 2354 Ve-

963 2381 1068 2410 nere
1107 2373 1180 2410 aut
1220 2368 1312 2408 aliis
1353 2368 1482 2410 etiam
1513 2370 1766 2422 parentibus

967 2431 1112 2466 natum
1152 2424 1358 2466 dicerent.
1413 2438 1452 2468 v.
1503 2426 1765 2469 Valcken.

967 2482 1147 2524 Diatrib.
1186 2495 1227 2536 p.
1269 2481 1350 2527 160
1382 2495 1444 2536 sq.
1486 2489 1530 2525 et
1568 2483 1642 2537 qui
1684 2483 1768 2526 do-

968 2539 1161 2581 ctissime
1200 2539 1254 2581 de
1293 2537 1372 2581 hae
1415 2552 1464 2582 re
1514 2539 1766 2594 disputavit,

968 2596 1166 2638 Astius
1206 2595 1259 2638 ad
1302 2597 1464 2639 calcem
1494 2597 1682 2640 Phaedri
1724 2603 1769 2640 et

967 2653 1187 2708 Symposii
1236 2654 1277 2695 in
1330 2654 1515 2708 linguam
1564 2656 1769 2698 German.

966 2711 1164 2753 conversi
1194 2724 1235 2766 p.
1273 2709 1358 2754 273
1389 2725 1456 2766 sq.

1025 2793 1140 2836 ἀλλ’
1175 2793 1440 2851 ‘Haedos-J
1471 2797 1697 2852 Theogon.
1730 2811 1768 2839 v.

969 2854 1052 2898 117
1083 2867 1147 2907 sq
1189 2853 1522 2896 Plutarchus
1553 2860 1695 2897 Amat.
1726 2869 1769 2910 p.

967 2910 1065 2954 756.
1091 2910 1150 2952 E:
1179 2909 1378 2958 Ἡσίοδος
1408 2913 1451 2953 δὲ
1478 2911 1772 2968 φυσικώτερον

969 2967 1066 3022 ἐμοὶ
1097 2968 1218 3008 δοκεῖ
1244 2974 1384 3010 ποιεῖν
1404 2969 1573 3025 Ἔρωτα
1602 2969 1772 3011 πάντων

968 3023 1132 3080 πρεσβιῗ
1134 3040 1330 3079 τατον,ι
1316 3026 1384 3066 ἵνα
1406 3027 1546 3068 πάντα
1569 3026 1634 3069 δι’
1666 3028 1750 3067 ἐκεῖ
1749 3049 1771 3057 -

968 3097 1042 3123 νον
1070 3080 1265 3140 μετάσχῃ
1301 3087 1509 3140 γενέσεως,

1028 3164 1202 3222 αὐτὰρ
1241 3169 1429 3210 ἔπειτα
1458 3169 1542 3223 -]
1593 3168 1770 3221 Repen-

971 3223 1059 3266 tina
1091 3225 1288 3267 transitio
1319 3228 1372 3269 ab
1403 3227 1573 3278 obliqua
1606 3224 1767 3265 oratio-

971 3292 1026 3322 ne
1056 3280 1111 3323 ad
1140 3282 1234 3350 ipsa
1263 3282 1450 3325 Hesiodi
1482 3282 1628 3334 verba,
1659 3293 1769 3334 quae

970 3336 1159 3381 Phaedri
1187 3339 1414 3395 ingenium
1455 3352 1541 3380 non
1571 3336 1768 3381 dedecet

973 3392 1122 3448 ltaque
1153 3374 1270 3439 nihil
1287 3395 1546 3440 mutandum.

1247 3470 1347 3519 3*
