2158 3718
340 102 759 158 APOLOGIA
810 98 1215 156 SOCRATIS.
1265 101 1327 152 P.
1383 103 1467 154 40.
1522 99 1602 156 St.
1762 103 1859 153 167

150 249 485 320 ἠναντιώθη
527 247 601 306 ἄν
645 273 738 321 μοι
786 246 848 304 τὸ
897 246 1104 313 εἰωθὸς
1144 257 1384 317 σημεῖον,
1442 254 1486 302 εἰ
1514 246 1589 320 μή
1624 269 1675 301 τι
1713 250 1861 317 ἔμελ-

151 340 277 392 λον
294 335 395 404 ἐγώ
439 332 675 403 ἀγαθὸν
720 332 966 403 πράξειν.

278 417 417 496 Cap.
446 416 707 474 XXXII.
749 415 1128 486 Ἐννοήσωμεν
1173 418 1350 470 δὲκαὶ
1391 410 1671 492 τῇδε,ξὼς
1665 410 1857 480 πολλὴ

150 508 301 568 ἐλπίς
343 510 490 558 ἐστιν
531 499 768 571 ἀγαθὸν
815 499 954 556 αὐτὸ
1003 501 1158 556 εἶναι.
1238 504 1404 555 Δυοῖν
1446 521 1553 568 γαρ
1602 495 1857 571 θάτερόν

151 595 264 643 ἐστι
305 585 370 643 τὸ
416 585 727 642 τεθνάναι·
794 582 825 651 ἢ
873 583 980 655 γὰρ
1026 585 1146 640 οἷον
1188 587 1358 655 μηδὲν
1414 583 1555 637 εἶναι
1600 583 1719 653 μηδ
1773 582 1860 636 α’ί-

153 678 365 739 <ruffinam
407 675 679 742 μηδεμίαν
722 666 956 740 μηδενὸς
983 674 1120 740 ἔχειν
1156 668 1256 723 τὸν
1300 671 1603 732 τεθνεῶτα,
1650 665 1681 734 ἢ
1716 665 1857 721 κατὰ

151 753 222 811 τὰ
260 754 522 826 λεγόμενα
567 755 850 826 μεταβολή
906 775 989 816 τις
1035 753 1284 824 τυγχάνει
1337 744 1477 807 οὖσα
1532 755 1623 806 καὶ
1680 755 1861 822 μετοί-

152 859 306 906 κησις
352 843 418 916 τῇ
443 843 594 916 ’ψυχῇ
618 843 717 894 τοῦ
753 838 924 894 τόπου
951 842 1048 892 τοῦ
1100 840 1327 892 ἐνθένδε
1359 843 1434 899 εἰς
1462 833 1634 890 ἄλλον
1661 835 1856 890 τόπον,

153 928 244 979 καὶ
284 924 388 979 εἴτε
433 924 499 990 δὴ
536 928 773 995 μηδεμία
816 922 1083 987 αἴσθησίς
1120 928 1284 990 ἐστιν,
1339 919 1461 973 ἀλλ’
1497 919 1616 975 οἷον
1663 918 1857 983 ὕπνος,

155 1060 197 1102 d.
215 1074 255 1114 g.
280 1060 317 1105 h.
349 1061 451 1103 Par.
485 1059 530 1100 S.
561 1060 689 1111 Vuig.
725 1059 800 1111 τῆς
830 1059 982 1111 ψυχῆς,
1014 1057 1132 1110 quod
1167 1060 1295 1100 etiam
1329 1059 1493 1099 Bekk.
1533 1059 1722 1100 retinuit.
1771 1058 1857 1097 Da-

153 1119 286 1159 tivum
333 1118 459 1158 etiam
503 1122 732 1170 propterea
772 1114 1100 1168 praeferendum
1145 1116 1445 1162 iudicavimus,
1491 1116 1610 1166 quod
1653 1115 1756 1156 haec
1792 1117 1858 1155 lo·-

153 1174 311 1227 quendi
353 1173 492 1216 forma
533 1174 822 1226 grammaticis
854 1174 992 1214 minus
1022 1175 1193 1226 cognita
1238 1174 1319 1213 fuit
1349 1173 1536 1226 ideoque
1566 1173 1690 1215 facile
1722 1173 1860 1226 potuit

150 1233 195 1274 in
227 1233 407 1274 alteram
439 1232 553 1273 illam
587 1231 756 1282 mutari.

271 1289 356 1330 καὶ
396 1290 502 1330 εἴτε
542 1285 603 1342 δὴ
644 1287 904 1341 μηδεμία]
968 1286 1019 1342 δὴ
1060 1302 1144 1332 om.
1182 1287 1305 1329 Bodl.
1341 1288 1441 1330 Par.
1476 1287 1618 1328 DST.
1661 1287 1772 1330 Ven.
1820 1289 1859 1330 b.

155 1347 256 1392 vat.
284 1346 413 1388 Vind.
444 1348 485 1391 1.
521 1346 563 1390 4.
594 1346 711 1388 Flor.
754 1346 796 1388 d.
828 1344 866 1387 h.
930 1346 1166 1388 Eiecerunt
1193 1347 1446 1388 TuricensS.
1506 1345 1599 1387 Nos
1629 1358 1758 1397 aegre
1788 1359 1863 1387 ca-

155 1418 330 1447 reamus
360 1407 529 1455 vocula,
560 1417 669 1458 quae
703 1404 758 1445 ob
789 1404 1019 1457 insequens
1050 1403 1106 1458 μὴ
1138 1406 1241 1446 elisa
1272 1404 1456 1446 videtur.

158 1536 239 1570 ναι,
268 1526 315 1562 ut
345 1521 489 1574 paullo
522 1518 720 1561 inferius.
764 1518 807 1559 εἰ
832 1513 875 1558 δ’
908 1512 966 1559 αὖ

159 1575 256 1621 οἶον
295 1573 576 1631 ἀποδημῆσαί
609 1574 723 1617 ἐστιν
768 1572 792 1616 ὁ
823 1573 962 1617 θάνα-

159 1649 245 1679 τοε.
294 1636 507 1678 Eusebius
563 1639 608 1676 et
655 1633 963 1676 Theodoretus

157 1695 319 1738 habent
377 1691 508 1747 μηδὲν
563 1706 599 1732 τι
657 1686 788 1740 εἶναι,
847 1691 963 1748 unde

157 1751 534 1795 Heindorfius
587 1747 717 1803 μηδὲν
758 1751 816 1791 ἔτι
854 1764 961 1790 ειναι

157 1812 391 1864 legendum
422 1808 619 1849 coniecit.

218 1868 303 1909 καὶ
370 1867 693 1919 μετοίκησιε
765 1865 822 1918 τῇ
878 1871 971 1916 ψυ-

159 1926 220 1978 χῇ
250 1925 330 1980 —-]
393 1926 456 1966 De
488 1924 636 1964 dativo
672 1936 749 1978 pro
781 1923 971 1976 genitivo

161 1985 308 2038 posito
347 1982 431 2024 vid.
469 1980 660 2023 Matth.
712 1982 748 2034 §.
788 1980 971 2024 389.1.

159 2065 218 2073 —
267 2043 350 2082 Pro
404 2041 645 2092 μετοίκησις
693 2040 772 2079 τοῦ
834 2036 972 2077 τόπου

162 2099 339 2141 etiamsi
385 2098 468 2139 dici
517 2102 691 2150 poterat
732 2098 974 2148 μετοικησις

162 2155 210 2197 ἐκ
240 2156 319 2196 τοῦ
351 2153 509 2203 τόπου,
544 2160 691 2195 tamen
733 2154 971 2194 cavendum

164 2220 263 2264 est,
305 2225 358 2254 ne
399 2213 502 2254 iilud
534 2212 627 2252 usui
671 2215 715 2252 et
746 2215 975 2252 consuetu-

164 2271 251 2313 dini
285 2270 421 2312 minus
454 2267 831 2310 accommodatum
877 2280 975 2308 esse

163 2333 380 2384 putemus.
445 2327 587 2376 Quum
622 2327 732 2367 enim
766 2329 974 2376 μετοικεῖν

163 2398 248 2429 non
281 2387 420 2427 solum
453 2395 547 2426 eum
581 2383 974 2437 praepositionibus

164 2448 463 2493 construatur,
505 2437 581 2483 sed
626 2441 756 2482 etiam
795 2453 973 2481 accusa-

165 2501 295 2544 tivum
338 2500 551 2542 adsciscat
600 2498 654 2539 ad
701 2496 974 2538 indicandum

166 2561 327 2609 locum,
366 2557 479 2600 unde
513 2556 608 2610 quis
640 2556 680 2595 in
713 2555 841 2596 alium
874 2568 975 2608 pro-

164 2616 388 2668 ficiscitur,
432 2614 561 2656 veluti
599 2612 711 2667 apud
743 2612 974 2654 Pausan.

168 2673 240 2718 lV.
278 2671 348 2716 40.
399 2668 678 2726 Ἀκαρνανίαν
717 2672 976 2724 μετοικῆσαι,

169 2743 254 2772 non
282 2732 425 2773 minus
471 2736 588 2772 recte
624 2730 866 2781 μετοίκησις
905 2726 975 2769 τό-

170 2802 257 2829 που
290 2787 444 2831 dicitur
482 2800 613 2840 quam
657 2785 900 2840 μετοίκησιε
930 2785 976 2826 ἐκ

170 2843 324 2890 τόπου.
353 2845 470 2888 vide
501 2858 614 2898 quae
636 2845 787 2885 monui
807 2846 863 2886 ad
882 2858 972 2897 cap.

167 2904 294 2947 XIV.
353 2903 447 2945 Nec
485 2915 590 2944 vero
630 2901 864 2943 audiendus
910 2906 976 2942 est

173 2960 448 3010 Cobetus‚
490 2960 561 3012 qui
595 2959 714 3002 Varr.
749 2959 893 2999 Lectt.
935 2973 975 3011 p.

174 3019 274 3063 300.
319 3019 452 3059 verba
500 3017 578 3058 τοῦ
609 3013 749 3072 τόπου
782 3016 859 3056 τοῦ
891 3017 981 3057 eiici

172 3077 307 3119 iubet.
366 3075 475 3118 Nam
517 3073 610 3115 τοῦ
654 3071 880 3114 ἐνθένδε
921 3074 982 3114 di-

175 3139 293 3176 ctum
327 3139 395 3175 est
425 3146 503 3188 pro
536 3132 612 3172 τοῦ
644 3129 847 3179 ἐνταῦθα,
884 3132 983 3184 quia

175 3191 489 3232 substantivum
531 3189 709 3231 verbale
749 3194 912 3231 motum
944 3188 984 3228 in

178 3251 321 3291 iocum
361 3248 581 3302 significat.
642 3247 711 3288 De
754 3246 875 3288 simili
905 3257 985 3287 usu

177 3307 546 3361 praepositionum
595 3317 722 3358 supra
779 3302 987 3351 diximum

1052 1519 1356 1561 adverbiorum
1390 1518 1598 1559 rationem
1631 1517 1862 1559 illustravit

1051 1576 1428 1618 Heindorfius
1468 1575 1521 1616 ad
1561 1576 1771 1628 Gorgiam
1821 1588 1861 1645 ρ.

1049 1635 1149 1678 472.
1194 1634 1245 1675 Β.
1297 1634 1368 1674 ubi
1419 1632 1523 1674 haec
1565 1635 1787 1686 leguntur.
1837 1628 1863 1685 ἡ

1053 1690 1314 1760 Περικλέους
1347 1687 1422 1761 ‹32377
1443 1689 1556 1732 οἰκία
1586 1687 1613 1744 ἢ
1630 1688 1732 1743 ἄλλη
1759 1703 1861 1744 συγ-

1050 1751 1214 1805 γένεια,
1264 1743 1395 1803 ἥντιν’
1427 1745 1482 1788 ἂν
1506 1747 1646 1802 βούλῃ
1681 1750 1764 1792 τῶν
1794 1747 1861 1789 ἐν·

1054 1806 1188 1849 &tvae
1225 1805 1493 1859 ἐκλέξασθαι.
1558 1807 1682 1848 Conf
1733 1807 1860 1848 etiam

1058 1866 1376 1908 Buttmanni
1417 1865 1497 1906 Gr.
1542 1865 1580 1917 ξ.
1612 1864 1713 1909 138.
1746 1864 1787 1908 8.
1820 1872 1864 1906 et

1057 1938 1168 1978 quae
1206 1923 1259 1964 ad
1299 1922 1526 1963 Phaedon.
1577 1922 1863 1967 sect.XX11.

1057 1985 1113 2026 ἰη.
1133 1982 1306 2022 uberius
1325 1981 1615 2032 exposuimus.
1645 1980 1741 2021 Nec
1757 1986 1863 2022 vero

1057 2042 1283 2094 quisquam
1318 2038 1482 2078 indicav
1488 2039 1565 2079 erit
1587 2038 1774 2090 origines
1798 2044 1864 2078 ta-

1058 2100 1109 2140 lis
1143 2096 1441 2149 glossematis,
1477 2097 1606 2147 quale
1645 2093 1713 2135 hic
1743 2095 1863 2136 inve-

1060 2157 1175 2195 nisse
1191 2154 1269 2193 sibi
1290 2154 1403 2192 visus
1417 2157 1482 2194 est
1500 2153 1684 2194 criticus.
1722 2152 1860 2194 Prae-

1058 2217 1177 2253 terea
1203 2210 1317 2250 idem
1351 2223 1428 2262 pro
1460 2211 1700 2262 μετοίκησις
1730 2211 1861 2251 scribi

1057 2270 1176 2311 iubet
1212 2268 1451 2318 μετοίκισις.
1517 2268 1606 2308 Sed
1653 2272 1862 2318 μετοικεῖν

1061 2331 1130 2368 est
1168 2326 1394 2378 migrare
1428 2327 1480 2365 'in
1519 2327 1749 2378 aliquem
1789 2327 1862 2367 Ιο-

1062 2397 1172 2425 cum
1215 2383 1403 2435 ibique
1440 2385 1729 2425 collocare
1771 2383 1863 2424 do-

1062 2440 1350 2491 micinam,
1399 2446 1448 2480 ut
1487 2440 1655 2481 Criton.
1705 2453 1745 2493 p.
1795 2441 1865 2486 51,

1062 2501 1111 2542 D.
1142 2499 1196 2538 al.
1227 2498 1378 2550 ltaque
1409 2505 1528 2539 recte
1560 2512 1608 2540 se
1637 2498 1767 2540 habet
1798 2513 1866 2552 με·

1063 2557 1266 2608 τοίκησιε.

1119 2613 1203 2654 καὶ
1255 2614 1360 2654 εἴτε
1407 2610 1469 2666 δὴ
1517 2611 1742 2665 μηδεμία
1781 2615 1864 2667 -]

1058 2671 1301 2713 Particuiae
1332 2672 1414 2711 εἴτε
1441 2683 1497 2711 ne
1528 2671 1622 2723 quis
1647 2676 1771 2724 putet
1799 2672 1864 2712 ni-

1060 2729 1117 2771 hil
1159 2729 1450 2781 respondere,
1490 2732 1591 2782 post
1627 2730 1864 2783 longiorem

1060 2787 1265 2828 orationis
1292 2785 1663 2856 intercapedinem
1685 2786 1790 2827 infra
1809 2787 1863 2830 E.

1060 2845 1302 2885 subiectum
1347 2849 1416 2886 est
1453 2843 1495 2885 εἰ
1528 2838 1570 2884 δ’
1606 2837 1674 2884 αὖ.
1734 2845 1797 2885 De
1828 2845 1874 2885 εί

1064 2900 1110 2941 δέ
1141 2908 1240 2955 post
1279 2903 1359 2943 εἴτε
1400 2904 1516 2943 iiiato
1557 2901 1653 2942 vide
1684 2901 1737 2941 ad
1769 2915 1865 2956 cap

1059 2959 1164 3002 IV.'
1155 2973 1214 3014 in„
1258 2960 1445 3012 Itaque
1434 2960 1588 3000 iniuria
1619 2959 1655 2999 H
1673 2972 1771 3000 erm
1785 2973 1865 3000 an—

1069 3029 1165 3056 nus
1198 3020 1385 3061 correxit
1411 3018 1455 3058 εἴ
1478 3031 1537 3071 γε,
1569 3017 1687 3069 quod
1714 3030 1868 3057 vereor

1067 3079 1114 3113 nt
1161 3088 1272 3116 nunc
1318 3078 1460 3117 locum
1513 3087 1634 3115 suum
1685 3078 1868 3116 tueatur.

1067 3129 1264 3174 Mortis
1302 3146 1396 3174 cum
1441 3136 1606 3174 nocte
1649 3145 1869 3185 compara—

1067 3188 1127 3229 tio
1167 3203 1250 3231 non
1287 3191 1551 3243 infrequens.
1589 3189 1793 3233 Catuli.
1830 3202 1870 3233 v,

1069 3244 1110 3288 5.
1158 3247 1330 3290 Nobis
1370 3261 1480 3289 cum
1526 3249 1687 3289 semel
1732 3247 1869 3288 occi-

1073 3302 1154 3343 dit
1212 3305 1389 3348 brevis
1441 3307 1556 3356 lux,
1624 3304 1736 3346 Nox
1787 3308 1869 3344 est
