2158 3718
361 153 429 205 98
975 145 1448 204 PLATONIS

365 303 535 370 μονία
583 298 664 365 ε’ίη
712 298 835 368 περὶ
878 292 1012 359 τοὺς
1054 299 1235 359 νέους,
1293 302 1339 351 εὶ
1379 295 1456 360 εἷς
1497 301 1596 366 μὲν
1635 294 1809 367 μόνος
1851 293 2062 360 αὐτοὺς

281 382 328 436 C
367 386 724 458 διαφθείρει,
789 384 840 436 οἱ
896 378 946 435 δ
1011 374 1172 434 ἄλλοι.
1223 377 1553 455 ὠφελοῦσιν.
1609 378 1754 436 ἀλλὰ
1815 378 1950 452 γάρ,
2017 372 2057 434 ὦ

368 470 618 535 Μέλητε,
663 467 864 528 ἱκανῶς
907 466 1289 528 ὲπιδείκνυσαι,
1333 461 1422 519 ὅτι
1463 464 1816 520 οὐδεπώποτε
1859 463 2061 540 ἐφρόν-

365 571 524 616 τισας
566 553 678 605 τῶν
721 554 882 612 νέων,
941 551 1031 601 καὶ
1085 550 1281 621 σαφῶς
1320 547 1658 625 ἀποφαίνεις
1708 546 1811 614 τὴν
1849 550 2061 604 σαυτοῦ

363 635 646 706 ἀμέλειαν,
690 630 779 688 ὅτι
827 630 987 686 οὐδέν
1027 651 1120 686 σοι
1162 635 1421 702 μεμέληκε
1455 636 1575 702 περὶ
1600 627 1677 688 ὧν
1701 636 1791 703 ἐμὲ
1817 632 2060 703 είςοὶγεις.

495 716 634 795 Cap.
679 711 846 771 XIII.
923 712 1042 769 Ἔτι
1085 717 1141 770 δὲ
1185 714 1318 787 ἡμῖν
1364 723 1492 782 εἰπέ,
1540 709 1580 770 ὦ
1627 715 1768 788 πρὸς
1789 715 1918 782 Διὸς
1945 720 2062 772 Μέ-

366 806 522 869 λητε,
565 798 802 871 πότερον
845 803 994 854 ἔστιν
1041 806 1208 855 οικεῖν
1251 797 1484 871 ἄμεινον
1534 807 1592 856 ἐν
1636 805 1890 866 πολίταις
1927 823 2060 872 χρη-

365 897 545 952 στοῖς,
599 883 635 952 ἢ
683 894 978 956 πονηροῖς;
1040 875 1080 937 ὦ
1119 882 1276 949 ’roim
1334 883 1668 956 ἀπόκριναι·
1731 885 1892 941 οὐδὲν
1952 882 2060 954 γάρ

366 993 456 1027 τοι
503 966 749 1042 χαλεπὸν
802 970 1001 1038 ἐρωτῶ.
1062 967 1163 1038 οὐχ
1223 973 1278 1023 οἱ
1335 971 1436 1040 μὲν
1492 973 1731 1040 πονηροὶ
1789 967 1963 1024 κακόν
2007 989 2058 1022 τι

366 1055 696 1126 ἐργάζονται
739 1049 870 1117 τοὺς
925 1051 1012 1106 ἀεὶ
1055 1052 1334 1123 ἐγγυτάτω
1380 1057 1592 1108 ἑαυτῶν
1638 1051 1832 1118 ὄντας,
1889 1058 1943 1109 οἱ
2004 1051 2053 1107 δ’

366 1138 590 1210 ἀγαθοὶ
652 1135 890 1205 ἀγαθόν
943 1157 1027 1206 τις
1114 1137 1284 1192 Πάνυ
1344 1160 1419 1207 γε.
1506 1135 1696 1193 ’Ἐστιν
1758 1130 1861 1194 οὗν
1915 1134 2063 1201 ὅςτις

272 1231 326 1282 D
367 1222 623 1295 βούλεται
677 1219 787 1277 ὑπὸ
850 1222 961 1274 τῶν
1015 1219 1294 1287 ξυνόντων
1349 1221 1709 1291 βλάπτεσθαι
1755 1225 1971 1293 μᾶλλον
2026 1219 2059 1287 ἢ

365 1308 743 1386 ώφελεῖσθαις
801 1303 1138 1376 ἀπόκριναι,
1182 1299 1221 1358 ὦ
1263 1305 1464 1375 ’γαθ’έ·
1525 1310 1617 1361 καὶ
1661 1304 1769 1378 γὰρ
1815 1304 1845 1362 ὁ
1890 1305 2062 1376 νόμος

481 1469 734 1537 Cap.X1n.
796 1470 846 1511 C.
911 1462 944 1510 ὦ
979 1469 1114 1523 πρὸς
1142 1469 1284 1511 Διὸς
1314 1470 1550 1524 Μέλητε]
1584 1472 1694 1514 Ven.
1728 1486 1767 1514 a.
1798 1470 1928 1515 vind.
1958 1471 2002 1516 5
2019 1471 2060 1514 6

365 1530 422 1569 al.
457 1526 569 1582 πρὸς
597 1528 656 1569 A.
688 1521 724 1567 ὦ
754 1527 930 1580 Μέλητε.
990 1528 1078 1569 Sed
1110 1530 1224 1570 conf.
1260 1544 1302 1583 p.
1336 1529 1406 1572 26.
1439 1529 1487 1572 Ε.
1520 1528 1715 1581 Sophist.
1747 1544 1788 1584 p.
1819 1529 1916 1573 221

486 1601 536 1626 οι
575 1585 669 1636 μὲν
707 1586 943 1639 πονηροὶ
985 1583 1158 1626 κακόν
1198 1587 1266 1640 τι]
1307 1587 1363 1629 V.
1415 1595 1514 1640 post
1553 1588 1739 1641 πονηροὶ
1781 1530 2064 1641 interponitur

368 1641 447 1696 αἐί,
479 1644 592 1696 quod
625 1656 723 1685 cum
761 1643 885 1685 Bodi.
903 1643 1032 1685 Vind.
1065 1658 1106 1697 p.
1147 1644 1239 1685 Nat.
1271 1644 1387 1687 Fior.
1421 1645 1462 1685 d.
1494 1659 1536 1698 g.
1571 1644 1606 1686 Ιι.
1645 1645 1743 1688 l'.ar
1777 1644 1921 1688 DST.
1953 1646 2063 1686 omi-

310 1716 314 1719 *
367 1702 516 1743 simus.
576 1701 626 1741 In
660 1701 754 1742 aliis
786 1707 888 1754 post
920 1699 1055 1741 κακὸν
1084 1703 1295 1744 intrusum
1326 1703 1498 1755 legitur.

486 1759 537 1802 D.
601 1760 690 1798 καὶ
732 1758 1151 1813 πονηροτέρους
1196 1761 1492 1812 ποιοῦντα]
1539 1760 1588 1800 V.
1636 1760 1704 1800 καὶ
1744 1770 1930 1800 τουτους
1965 1773 2062 1800 πον.

374 1831 416 1856 π.
447 1817 587 1857 invitis
617 1816 745 1857 codd.
780 1817 871 1858 sere
905 1818 1114 1859 omuibus.
1177 1819 1264 1859 Pro
1295 1820 1412 1869 xuig.
1444 1817 1575 1858 νέους
1607 1817 1870 1858 nod1.V.en
1889 1819 1929 1859 b.
1961 1819 2062 1858 Vat.

373 1875 504 1915 Vind.
536 1874 578 1917 1.
608 1873 653 1917 4.
684 1875 724 1917 6.
755 1874 873 1916 Fior.
914 1875 954 1918 d
991 1888 1033 1926 g
1065 1874 1104 1916 h.
1138 1876 1239 1918 Par.
1271 1875 1417 1919 DST.
1448 1874 1688 1927 νεωτέρους
1718 1877 2021 1928 praebuerunt.

495 1931 560 1974 Τι’
596 1929 757 1986 δῆτα
798 1946 832 1972 ω
863 1931 954 1985 Μ.]
997 1932 1046 1973 V.
1080 1936 1122 1972 τί
1148 1931 1201 1988 δή
1231 1947 1356 1983 ποτε,
1386 1934 1504 1987 qnod
1537 1947 1560 1974 e
1589 1933 1719 1974 Bodi.
1753 1933 1847 1974 Vat-
1879 1933 1990 1978 Ven.
2024 1933 2063 1973 b.

367 1990 470 2032 Par.
505 1989 701 2033 CDST.
735 1989 863 2030 Vind.
896 1989 936 2033 1.
968 1989 1010 2033 6
1043 1989 1162 2033 Flor.
1192 1991 1232 2034 d.
1261 2006 1303 2045 g.
1335 1992 1373 2035 h.
1406 1993 1461 2034 al.
1499 1996 1724 2034 mutatum.

368 2130 431 2170 ies
476 2134 521 2170 et
547 2128 865 2171 conditionales
896 2129 1176 2184 praecedant.

365 2186 484 2227 Vett.
517 2186 642 2228 editt.
676 2201 732 2240 μη
764 2190 875 2240 φῆτε
906 2188 1050 2228 invitis
1084 2189 1176 2241 ple·

362 2244 506 2296 risque
535 2244 783 2286 codicibus.

422 2301 474 2341 εἰ
498 2295 578 2342 εἶς
606 2325 664 2333 -
696 2300 1069 2376 διαφθείρεηι]
1097 2304 1172 2346 In·

361 2357 424 2399 fra
454 2372 494 2412 p.
528 2359 599 2403 37
630 2360 689 2400 D:
728 2359 862 2415 πολλὴ
893 2358 1012 2413 μέντ’
1041 2360 1096 2404 ἄν
1127 2376 1177 2412 με

370 2418 603 2469 φιλοψυχία
635 2419 735 2470 ἔχοι,
761 2419 878 2459 -εἰ
905 2418 1047 2461 ου’τως
1076 2416 1174 2461 ἀλό-

366 2471 515 2543 γιστός
557 2474 651 2525 εἰμι.
706 2477 757 2518 Ρ.
801 2477 871 2520 30.
919 2479 978 2520 B:
1026 2479 1069 2518 εἰ
1099 2476 1176 2528 μὲν

369 2525 452 2572 οὖν
483 2533 615 2572 ταῦτα
634 2531 678 2573 λέ
708 2547 770 2575 ων
791 2532 1039 2588 διαφθείρω
1071 2534 1176 2575 τοὺς

367 2589 516 2638 νέους,
570 2591 672 2631 ταῦτ
743 2587 796 2631 ἂν
836 2595 913 2663 εἴη
963 2589 1173 2646 βλαβερά.

365 2646 547 2690 Theaet.
576 2648 674 2692 171.
693 2647 755 2692 B:
791 2646 959 2691 ουκοῦι
989 2666 1064 2704 τηι
1095 2665 1173 2691 αυ-

367 2708 446 2744 τοῦ
476 2701 530 2744 ἂν
560 2705 700 2759 ’ψευδη
744 2713 984 2778 συγχωροῖ,
1026 2708 1069 2749 εἰ
1097 2706 1173 2761 τὴι

365 2776 449 2801 των
480 2758 673 2815 ηγουμέι
676 2778 737 2804 ων
762 2761 898 2806 αι’τὸν
928 2773 1011 2816 ’ψευ
1002 2763 1172 2807 ἵδεσθαι

369 2816 571 2873 ὁμολογεῖ
623 2816 768 2875 ἀληθῆ
818 2837 952 2873 ειναι,·
1007 2824 1076 2864 nbi
1133 2838 1172 2864 v.

365 2877 667 2920 Heindorf.
701 2881 906 2935 Sympos.
937 2895 978 2935 p.
1006 2880 1105 2925 208
1123 2882 1173 2925 C.

367 2934 530 2976 phaed.
563 2950 601 2989 p.
629 2937 697 2981 69
731 2937 1174 2992 E.A1cii›iad.1.p

366 2993 463 3035 122.
502 2993 551 3033 Β.
583 2994 697 3037 Ibid.
731 3007 770 3047 p.
798 2996 896 3039 109.
930 2999 980 3037 C.
1012 3011 1054 3051 p.
1073 2996 1170 3040 114.

366 3049 418 3092 E
449 3064 490 3104 p.
519 3051 616 3094 116.
650 3052 702 3093 D.
737 3053 967 3105 Prota‘ror.
1002 3054 1170 3109 p..340

368 3107 417 3150 F..
451 3108 504 3150 cf.
538 3108 798 3162 Matt1·.§.
830 3111 918 3154 524
968 3069 1029 3155 1.p
1039 3120 1077 3153 et
1118 3113 1172 3154 de

368 3164 495 3207 simili
514 3166 682 3207 ratione
702 3166 959 3210 Latinorum
984 3171 1174 3222 scripto—

366 3235 460 3263 rum
500 3223 790 3265 Heindorf.
824 3227 877 3268 ad
913 3226 1068 3269 Horat.
1097 3227 1175 3269 Sa-

364 3281 436 3322 tir.
466 3280 530 3324 11.
562 3280 606 3331 3,
638 3281 737 3326 154.
800 3284 965 3326 Sensus
997 3287 1078 3327 loci
1112 3291 1177 3325 est

366 3337 458 3379 hic:
501 3350 699 3391 magna
740 3339 916 3382 suerit
955 3342 1174 3385 adoles-

365 3396 606 3438 centium
674 3396 949 3449 felicitae,
1005 3401 1051 3441 si
1099 3412 1171 3440 re—

1262 2144 1389 2173 vera
1422 2145 1558 2173 unus
1591 2137 1794 2173 tanturn
1821 2145 1914 2173 eos
1945 2144 2060 2172 cor·

1263 2192 1496 2243 rumpit,
1538 2188 1678 2242 qnod
1718 2196 1771 2230 tu
1810 2190 1904 2233 ais.
1974 2189 2063 2230 Lo-

1260 2247 1407 2300 quitur
1458 2248 1568 2288 enim
1620 2246 1831 2288 Socrates
1882 2249 1967 2293 ita.
2014 2253 2063 2289 nt

1260 2317 1410 2346 verum
1454 2318 1552 2346 esse
1591 2310 1725 2357 ponat
1765 2304 1882 2357 quod
1922 2305 2062 2347 Meie-

1261 2369 1332 2403 tus
1363 2372 1488 2404 antea
1520 2362 1822 2405 affirmaverat.
1876 2363 2064 2404 Prorsus

1260 2419 1413 2461 eodem
1454 2419 1586 2460 modo
1634 2419 1893 2460 Germanice
1940 2419 2063 2462 dixe-

1260 2477 1337 2517 ris:
1367 2477 1541 2527 ..dena
1574 2488 1729 2529 gross
1763 2476 1938 2519 wiirde
1969 2477 2062 2519 das

1259 2532 1438 2576 Giiick
1471 2533 1565 2574 der
1594 2534 1895 2587 Jiingiinge
1925 2534 2061 2587 sein,

1259 2604 1404 2633 wenn
1437 2591 1668 2642 (widinen,
1703 2591 1782 2632 wie
1812 2591 1871 2632 du
1900 2596 2060 2646 nagan)

1258 2648 1411 2690 einer
1442 2661 1536 2690 nnr
1565 2649 1647 2690 sie
1676 2647 1973 2691 verdirbt.“

1316 2705 1563 2760 eap.X111.
1625 2698 1660 2747 ὦ
1689 2702 1808 2755 ’τᾶν,
1840 2701 2059 2761 ἀπόκρι-

1256 2765 1371 2834 ναι]
1420 2763 1520 2805 Hoc
1552 2777 1633 2818 per
1663 2765 1800 2806 cresin
1833 2771 1975 2807 ortum
2007 2778 2061 2806 ex

1259 2815 1295 2862 ὦ
1327 2821 1443 2869 ἑτᾶι,
1483 2822 1626 2863 indice
1655 2822 1972 2864 Hermanno
2004 2822 2059 2864 ad

1257 2880 1318 2919 So
1310 2881 1463 2932 ›phot-l.
1476 2879 1708 2922 Philoctet.
1731 2892 1770 2920 v.
1782 2879 1908 2925 1373.
1927 2892 2057 2933 quem

1258 2938 1368 2981 vim.
1420 2937 1534 2978 conf.
1590 2937 1730 2978 Bast.
1777 2937 1829 2978 ad
1869 2938 2057 2991 Gregor.

1258 2993 1448 3036 Corinth.
1493 3007 1535 3049 p.
1576 2994 1675 3039 904.
1726 2994 1956 3036 Lobeck.
2001 2996 2055 3037 ad

1258 3051 1412 3105 Phryn.
1472 3067 1511 3105 p.
1564 3053 1662 3097 196.
1730 3053 2058 3105 Apollonius

1258 3110 1297 3149 in
1334 3111 1560 3152 bekker.
1607 3108 1768 3152 Anecd.
1808 3110 1840 3154 l.
1885 3124 1925 3162 ρ.
1956 3110 2057 3155 569.

1263 3167 1330 3210 11.
1371 3168 1509 3220 Etvm.
1549 3168 1690 3220 Magn.
1733 3166 1930 3211 825.11.
1994 3170 2058 3210 De

1261 3231 1446 3266 accentu
1482 3240 1520 3268 v.
1555 3225 1766 3276 Dionys.
1794 3224 1982 3268 Thrax.
2013 3228 2056 3267 in

1266 3283 1449 3326 Bekker.
1483 3282 1642 3325 Anecd.
1674 3295 1714 3335 p.
1735 3281 1832 3326 949.
1855 3282 1923 3326 21.
1953 3282 2055 3324 He·

1261 3333 1611 3391 sphi-1⁸29
1660 3335 1784 3379 ’τᾶν
1834 3338 2058 3393 πρόςρημα

1260 3410 1475 3451 τιμητικης
1505 3397 1676 3449 λέξεως·
1713 3396 1872 3451 λέγεται
1908 3397 1956 3438 δὲ
1985 3400 2055 3439 καὶ

2150 3091 2158 3379 ἰ

2140 3381 2156 3718 ἰ
