2222 3762
429 121 846 176 APOLOGIA
886 120 1290 175 SOCRATIS.
1331 121 1392 174 P.

196 280 505 338 γεγονυῖαν.
598 269 771 323 Ταῦτ’

1435 123 1516 173 24.
1557 120 1637 174 St.
1820 123 1884 172 91

840 274 984 324 ἔστιν
1030 266 1184 338 ὑμῖν)
1228 260 1285 320 »ὦ
1330 264 1529 339 ἄνδρες
1569 265 1888 330 Ἀθηναῖοι,

197 354 484 421 τάληθῆ,“
517 356 608 408 καὶ
654 352 801 424 ὑμᾶς
840 351 966 407 οὔτε
1009 359 1146 423 μέγα
1182 350 1321 406 οὔτε
1367 346 1599 420 σμικυὸν
1642 349 1890 404 ἀποκου-

196 491 241 532 Η
251 505 273 532 e
284 505 356 532 rm
368 503 431 532 an
443 504 488 531 n.
539 491 743 533 Attische
784 490 998 532 Staatsal-

196 550 325 590 terth.
359 549 397 601 ξ.
429 549 500 593 69.
561 551 711 602 Atque
732 567 733 570 ¹
754 548 862 590 haec
904 549 999 600 qui-

197 608 294 648 dem
334 608 390 647 de
420 607 618 648 Socratis
654 607 997 648 accusatoribus.

194 665 373 706 Iuvabit
401 678 507 705 vero
538 666 764 705 addidisse
803 677 914 718 quae
945 665 998 704 de

195 724 348 764 eorum
398 723 526 763 fatali
584 723 705 764 exitu
763 723 998 762 memoriae

193 781 372 834 prodita
424 786 538 821 sunt.
621 779 998 827 Quemadmodum

195 839 310 879 enim
349 840 529 878 omnino
561 838 856 879 Athenienses
895 849 996 877 mox

192 893 341 937 caedis
363 896 617 937 Socraticae
637 896 910 948 poenitenti-a
932 901 996 935 ta-

191 956 254 995 cti
293 967 389 995 esse
426 960 683 1005 narrantur,
733 955 787 994 de
825 965 911 1005 qua
948 965 997 993 re

194 1027 237 1052 v.
281 1011 538 1052 Brucker.
582 1012 696 1051 Hist.
741 1012 849 1050 Crit.
895 1010 995 1049 Phi-

193 1069 275 1110 los.
322 1069 442 1109 Part.
476 1070 534 1109 ΙΙ.
564 1068 664 1108 Lib.
699 1069 747 1107 ll.
788 1068 892 1119 Cap.
931 1067 994 1107 ΙΙ.

192 1127 477 1178 inprimisque
509 1126 668 1176 §.11.‚
707 1124 768 1165 ita
812 1137 891 1164 nec
922 1137 995 1164 ne-

190 1184 375 1237 quitiam
399 1184 576 1223 illorum
596 1184 855 1235 impunitam
875 1182 996 1222 abire

191 1242 309 1293 passi
340 1247 454 1283 sunt.
516 1241 682 1281 Narrat
721 1247 837 1281 certe
868 1239 995 1280 Dio-

192 1298 301 1339 dor.
335 1299 505 1339 Sicul.
537 1299 635 1339 Lib.
666 1298 794 1339 XIV.
828 1312 870 1350 p.
897 1299 995 1341 266.

189 1370 228 1399 c.
277 1356 347 1400 37.
399 1356 569 1408 plebem
618 1358 759 1409 primo
808 1355 993 1396 irritatis

190 1415 349 1455 animis
396 1415 451 1455 iis
497 1415 748 1455 infrendere
800 1415 996 1466 coepisse

189 1484 380 1525 moxque
412 1473 638 1524 suppliciis
669 1473 850 1513 affectos
867 1473 997 1513 foede

191 1543 383 1570 necasse.
443 1529 663 1578 Quorsum
708 1531 896 1570 redeunt
933 1535 995 1570 et-

191 1589 279 1628 iam
308 1588 440 1629 verba
469 1589 682 1628 Laertii
717 1587 856 1631 n.43.
902 1589 998 1628 Me-

190 1647 327 1686 letum
369 1647 589 1686 narra-ntis
630 1647 772 1698 capite
819 1646 998 1686 damna—

192 1710 310 1755 tum,
338 1705 536 1756 Anytum
567 1717 671 1744 vero
703 1705 756 1743 ab
788 1704 997 1744 Heracle·

192 1762 276 1802 otis
319 1775 371 1802 eo
410 1763 508 1814 ipso
549 1763 643 1812 die,
684 1774 771 1813 quo
815 1775 861 1803 se
894 1763 997 1802 illuc

191 1825 444 1872 receperat,
475 1820 812 1860 exterminatum
845 1826 888 1859 et
917 1833 996 1871 po·

192 1882 286 1918 stea
341 1878 562 1929 lapidibus
621 1883 823 1917 necatum
885 1890 995 1918 esse.

190 1935 309 1981 conf.
379 1936 510 1975 etiam
570 1936 864 1987 Augustin.
924 1934 994 1975 De

191 1991 415 2036 Civsnei
457 1993 588 2034 VIII.
637 1993 677 2036 3.
731 1993 993 2033 Themist.

191 2049 315 2091 Orat.
345 2051 450 2092 XX.
480 2063 524 2103 p.
564 2051 663 2094 293.
706 2051 916 2091 Suidas
958 2064 992 2090 s.

193 2122 235 2148 va
268 2105 554 2160 κατελιθώθη.
601 2107 770 2157 Quibus
795 2110 995 2148 omnibus

191 2167 405 2206 accedunt
417 2179 527 2217 quae
550 2172 700 2206 narrat
715 2167 809 2206 Plu
822 2171 839 2204 t
851 2179 877 2206 a
890 2179 910 2205 r
921 2179 943 2205 c
953 2166 994 2204 h.

191 2223 261 2263 De
301 2224 471 2263 invidia
498 2230 540 2263 et
576 2225 678 2263 odio
711 2236 802 2274 cap.
834 2223 892 2272 6.,
924 2224 997 2263 ubi

192 2281 486 2326 Athenienses
524 2287 708 2325 testatur
750 2282 796 2320 in
836 2282 998 2321 calum-

192 2339 386 2379 niatores
436 2340 634 2378 socratis
674 2352 825 2378 omnes
874 2344 996 2379 tanto

194 2396 296 2438 odio
328 2409 437 2437 -esse
486 2397 709 2443 incensos,
763 2403 812 2436 ut
857 2409 996 2448 neque

190 2455 336 2506 ignem
369 2454 431 2494 eis
455 2455 744 2494 accenderent
767 2467 906 2506 neque
929 2454 994 2493 in-

188 2511 517 2563 terrogantibus
561 2512 878 2564 responderent
918 2524 1018 2550 ne-.

191 2583 274 2622 que
305 2570 350 2610 in
381 2570 549 2613 balneis
582 2582 696 2622 aqua
718 2571 869 2610 eadem
901 2574 993 2608 ute-

192 2633 353 2677 rentur,
386 2627 463 2668 sed
495 2640 580 2679 qua
608 2628 673 2669 illi
701 2641 746 2668 se
767 2628 994 2677 lavissent,

191 2697 286 2724 eam
315 2690 534 2737 tamquam
567 2685 779 2737 pollutam
808 2698 835 2726 a
867 2686 994 2725 mini-

191 2744 292 2789 stris
346 2742 512 2782 effundi
570 2743 793 2792 iuberent,
856 2744 995 2783 donec

191 2801 283 2841 odii
337 2806 379 2840 et
428 2805 670 2840 contemtus
722 2801 996 2852 impatientia

189 2858 523 2901 suffocarentur.
557 2858 720 2898 Verum
761 2859 866 2904 satis
887 2858 995 2898 haec

189 2929 269 2968 pro
301 2921 452 2956 nostro
485 2917 671 2955 consilio
711 2917 766 2956 de
798 2917 994 2956 Socratis

189 2974 532 3014 accusatoribus.

226 3029 494 3084 Μέλητος
523 3028 616 3079 μὲν
645 3053 698 3059 —-
732 3026 881 3084 ὑπὲρ
897 3032 995 3072 τῶν

194 3082 458 3141 ῥητόρων]
490 3089 612 3128 Haec
643 3089 773 3128 verba
804 3089 889 3128 fuit
920 3091 993 3142 qui

192 3159 246 3187 ex
277 3147 549 3197 glossemate
571 3151 667 3185 orta
688 3147 993 3198 ειιερὶβειτεῐιι-,τ

191 3204 378 3244 maxime
409 3209 663 3270 propterea,
712 3205 829 3256 quod
861 3201 989 3256 ἄχθε-

192 3261 300 3301 σθαι
337 3255 444 3313 υπὲρ
499 3272 614 3301 τινος
652 3258 820 3302 Graece
868 3264 988 3305 vide-

190 3325 309 3361 retur
355 3320 481 3361 nullo
526 3319 657 3362 modo
705 3319 789 3360 dici
831 3333 986 3372 posse

190 3375 313 3424 Quae
354 3377 625 3429 perabsurda
675 3376 865 3418 hominis
903 3379 987 3420 fuit

1088 474 1254 558 opinio.
1286 488 1426 529 Plat.
1460 487 1596 540 Go.rg
1626 501 1668 541 p.
1689 487 1791 533 457.
1822 489 1889 534 D:

1087 543 1192 586 τούς
1243 542 1463 616 παρόντας
1511 542 1729 597 ἄχθεσθαι
1778 541 1886 601 ὑπὲρ

1085 605 1211 656 σφῶν
1253 599 1408 645 αυτῶν.
1465 604 1756 675 Aristoph.
1786 606 1889 674 Ly-

1084 664 1178 703 sist.
1218 677 1261 703 v.
1303 663 1378 705 10·
1436 656 1561 702 πόλλ’
1614 657 1722 715 ὑπὲρ
1773 658 1890 715 ἡμῶν

1085 721 1168 761 τῶν
1206 720 1424 773 γυναικῶν
1465 715 1670 770 ἄχθομαι.
1730 721 1798 762 Ac
1830 723 1888 762 si·

1082 780 1244 819 militer
1275 780 1436 820 dicitur
1465 775 1748 831 αἰσχύνεσθαι
1777 775 1887 833 ὑπὲρ

1084 848 1213 887 τινος,
1243 843 1292 877 ut
1321 836 1489 877 Griton.
1519 850 1565 889 p.
1586 836 1655 880 45.
1679 837 1733 877 Ε.
1765 838 1892 878 The-

1082 900 1164 934 aet.
1195 907 1238 946 p.
1272 894 1371 938 190.
1395 895 1446 934 E.
1510 895 1647 946 lgitur
1677 896 1887 948 loquendi

1082 953 1224 991 forma
1260 953 1452 1004 optimae
1491 950 1756 993 Graecitatis
1805 959 1886 994 est.

1081 1010 1231 1061 Ipsum
1263 1015 1408 1049 autem
1423 1010 1769 1051 additamentum
1799 1025 1889 1052 non

1082 1068 1213 1106 video
1256 1067 1363 1119 quid
1406 1073 1655 1119 suspectum
1705 1069 1889 1109 reddere

1081 1124 1244 1175 possit,
1296 1124 1653 1177 quandoquidem
1684 1124 1889 1166 Socrates

1082 1182 1168 1221 ista
1204 1182 1432 1222 hominum
1473 1195 1635 1234 genera
1674 1195 1763 1223 non
1795 1182 1891 1224 sine

1084 1245 1305 1279 contemtu
1346 1239 1534 1292 quodam
1577 1246 1620 1280 et
1660 1241 1748 1281 leni
1789 1243 1889 1282 irri-

1083 1298 1205 1337 sione
1273 1303 1596 1338 commemorat.
1686 1300 1887 1350 Accedit,

1083 1356 1202 1407 quod
1231 1354 1385 1406 Plato,
1417 1356 1526 1396 haec
1557 1369 1690 1408 quum
1722 1359 1885 1398 scribe-

1081 1419 1148 1452 ret
1162 1424 1181 1464 ,⁴
1212 1414 1452 1465 legentium
1490 1426 1582 1453 non
1618 1414 1704 1454 fuit
1734 1416 1884 1456 imme·

1082 1483 1199 1510 mor:
1249 1473 1369 1523 quod
1417 1476 1614 1512 tenentes
1667 1474 1885 1524 pruritum

1082 1530 1214 1569 istum
1271 1529 1534 1580 glossemata
1592 1530 1891 1583 investigandi

1083 1587 1357 1639 aliquantum
1395 1587 1711 1631 cohibebimus.
1751 1588 1889 1642 Quip-

1083 1658 1137 1697 pe
1168 1645 1339 1685 etiamsi
1370 1646 1537 1685 iudices
1558 1645 1665 1686 haee
1686 1659 1777 1687 non
1808 1648 1888 1687 do-

1083 1703 1211 1742 cendi
1260 1703 1462 1754 fuerunt,
1509 1706 1889 1748 tamen,lectores

1084 1761 1168 1800 visi
1199 1766 1300 1800 sunt
1330 1762 1517 1801 certiore
1541 1762 1690 1814 aliqua
1711 1764 1777 1804 rei
1807 1776 1890 1803 no-

1085 1819 1184 1858 titia
1213 1819 1438 1859 imbuendi
1477 1832 1586 1860 esse.
1648 1819 1731 1860 Est
1772 1822 1889 1861 enim

1083 1876 1156 1915 hic
1187 1889 1282 1917 mos
1316 1877 1540 1928 Platonis,
1573 1882 1621 1916 ut
1649 1878 1695 1917 in
1726 1879 1888 1919 talibus

1079 1934 1188 1974 locis
1234 1935 1367 1974 etiam
1409 1948 1464 1975 ea·
1511 1935 1714 1987 adiiciat,
1773 1950 1888 1988 quae

1080 1992 1336 2044 aequalibus
1383 1994 1522 2044 ipsius
1572 1998 1778 2045 poterant
1818 1995 1884 2034 vi·

1082 2049 1175 2089 deri
1224 2063 1563 2102 supervacanea.
1633 2050 1705 2091 Ita
1741 2052 1882 2092 Phae-

1081 2108 1186 2147 don.
1227 2120 1270 2158 p.
1301 2107 1371 2150 57.
1402 2109 1459 2147 A.
1500 2114 1601 2159 post
1642 2109 1726 2147 τῶν
1766 2110 1883 2148 πολι-

1083 2165 1168 2203 τῶν
1204 2165 1329 2204 addit
1372 2164 1599 2205 ‹Danaam›
1654 2172 1696 2206 et
1734 2165 1885 2219 Symp.

1082 2222 1128 2261 in
1162 2220 1224 2261 εἰς
1253 2218 1362 2261 ἄστυ
1394 2223 1577 2262 οἴκοθεν
1621 2217 1756 2263 α’νιώι
1800 2223 1886 2263 Φα-

1084 2276 1276 2331 ληρύθει
1287 2310 1298 2330 ,
1341 2282 1414 2321 ubi
1453 2279 1712 2333 Φαληρόθεν
1752 2283 1889 2323 lecto-

1082 2350 1178 2377 rum
1216 2339 1359 2389 gratia
1400 2340 1599 2381 additum
1639 2353 1735 2380 esse
1778 2341 1887 2380 scite

1083 2395 1336 2435 observavit
1383 2395 1413 2436 S
1429 2397 1486 2436 ch
1499 2411 1557 2438 ae
1571 2398 1620 2437 fe
1630 2410 1666 2437 r.
1717 2398 1886 2450 Appar.

1059 2453 1135 2496 .ad
1153 2453 1383 2494 Demosth.
1415 2455 1469 2495 T.
1501 2455 1626 2507 11.p.
1649 2455 1746 2498 386.
1786 2457 1887 2496 Per-

1079 2511 1190 2550 tinet
1225 2511 1311 2553 huc
1351 2512 1484 2552 etiam
1527 2513 1637 2553 illud
1679 2513 1725 2553 οί
1753 2514 1885 2553 πλου-

1083 2565 1301 2617 σιώτατοι,
1349 2571 1467 2622 quod
1503 2571 1690 2622 legimus
1730 2584 1772 2623 p.
1813 2572 1883 2614 23.

1082 2626 1131 2666 C.
1172 2627 1276 2667 item
1316 2627 1363 2666 οἱ
1398 2628 1563 2668 τούτων
1596 2624 1887 2681 προεήκοντες

1080 2697 1121 2736 p-
1152 2684 1222 2727 34.
1256 2685 1306 2725 B
1342 2691 1384 2725 et
1413 2700 1453 2739 p.
1487 2687 1557 2753 375
1593 2686 1642 2726 C.
1686 2691 1776 2726 tois*
1816 2687 1883 2726 ἕν-

1083 2741 1195 2782 δεκα.
1239 2756 1280 2794 p.
1318 2742 1388 2785 39.
1432 2743 1480 2784 C.
1540 2741 1642 2783 ἴταν
1682 2745 1885 2795 μέλλωσιν

1080 2795 1258 2840 ἁποθατ
1260 2800 1418 2840 εἰσθαι.
1457 2815 1499 2855 p.
1527 2801 1598 2845 40.
1631 2803 1683 2843 Β.
1731 2801 1878 2842 ἐνταυ-

1083 2857 1167 2897 θοῖ
1211 2858 1272 2898 εἰς
1318 2854 1373 2899 τὸ
1412 2857 1700 2912 δικαστήριον.
1778 2862 1884 2902 Alia

1083 2916 1129 2956 id
1159 2929 1295 2968 genus
1331 2919 1459 2969 plura
1488 2918 1605 2958 facili
1625 2920 1805 2971 negotio
1836 2921 1882 2959 in

1083 2986 1169 3014 uno
1209 2976 1389 3015 ‹ss-itone
1437 2982 1645 3027 poterunt
1685 2978 1881 3017 animad—

1080 3033 1215 3083 verti,
1246 3038 1295 3072 ut
1324 3045 1366 3085 p.
1398 3032 1468 3076 50.
1498 3034 1556 3074 D.
1587 3033 1658 3076 53.
1690 3037 1750 3075 A.
1810 3035 1881 3075 Ita

1079 3090 1212 3131 etiam
1256 3090 1480 3131 Phaedon.
1511 3105 1553 3143 p.
1585 3092 1680 3134 117.
1711 3093 1764 3134 Ε.
1804 3093 1880 3132 ubi

1078 3148 1191 3188 male
1251 3149 1429 3200 quidam
1490 3150 1710 3200 glossema
1769 3151 1877 3190 odo·

1077 3211 1241 3246 rantur.

1175 3263 1285 3306 --24
1354 3258 1516 3304 Ταῦτ’
1559 3263 1711 3304 ἔστιν
1741 3261 1876 3312 ὑμῖν,

1076 3333 1110 3359 ω
1149 3317 1302 3374 ἅνδρ.
1336 3317 1461 3369 ἠΑθ
1508 3315 1742 3374 ταληθη]
1775 3335 1802 3360 ι
1838 3334 1874 3362 e

1074 3378 1208 3420 haec
1257 3386 1383 3420 sunt
1430 3379 1550 3430 illa,
1607 3391 1751 3435 quael
1795 3391 1873 3418 me
