2158 3718
573 118 1086 181 SYMPoSmM
1123 139 1178 188 p
1217 122 1322 172 2⁰6
1358 122 1435 177 st
1735 124 1833 174 141
1905 87 1909 92 ¹

289 267 431 350 Cap.
476 264 677 324 XXV.
751 263 876 323 ’Ότε
917 264 986 336 δη
1027 266 1232 323 τούτου
1274 264 1306 322 ὃ
1349 269 1481 339 έρως
1533 269 1681 323 ἐστὶν
1735 268 1838 335 ἀεί,

159 377 197 422 η
242 352 292 410 δ’
345 351 401 422 ἦ,
439 354 550 408 τῶν
589 356 714 406 τίνα
753 348 966 422 τρόπον
1007 350 1313 407 διωκόντων
1354 347 1494 406 αὐτὸ
1527 354 1618 406 καὶ
1643 358 1702 407 ἐν
1729 358 1838 408 τίνι

158 437 355 508 πράξει
397 434 432 504 ἡ
480 432 691 503 σπουδὴ
750 439 842 491 καὶ
885 434 919 504 ἡ
963 456 1224 501 συντασις
1285 439 1419 505 ἔρως
1459 430 1532 489 ἂν
1573 439 1838 501 scalon-o,-

159 526 215 576 τί
269 524 437 578 τοῦτο
494 518 750 591 τυγχάνει
803 516 868 576 ὂν
923 517 987 576 τὸ
1034 523 1231 592 ἕργονς
1285 524 1420 590 ἔχεις
1462 525 1665 587 εὶπεῖνς
1754 520 1831 576 Οὐ

157 603 318 678 μέντ’
366 601 442 660 ἂν
483 610 568 670 σέ,
608 609 749 678 ἔφην
792 602 925 676 ἐγώ,
971 596 1010 658 ὦ
1058 609 1316 675 Διοτίμα,
1371 602 1705 674 ἐθαύμαζον
1747 608 1835 660 ἐπὶ

154 693 328 764 σοφίᾳ
379 691 474 744 καὶ
516 694 755 764 ἐφοίτων
795 687 951 760 παρὰ
997 692 1054 744 σὲ
1097 685 1241 743 αὐτὰ
1286 691 1465 742 ταῦτα
1506 688 1838 760 μαθησόμε-

154 769 270 838 νος.
351 770 501 828 Ἀλλ’
553 770 653 843 ἐγώ
699 793 814 838 σοι,
859 779 991 848 ἔφη,
1045 776 1167 846 ἐρῶ.
1224 777 1331 828 ἔστι
1376 767 1482 845 γᾶρ
1525 776 1693 828 τοῦτο
1738 771 1834 828 τό-

154 879 251 922 κος
291 863 352 912 ἐν
394 859 543 927 καλῷ
587 860 679 912 καὶ
720 854 863 912 κατὰ
922 854 983 914 τὰ
1041 860 1198 928 σῶμα
1260 859 1351 911 καὶ
1394 853 1537 911 κατὰ
1579 854 1684 924 τὴν
1723 872 1838 932 ψυ-

149 939 276 1014 χήν.
362 943 670 1007 Μαντείας,
711 933 782 1008 ἦν
824 939 874 995 δ’
927 939 1044 1011 ἐγώ,
1090 944 1264 996 δεῖται
1307 938 1338 996 ὅ
1383 962 1436 995 τι
1480 944 1616 1012 ποτὲ
1649 944 1831 1010 λέγεις,

153 1028 248 1081 καὶ
293 1023 361 1080 οὐ
403 1025 709 1096 μανθάνω.
791 1023 938 1080 Ἀλλ’
1002 1022 1136 1092 ἐγώ,
1192 1017 1227 1092 ἦ
1276 1023 1325 1079 δ’
1378 1020 1444 1091 ἦ,
1499 1029 1835 1099 σαφέστερον

153 1112 275 1182 ἐρῶ.
320 1111 511 1164 κυοῦσι
554 1107 680 1182 γάρ,
725 1111 847 1184 ἔφη,
890 1099 930 1162 ὦ
978 1106 1309 1180 Σώκρατες,
1355 1107 1560 1173 πάντες
1602 1106 1837 1180 ἄνθρω-

151 1215 251 1249 ποι
294 1195 396 1248 »καὶ
451 1189 596 1247 κατὰ
654 1189 718 1248 τὸ
783 1195 939 1262 σῶμα
995 1195 1087 1248 καὶ
1137 1191 1281 1248 κατὰ
1326 1188 1428 1258 τὴν
1471 1189 1686 1267 ψυχήν,
1742 1197 1836 1248 καὶ

153 1273 377 1332 ἐπειδὰν
431 1279 491 1331 ἕν
543 1297 651 1332 τινι
707 1273 896 1347 ἡλικίᾳ
961 1280 1252 1346 γένωνται,
1322 1280 1521 1330 τίκτειν
1573 1280 1839 1348 ἐπιθυμεῖ

150 1358 306 1435 ἡμῶν
348 1357 383 1429 ἡ
426 1358 607 1436 φύσις.
653 1364 854 1417 τίκτειν
898 1362 953 1416 δὲ
996 1367 1056 1416 ἐν
1094 1363 1196 1432 μὲν
1239 1363 1445 1433 αἰσχρῷ
1491 1358 1557 1415 οὐ
1585 1357 1837 1427 δύναται,

266 1550 484 1608 ἀγαθὸν
524 1550 670 1608 αὐτῷ
707 1551 855 1592 εἶναι
905 1549 1014 1606 ἀεί]
1058 1549 1168 1592 αὐτὸ
1214 1550 1343 1593 Bodl.
1381 1551 1606 1596 Par.DK.
1646 1558 1833 1608 Ang.w.

148 1611 295 1655 Ambr.
329 1610 448 1664 αὐτῷ
475 1610 728 1652 Florentini.

266 1669 316 1710 B.
376 1666 586 1709 τούτου
618 1667 639 1707 ὁ
676 1669 804 1722 ἔρως
834 1665 1009 1720 ἐστίν]

147 1726 262 1769 Post
299 1727 415 1767 ἐστίν
446 1725 673 1767 Bekkerus
711 1724 869 1766 abiecit
902 1721 995 1774 ἀεί,
1031 1722 1147 1776 quod
1185 1723 1343 1764 omittit
1375 1723 1472 1765 Vat.
1495 1722 1547 1766 A.
1607 1723 1697 1764 Sed
1729 1737 1831 1766 vere

147 1784 249 1826 inud
293 1783 428 1826 critici
470 1787 643 1824 tuentur
687 1795 767 1833 eo,
811 1780 925 1834 quod
965 1754 1153 1821 s'tudium
1194 1793 1401 1834 semper
1450 1793 1547 1821 esse
1588 1780 1831 1834 cupidinem

147 1840 269 1883 huius
306 1842 368 1883 rei
412 1853 519 1894 sign
509 1840 682 1881 ficetur
757 1839 843 1880 Hic
884 1851 1033 1879 rursus
1065 1832 1093 1889 ἧ
1123 1835 1165 1878 δ’
1202 1835 1230 1888 ἢ’
1269 1837 1324 1878 de
1356 1837 1543 1879 Bekkeri
1585 1838 1848 1880 coniectura.

148 1899 262 1941 dedi.
322 1898 432 1940 Nam
471 1897 552 1949 ἤδη
598 1909 725 1938 nemo
767 1903 834 1938 est
871 1896 970 1948 quin
1009 1895 1152 1936 videat
1191 1895 1245 1936 ab
1276 1894 1483 1936 hocloco
1515 1907 1696 1949 prorsus
1726 1896 1832 1937 alie-

146 1969 248 1998 num
279 1969 390 1998 esse.
451 1955 558 1996 Dein
590 1967 667 2008 pro
700 1958 783 1994 τῶν
816 1952 940 1995 Bodl
975 1951 1054 1992 τὸν
1083 1951 1222 1993 habet

263 2011 578 2054 διωκόντων
616 2010 782 2064 αυτό]
818 2011 866 2051 V.
899 2008 1055 2062 αὖτόι,
1085 2009 1200 2060 quod
1232 2022 1256 2050 e
1291 2009 1418 2051 Bodl.
1448 2009 1546 2050 Vat
1569 2005 1621 2052 A.
1645 2009 1826 2051 V1nd1

146 2070 188 2115 2.
205 2070 245 2114 7.
265 2070 382 2111 Flor.
395 2083 435 2111 ιι.
466 2069 566 2111 Par.
577 2069 676 2110 DK.
714 2067 1005 2110 emendatum.
1066 2067 1173 2108 Dein
1202 2065 1329 2107 Bodl.
1369 2067 1462 2110 Vat.
1483 2066 1535 2108 A.
1565 2067 1694 2110 Coisl.
1728 2067 1830 2108 Par.

146 2127 249 2170 EF.
284 2127 434 2168 Ambr.
467 2130 690 2179 Ang.u.w.
725 2125 969 2166 vat.n.r.s.
1003 2122 1029 2175 ἢ
1062 2138 1172 2164 anm
1177 2124 1228 2178 δ’]
1247 2121 1359 2166 vel
1335 2141 1357 2175 7
1383 2125 1562 2176 σπουδῇ.
1593 2124 1682 2165 Pro
1713 2126 1829 2178 vulg.

147 2183 353 2231 σύστασις
389 2188 507 2225 recte
549 2182 674 2224 Bodl.
715 2183 810 2225 vat.
842 2180 895 2225 A.
933 2181 1057 2224 Vind.
1086 2179 1128 2224 2.
1166 2180 1382 2229 σύντασις.
1466 2181 1530 2223 lta
1569 2181 1830 2235 Euthydem.

231 2300 310 2340 C
366 2295 503 2340 Ἀλλ’
539 2293 650 2350 ἐγώ,
683 2312 704 2347 η
742 2291 784 2334 δ’
820 2292 862 2347 ἢ,
896 2299 1233 2351 σαφέστερον
1263 2293 1374 2349 ἐρῶ]
1409 2294 1634 2336 Bekkerus
1665 2288 1695 2347 ἤ
1726 2293 1766 2335 δ’
1803 2292 1833 2347 ἧ’

146 2356 202 2399 de
233 2357 484 2399 coniectura
516 2353 703 2407 scripsit.
762 2351 798 2392 L
803 2353 881 2394 ibri
915 2352 1011 2406 ἤδη.

259 2410 505 2454 καὶκατὰ
540 2410 596 2451 τὸ
635 2410 806 2465 σῶμα]
855 2410 957 2451 Hoc
987 2409 1057 2451 καὶ
1087 2410 1211 2452 abest
1241 2422 1265 2450 a
1297 2407 1422 2450 Bodl.
1457 2407 1554 2453 Vat.
1577 2407 1629 2451 A·
1654 2407 1759 2450 Ven.
1781 2409 1828 2450 Ξ.

146 2470 270 2513 vind.
284 2470 325 2516 2.
354 2469 501 2513 Par.D
514 2469 568 2510 K.
589 2470 696 2522 Ang.
711 2480 760 2511 w.
783 2466 879 2509 Vnt.
892 2481 936 2522 p.

1049 1665 1166 1706 Libri
1195 1669 1348 1706 τοῦτο.
1412 1666 1613 1708 Correxit
1643 1666 1830 1711 Bastius.

143 2627 277 2668 gnum
318 2611 638 2665 interrogandi,
684 2621 770 2663 quo
807 2610 944 2652 maio-

143 2685 236 2714 rem
275 2671 454 2713 haberet
491 2669 631 2710 oratio
670 2668 861 2721 vigorem
899 2672 944 2710 et

144 2730 424 2771 alacritatem
487 2727 585 2770 Qua
619 2727 659 2767 in
690 2738 738 2767 re
770 2731 945 2767 secutus

145 2800 238 2828 sum
271 2785 575 2827 auctoritatem
613 2782 944 2825 Heindorfii

146 2843 200 2885 ad
232 2842 447 2884 Charmid.
480 2855 522 2894 p.
550 2840 642 2884 162.
682 2840 732 2880 Β.
775 2841 849 2881 ubi
880 2842 944 2881 le·-

145 2904 302 2953 guntur
324 2899 454 2940 haec·
487 2899 533 2938 τί
553 2892 635 2938 οὖν
662 2895 714 2936 ἃν
744 2899 808 2950 εἴη
840 2899 944 2938 ποτὲ

146 2955 196 2996 τὸ
240 2954 294 2996 τὰ
345 2956 503 2995 ἑαυτοῦ·
553 2951 783 3008 πράττεινς
837 2955 944 3004 ἔχεις

145 3014 297 3062 dusino,-
328 3011 496 3064 Infrap.
523 3009 622 3053 207.
642 3010 701 3052 Β·
732 3011 798 3055 τίς
827 3011 943 3051 αἰτία

144 3093 199 3103 -
231 3071 546 3119 διατίθεσθαι;
579 3068 683 3120 ἔχεις
714 3066 876 3121 λέγεινς

147 3187 149 3197 “
206 3181 278 3227 Οὕ
326 3180 470 3238 μέντ’
512 3179 683 3230 arod,
720 3179 940 3233 ἔφην-

146 3241 236 3283 καὶ
273 3237 536 3296 ἐφοίτων]
576 3237 712 3278 luten.
746 3236 782 3277 εἰ
812 3236 940 3278 εἰπεῖν

147 3298 277 3351 εἶχον.
337 3297 444 3339 Num
478 3306 700 3349 perperam
744 3291 848 3336 haee
877 3294 940 3335 in-

147 3360 406 3411 terpretatus
457 3359 523 3396 est
559 3352 804 3396 Wolfiuo.
874 3350 939 3394 De

1030 2608 1216 2651 dictione
1248 2605 1495 2662 θαυμάζειν
1527 2605 1621 2647 τινὰ
1652 2606 1721 2648 ἐπὶ
1753 2622 1828 2648 σο-

1028 2667 1108 2720 φίᾳ
1138 2665 1223 2707 vid.
1260 2666 1428 2707 Theaet
1463 2679 1502 2719 p.
1523 2664 1616 2708 161.
1644 2665 1694 2706 C.
1725 2663 1829 2707 Xe-

1028 2723 1183 2777 noph.
1216 2724 1347 2766 Mem.
1381 2725 1413 2766 1.
1449 2723 1492 2773 4,
1524 2722 1564 2766 2.
1597 2722 1756 2766 Boot.
1789 2721 1824 2774 §.

1031 2781 1126 2826 109.
1168 2786 1257 2824 not.
1295 2780 1336 2823 4.
1405 2780 1643 2832 Eleganter
1679 2784 1826 2821 autem

1029 2838 1238 2880 Socrates
1285 2839 1418 2880 utitur
1463 2837 1597 2878 verbo
1647 2840 1821 2890 φοιτᾶν,

1029 2895 1144 2948 quod
1183 2901 1353 2938 constat
1390 2895 1599 2948 imprimis
1639 2894 1719 2935 dici
1750 2907 1825 2934 so-

1027 2954 1118 2996 lere
1137 2952 1191 2994 de
1227 2953 1441 3008 discipulis
1464 2951 1712 3004 magistrum
1736 2950 1823 2991 fre-

1026 3011 1343 3063 quentantibu8‚
1373 3011 1443 3063 qui
1464 3008 1561 3049 inde
1590 3007 1692 3048 dicti
1723 3011 1821 3046 sunt

1027 3069 1255 3120 φοιτηταί,
1320 3068 1402 3109 vid.
1466 3066 1713 3107 Pierson.
1766 3063 1820 3103 ad

1023 3123 1161 3165 Moer.
1194 3138 1234 3179 p.
1254 3124 1352 3170 400

1079 3182 1363 3229 Μαντείας
1403 3201 1452 3209 -—
1495 3178 1574 3217 δεῖ
1583 3175 1700 3229 ται]
1747 3174 1819 3215 Sic

1023 3238 1306 3292 loquebantur
1328 3237 1483 3278 Graeci
1505 3235 1559 3275 de
1589 3233 1717 3274 rebus
1738 3233 1818 3273 ob—

1021 3296 1174 3344 scuris,
1206 3310 1247 3338 v.
1275 3294 1533 3338 Valcken.
1564 3289 1616 3331 nd
1638 3289 1814 3343 Hippoi.

1021 3365 1058 3394 v
1091 3351 1191 3397 236.
