2158 3718
744 147 823 184 AD
862 146 1226 186 SYMPOSIUM.
1749 148 1832 186 XV

138 291 226 327 res
270 272 486 337 habeat,
536 281 595 325 ut
638 282 695 324 tu
742 272 887 324 dicis.
954 271 1154 326 Contra
1197 272 1476 325 veritatem
1522 291 1629 326 non
1677 283 1831 342 potes

139 344 435 414 disputare,
481 343 553 395 mi
601 341 845 413 Agath03
893 361 1016 395 nam
1062 350 1247 396 contra
1292 340 1568 395 Socratem
1615 343 1830 412 quidem

139 414 236 468 tibi
270 414 425 468 facile
463 422 543 467 est
561 413 632 480 ³¹⁶).

209 482 322 538 Sed
365 493 417 537 te
464 483 568 536 iam
616 483 879 535 dimittam
929 492 982 536 et
1029 482 1208 552 potius
1258 502 1552 537 sermonem
1601 485 1833 538 referam

137 554 431 618 Diotimae,
471 571 577 623 quo
613 572 724 618 me,
774 571 894 606 cum
931 554 1212 616 Amorem,
1257 563 1318 606 ut
1355 563 1430 618 tu,
1506 553 1833 609 raedicarem

138 634 190 678 et
227 624 448 678 deorum
482 624 772 676 maximum
810 642 1070 688 vocarem,
1115 624 1406 697 redarguit.
1521 643 1654 695 eque
1692 627 1834 679 enim

135 694 332 759 Amor,
370 703 430 746 ut
465 694 643 748 aiebat
677 693 938 758 Diotima,
987 703 1067 747 est
1102 695 1288 766 pulcer
1322 704 1374 749 et
1410 694 1609 759 bonuS,
1657 714 1833 765 neque

138 765 297 818 etiam
334 765 508 836 turpis
546 773 600 817 et
635 765 832 838 malus,
885 766 979 818 sed
1022 766 1079 817 in
1125 765 1301 819 medio
1337 766 1491 835 quasi
1528 766 1831 831 collocatUS,

135 844 196 889 ut
239 836 378 889 inter
425 835 703 889 scientiam
749 844 801 888 et
849 836 1239 907 ignorationem
1275 836 1553 890 interiecta
1588 846 1670 890 est
1705 857 1835 891 vera

133 927 166 961 o
203 906 329 971 inio‚
370 914 424 959 et
458 906 600 959 inter
637 905 906 977 sapientes
944 914 997 959 et
1024 907 1334 978 ignorantes
1360 915 1442 960 est
1464 907 1831 978 philosophus,

133 926 322 1048 hicque
348 978 493 1031 ⁵deus
530 985 638 1042 est,
689 996 812 1029 nam
851 994 1033 1031 eorum
1071 984 1154 1030 est
1187 975 1490 1041 beatitudO,
1529 996 1697 1046 eaque
1734 997 1831 1049 po-

136 1049 238 1102 sita
275 1058 356 1102 est
385 1049 440 1101 in
465 1047 807 1121 possessione
832 1045 958 1098 boni
982 1046 1277 1117 pulcrique,
1315 1065 1452 1115 quae
1478 1046 1667 1112 Amor,
1707 1049 1834 1117 quia

132 1138 239 1172 non
265 1118 445 1182 habet,
485 1118 660 1189 cupit3
699 1135 872 1187 neque
911 1125 1087 1170 tamen
1121 1116 1280 1170 homo
1318 1126 1426 1181 est,
1468 1118 1564 1171 sed
1601 1135 1668 1171 ex
1704 1118 1831 1171 dae-

132 1205 350 1244 monum
386 1198 467 1243 est
502 1208 730 1260 genere,
779 1206 1006 1258 quorum
1041 1187 1141 1241 hoc
1178 1196 1259 1240 est
1293 1207 1515 1252 munus,
1566 1197 1626 1241 ut
1660 1189 1834 1242 nuntii

131 1260 558 1329 interpretesque
605 1261 825 1314 deorum
871 1258 977 1311 sint
1023 1258 1168 1329 apud
1211 1258 1452 1312 homines
1463 1298 1478 1322 ,
1529 1267 1583 1312 et
1626 1260 1833 1330 repleto

132 1331 232 1383 hoc
287 1332 456 1401 spatio
511 1339 679 1384 totum
727 1331 1039 1384 universum
1093 1347 1199 1383 uno
1243 1328 1456 1383 vinculo
1507 1331 1831 1383 contineant.

131 1401 263 1454 Inde
308 1402 479 1455 omnis
526 1402 778 1456 divinatio
823 1409 984 1471 atque
1020 1400 1208 1471 religio
1243 1400 1470 1471 pendet3
1522 1400 1655 1454 deus
1692 1400 1832 1454 enim

132 1484 256 1524 cum
290 1470 592 1526 hominibus
628 1491 735 1526 non
770 1473 886 1543 ipse
923 1471 1054 1544 agit,
1091 1470 1196 1524 nisi
1225 1471 1588 1525 intercedente
1614 1471 1831 1525 daemo-

132 1561 262 1595 num
307 1543 614 1596 ministerio.
676 1543 840 1596 Patre
885 1551 1065 1596 autem
1109 1550 1268 1597 natus
1317 1549 1396 1595 est
1439 1541 1608 1606 Por0,
1662 1550 1832 1595 matre

131 1612 326 1666 Penia:
376 1614 519 1666 unde
558 1615 775 1678 factum,
812 1622 874 1666 ut
910 1632 943 1666 a
977 1614 1162 1666 matris
1197 1613 1374 1666 indole
1412 1612 1634 1667 haberet
1671 1631 1831 1682 squa-

131 1684 316 1748 lorem,
355 1683 620 1748 duritiem,
659 1684 896 1755 vigiliam
931 1684 1001 1737 ad
1024 1684 1238 1748 ianuas,
1278 1704 1310 1736 a
1346 1692 1500 1754 patre
1537 1683 1830 1748 audaciam,

133 1754 329 1818 dolum,
366 1755 642 1825 ingenium
679 1755 887 1808 efficax.
946 1753 1059 1808 Sed
1094 1755 1149 1807 in
1184 1754 1491 1822 hominibus
1518 1754 1610 1823 qui
1635 1754 1833 1808 dicitur

131 1824 318 1889 Amor,
343 1834 440 1894 ,est
463 1826 550 1878 ille
577 1827 792 1878 omnino
818 1825 1140 1896 cupiditas
1165 1824 1593 1879 beatitudinis
1632 1825 1829 1878 omni-

130 1895 247 1948 bus
283 1897 517 1949 innata.
576 1894 899 1965 Quanquam
933 1896 1150 1949 Amoris
1186 1913 1383 1948 nomen
1418 1895 1670 1964 loquendi
1703 1913 1829 1948 con-

39 1968 53 1978 ’
133 1967 359 2020 suetudo
394 1975 591 2021 temere
627 1967 695 2020 ab
732 1967 983 2020 universo
1020 1985 1217 2038 genere
1253 1965 1435 2020 avellit
1471 1974 1525 2018 et
1562 1965 1632 2018 ad
1667 1984 1830 2018 unam

131 2037 353 2090 formam
390 2037 710 2092 adstrinxit:
750 2038 894 2106 quod
930 2038 984 2090 in
1022 2037 1140 2091 aliis
1177 2055 1392 2107 quoque
1428 2036 1591 2090 rebus
1627 2036 1830 2089 factum

132 2116 239 2169 est3
296 2107 460 2160 veluti
508 2117 708 2177 poeta
751 2126 917 2176 quum
1001 2108 1177 2179 roprie
1224 2108 1294 2160 sit
1341 2107 1514 2161 omnis
1561 2106 1678 2170 ille,
1737 2107 1829 2176 qui

133 2177 399 2241 efficit,
447 2186 626 2230 tamen
661 2197 856 2240 nomen
893 2179 959 2230 ad
1000 2179 1134 2232 aesit
1169 2197 1367 2248 parvae
1403 2177 1545 2248 parti
1582 2178 1656 2240 ei,
1692 2195 1830 2245 quae

132 2247 190 2299 in
235 2247 419 2300 metris
464 2256 519 2300 et
565 2248 771 2301 musica
817 2248 1108 2301 efficiendis
1154 2257 1411 2302 versatur.
1477 2246 1571 2301 Sic
1614 2247 1831 2301 Amoris

130 2318 213 2371 vis
249 2317 307 2369 in
343 2317 620 2389 angustius
657 2318 890 2388 spatium
925 2319 1189 2390 redigitur
1226 2328 1281 2371 et
1313 2319 1614 2372 continetur
1651 2317 1829 2370 studio

131 2387 374 2457 pariendi
411 2396 465 2441 et
499 2387 792 2460 generandi
827 2388 1074 2458 pulcrum
1111 2408 1177 2442 ex
1213 2389 1417 2459 pulcro,
1458 2396 1565 2440 tam
1590 2387 1733 2457 quod
1761 2387 1830 2439 ad

131 2458 384 2521 animum,
420 2476 582 2527 quam
618 2458 688 2510 ad
725 2477 937 2529 corpus.
992 2458 1132 2510 Nam
1171 2478 1233 2511 ea
1262 2468 1343 2512 est
1365 2457 1592 2511 hominis
1616 2467 1826 2521 natura,

130 2537 206 2592 ut,
247 2546 412 2597 quum
448 2529 519 2581 ad
554 2529 750 2581 iustam
783 2537 1017 2589 ,aetatem
1042 2529 1362 2599 pervenerit,
1402 2547 1591 2598 parere
1615 2528 1826 2601 gestiat.

131 2597 206 2650 Et
243 2617 466 2669 corpore
503 2598 721 2667 quidem
756 2598 858 2652 hoc
896 2599 1124 2652 efficitur
1160 2600 1260 2652 viri
1292 2599 1632 2668 mulierisque
1666 2598 1827 2662 coitu,

129 2669 184 2720 in
222 2687 328 2737 quo
363 2669 602 2740 profecto
639 2669 820 2723 divina
855 2669 1117 2739 quaedam
1154 2670 1293 2723 inest
1328 2669 1428 2733 viS,
1468 2677 1528 2722 ut
1555 2669 1829 2722 hominum

131 2757 303 2809 genus
346 2739 731 2811 propagatione
774 2740 1071 2793 immortale
1115 2739 1234 2804 fiat,
1284 2758 1449 2809 quum
1488 2739 1685 2809 singuli
1724 2739 1829 2792 sint

131 2809 393 2864 mort-ales.
452 2810 538 2863 Ac
573 2819 793 2881 propter
828 2810 966 2864 hanc
1010 2811 1183 2880 ipsam
1221 2810 1458 2883 coniugii
1494 2809 1828 2863 divinitatem

132 2878 218 2942 fit,
268 2888 327 2931 ut
371 2879 557 2950 pulcra
603 2898 827 2951 corpora
872 2889 1264 2946 consectemur,
1314 2898 1450 2950 quae
1497 2880 1827 2951 deformibus

133 2949 437 3017 propiorem
490 2949 689 3003 habent
736 2970 855 3005 cum
905 2952 1088 3005 divina
1139 2960 1330 3005 natura
1383 2951 1825 3005 coniunctionem.

135 3015 390 3071 Ceterum
425 3019 542 3089 ipse
578 3021 936 3089 procreandae
976 3021 1180 3075 subolis
1217 3022 1461 3075 stimulus
1494 3040 1561 3075 ex
1584 3021 1674 3074 illo
1699 3038 1824 3090 pro-

134 3088 389 3142 ficiscitur
416 3090 694 3158 principi0‚
733 3091 877 3159 quod
914 3092 1150 3160 quilibet,
1187 3102 1446 3162 quantum
1482 3092 1596 3146 fieri
1633 3098 1822 3161 potest,

206 3316 248 3368 *)
279 3331 318 3369 p.
346 3323 435 3359 198.
459 3318 499 3358 A
525 3353 572 3357 m
598 3321 690 3358 201.
713 3319 759 3360 C.
