2222 3762
405 181 466 230 16
862 168 1473 228 PROLEGOMENA
1510 174 1621 227 AD

398 317 741 373 adduxerint.
815 315 1034 368 Etenim
1071 315 1176 368 fnit
1211 333 1340 368 sane
1389 315 1493 388 ipsi
1527 328 1875 388 persuasum,
1925 331 2092 386 quum

400 391 580 445 omnia
615 388 684 441 ad
722 387 1006 440 honestam
1040 385 1472 457 prudentemque
1517 389 1661 442 vitae
1700 390 1972 443 actionem
2007 407 2092 444 re⁴

398 465 589 520 ferret,
627 458 939 512 interiorem
978 458 1270 529 physicae,
1309 461 1701 528 astronomiae,
1742 462 2091 532 geometriae,

400 541 592 604 utpote
629 530 700 583 ad
736 539 1078 600 praesentem
1115 536 1326 582 tantum
1351 549 1510 585 usum
1540 530 1863 600 destinatae,
1902 534 2094 604 cogni·-

398 606 601 658 tionem
637 601 883 654 inutilem
921 619 1041 653 esse
1097 599 1346 669 adeoque
1381 601 1438 654 in
1489 621 1555 655 ea
1601 603 1903 674 inquirere,
1956 623 2094 675 quae

400 677 479 730 dii
515 693 616 727 nos
653 672 1006 738 celavissent,
1061 671 1285 741 impium
1332 671 1519 726 haberi
1557 685 1822 744 oportere.
1899 675 2094 744 Itaque

399 746 469 802 τὰ
507 743 741 812 οὐράνια
793 762 901 795 non
949 741 1333 814 investiganda
1380 744 1644 815 putabat,
1699 747 1906 817 quippe
1955 765 2094 816 quae

402 819 502 888 οὐχ
550 813 741 886 εὑρετὰ
787 810 1119 881 ἀνθρώποις
1178 825 1389 881 essent,
1453 814 1894 886 quandoquidem
1950 818 2095 872 eius·-

400 887 549 942 modi
596 885 844 940 curiosae
891 903 1070 937 rerum
1119 883 1571 958 investigationes
1620 887 1725 941 diis
1771 906 1881 941 non
1914 888 2096 960 place-

400 967 523 1014 rent
560 956 712 1028 (οὔτε
745 958 1080 1026 χαρίζεσθαι
1119 958 1323 1026 θεοῖς).
1373 955 1522 1026 Quin
1547 959 1710 1011 etiam
1736 956 1920 1012 studia
1943 961 2097 1015 Ana-

400 1032 637 1103 xagorae
685 1027 804 1082 istis
854 1027 910 1081 in
957 1028 1122 1082 rebus
1174 1029 1357 1098 posita
1398 1028 1560 1099 plane
1598 1030 1974 1102 improbabat,
2027 1028 2095 1085 de

403 1122 511 1174 qua
558 1120 615 1154 re
664 1097 981 1170 Xenoph.
1030 1100 1198 1155 Mem.
1236 1099 1335 1153 IV.
1377 1102 1426 1152 7.
1467 1102 1515 1154 6.
1553 1102 1695 1154 inter
1733 1100 1866 1156 alia:
1919 1106 2098 1156 κινδυ-

401 1177 588 1230 νεῦσαι
637 1170 690 1224 δ’
745 1168 816 1224 ἄν
867 1175 975 1245 ἔφη
1031 1177 1122 1225 καὶ
1175 1175 1610 1245 παραφρονῆσαι
1657 1171 1755 1227 τὸν
1792 1175 1967 1228 ταῦτα
2002 1195 2098 1245 pte-⁶

403 1247 683 1316 ρεμνῶντα
731 1242 894 1297 οὐδὲν
940 1239 1112 1308 ἧττον
1158 1240 1192 1308 ἢ
1240 1242 1614 1313 Ἀναξαγόρας
1673 1243 2100 1319 παρεφρόνησεν

404 1318 433 1373 ὁ
472 1321 739 1386 μέγιστον
777 1320 1068 1389 φρονήσας
1114 1319 1201 1368 ἐπὶ
1253 1317 1329 1380 τῷ
1366 1312 1466 1378 τας
1499 1317 1609 1368 τῶν
1648 1318 1804 1369 θεῶν
1851 1314 2101 1387 μηχανὰς

403 1391 758 1459 ἐξηγεῖσθαι,
797 1394 853 1439 et
889 1385 1127 1439 Aristo
1145 1393 1183 1438 t.
1223 1386 1363 1440 Met.
1400 1385 1445 1439 I.
1471 1389 1520 1439 6.
1545 1385 1716 1441 XIII.
1742 1390 1793 1441 4.
1830 1387 1922 1441 De
1946 1388 2097 1442 Part.

399 1465 509 1516 An.
548 1459 592 1512 Ι.
641 1461 683 1512 1.
722 1456 904 1513 Ethic.
941 1456 1088 1511 Eud.
1127 1454 1172 1510 I.
1210 1477 1264 1528 p.
1310 1459 1462 1512 1226.
1501 1458 1554 1512 b.
1593 1458 1642 1510 2.
1682 1455 1767 1512 ed.
1808 1457 1988 1513 B'ekk.

543 1530 662 1584 Iam
709 1549 838 1583 vero
888 1528 1037 1599 quod
1083 1527 1220 1582 illud
1259 1548 1479 1599 quoque
1514 1538 1683 1602 negat
1721 1550 1753 1583 a
1789 1548 1847 1584 se
1883 1530 2099 1584 factita-

399 1612 515 1658 tum
551 1621 689 1669 esse,
730 1600 878 1671 quod
917 1601 1253 1672 Protagorae
1289 1600 1550 1672 imprimis
1590 1601 1815 1671 eiusque
1853 1599 2096 1674 discipu-

400 1676 468 1730 lis
505 1673 788 1745 proprium
823 1672 992 1726 fuisse
1023 1672 1308 1740 novimuS,
1357 1680 1420 1725 ut
1465 1681 1658 1744 argute
1696 1672 2015 1744 disputandi
2047 1681 2104 1727 te

403 1749 461 1800 in
498 1754 786 1815 utramque
822 1757 1035 1816 partem
1071 1743 1291 1798 dicendi
1329 1751 1499 1797 artem
1536 1752 1591 1797 et
1628 1743 1943 1798 facultatem
1974 1765 2102 1817 pro-

403 1820 679 1883 fiteretur,
749 1815 1106 1887 sophisticam*
1162 1814 1324 1869 istam
1387 1814 1755 1886 eloquentiam
1817 1814 2104 1871 Socratem

404 1896 623 1944 constat
658 1887 786 1941 item
823 1906 892 1942 ex
928 1886 1109 1941 animo
1136 1885 1341 1955 odisse,
1381 1885 1476 1956 qui
1505 1887 1756 1941 consulto
1796 1906 1952 1942 suam
1989 1888 2105 1943 dis-

406 1959 621 2016 serendi
659 1958 1065 2029 quaerendique
1102 1957 1368 2012 rationem
1390 1957 1758 2030 sophistarum
1782 1958 2104 2032 disciplinae

405 2031 744 2104 opposuerit.
818 2031 906 2084 De
935 2048 1043 2100 qua
1083 2049 1142 2083 re
1177 2049 1286 2084 non
1325 2036 1410 2083 est
1448 2026 1598 2100 quod
1635 2029 1741 2084 hoc
1777 2030 1899 2086 loco
1936 2031 2106 2103 pluri-

403 2104 507 2159 bus
546 2121 907 2175 exponamu83
942 2101 1078 2155 illud
1099 2120 1269 2155 unum
1290 2102 1564 2156 monuisse
1601 2102 1733 2156 satis
1760 2102 1882 2172 erit,
1905 2122 2106 2157 manno

406 2175 676 2248 opinionis
710 2192 889 2228 errore
923 2173 1000 2226 ita
1037 2173 1285 2227 evenisse
1320 2171 1525 2242 videri,
1575 2180 1638 2227 ut
1675 2171 1962 2228 Socratica
2035 2175 2108 2229 is-

406 2246 624 2302 serendi
659 2245 827 2313 ratio,
879 2261 1019 2315 quae
1067 2262 1254 2298 verum
1290 2243 1555 2316 indagare
1594 2245 1929 2316 conabatur,
1982 2265 2108 2301 cum

406 2325 600 2390 arguto
640 2318 747 2371 isto
804 2324 859 2370 et
907 2315 1089 2370 fallaci
1128 2315 1498 2386 sophistarum
1535 2315 1853 2387 disputandi
1887 2317 2108 2371 orandi-

407 2409 514 2460 que
562 2408 792 2461 genere,
844 2387 916 2440 ad
965 2386 1247 2440 doctrinae
1294 2387 1533 2458 speciem
1591 2397 1646 2440 et
1691 2390 2109 2443 ostentationem

406 2468 740 2531 comparato,
774 2458 912 2512 male
948 2456 1387 2512 confunderetur.
1443 2457 1714 2511 Nimirum
1738 2458 1957 2512 videtur
1978 2477 2108 2513 sane

406 2532 464 2584 in
511 2531 616 2584 hac
666 2548 884 2600 quoquc
931 2535 1086 2599 parte
1135 2548 1246 2582 non
1293 2527 1638 2582 mediocriter
1683 2538 1932 2601 grassata
1984 2549 2108 2585 esse

406 2602 748 2656 inimicorum
801 2599 1100 2668 calumnia,
1153 2617 1294 2668 quae
1346 2599 1596 2653 consulto
1646 2609 1895 2672 argutam
1943 2601 2108 2657 istam

407 2672 919 2741 fraudulentamque
970 2669 1277 2724 disserendi
1324 2673 1618 2739 rationem,
1672 2690 1781 2740 qua
1817 2674 2111 2729 utebantur

408 2743 721 2816 Sophistae,
762 2741 979 2797 Socrati
1012 2742 1237 2811 eiusque
1267 2740 1552 2813 discipulis
1576 2743 1854 2810 attribuit3
1892 2744 2112 2800 videtur

408 2816 539 2869 item
575 2834 764 2868 verum
802 2813 1132 2896 depravasse
1171 2812 1283 2866 odii
1315 2813 1584 2867 acerbitas
1622 2830 1826 2885 eorum,
1866 2815 1960 2886 qui
1996 2835 2110 2871 ser-

409 2905 632 2941 monum
669 2884 1072 2940 Socraticorum
1109 2884 1415 2939 libertatem
1493 2892 1682 2955 ropter
1735 2904 1836 2940 sua
1866 2889 2108 2960 ipsorum

410 2958 618 3014 scelera
663 2956 891 3010 moleste
933 2957 1167 3025 ferrent,
1226 2954 1286 3008 id
1332 2904 1490 3027 quod)
1536 2957 1700 3010 etiam
1748 2958 1974 3031 triginta
2022 2966 2108 3032 ty-

411 3030 569 3083 ranni
592 3035 814 3082 auctore
841 3026 1014 3081 Critia
1037 3027 1305 3096 fecerunt,
1341 3027 1433 3098 qui
1457 3035 1597 3082 teste
1635 3029 2106 3102 Xenophonte

411 3098 581 3155 Mem.
633 3100 680 3153 Ι.
720 3101 771 3153 2.
858 3139 870 3152 .
910 3101 995 3153 31.
1044 3098 1261 3170 publice
1308 3098 1740 3170 interdixerunt,
1789 3119 1858 3155 ne
1904 3120 2109 3157 sermo·-

412 3191 544 3225 num
591 3178 765 3225 artem
853 3179 1036 3224 oceret
1083 3171 1290 3240 (λόγων
1339 3176 1534 3240 τέχνην
1570 3170 1647 3240 μὴ
1690 3171 2002 3235 ὸιδάσκειν,
2051 3181 2108 3227 et

415 3244 462 3314 ξ.
502 3244 588 3298 33.
629 3241 728 3297 τόν
766 3262 821 3295 τε
857 3240 1036 3310 νόμον
1074 3238 1389 3307 ἐδεικνύτην
1437 3242 1619 3313 αὐτῷ,
1673 3245 1765 3296 καὶ
1803 3254 1922 3306 τοῖς
1957 3249 2109 3306 νέοις

413 3315 710 3380 ἀπειπέτην
746 3310 822 3380 μὴ
859 3312 1274 3383 διαλὲγὺσθαι),
1313 3312 1515 3383 quippe
1549 3320 1772 3386 propter
1805 3314 2114 3369 facinorum

418 3404 637 3443 suorum
671 3384 992 3441 iniustitiam
1029 3385 1097 3439 ab
1137 3404 1201 3438 eo
1238 3384 1554 3456 reprehensi
1591 3393 1646 3440 et
1678 3385 1929 3458 castigati
1968 3386 2114 3457 (vid-‚⁴
