2158 3718
923 0 980 18 ⁷32·-
996 0 1168 20 -;mJ=J,-·-u..-·br·
1184 0 1270 21 {vg-⁴·
1280 0 1402 20 mjgjvpf
1414 0 1422 10 .-
1436 0 1458 16 ,ιι
1468 0 1524 26 fvi-1)
1549 0 1551 3 -
1567 0 1630 22 εἷς.»
1651 0 1686 11 ,·u.
1697 0 1711 6 ·-
1738 0 1752 10 .-

793 116 1053 159 ΡΗΑΕοο
1084 130 1130 170 p.
1155 117 1224 158 τι.
1801 118 1903 172 139

111 259 313 317 αὐτοῖν
349 254 556 327 μεταξὺ
594 254 698 308 δύο
737 255 902 306 δυοῖν
940 251 1157 318 ὅντοιν;
1196 256 1332 316 Πῶς
1354 251 1462 322 γὰρ
1501 252 1597 319 οὔ;
1645 254 1760 325 Τὴν
1797 257 1901 326 μὲν

115 347 312 397 τοίνυν
349 339 545 410 ἑτέραν
569 339 840 405 συζυγίαν
866 329 948 390 ὦν
973 340 1084 390 νῦν
1122 334 1190 406 δὴ
1231 339 1427 405 ἔλεγον
1466 338 1579 406 ἐγώ
1615 353 1731 407 σοι,
1771 342 1899 410 ἔφη,

114 427 248 495 ε’ρῶ,
287 423 317 478 ὁ
344 422 667 492 Σωκράτης,
707 423 801 474 καὶ
839 419 1017 491 αὐτὴν
1054 421 1148 475 καὶ
1185 419 1282 484 τὰς
1305 421 1576 489 γενέσεις·
1620 421 1693 476 σύ
1720 424 1785 477 δέ
1805 444 1900 493 μοι

108 507 216 578 τὴν
253 507 467 577 ἑτέραν.
541 502 685 574 λέγω
733 505 796 560 δὲ
842 503 904 558 τὸ
951 504 1055 574 μὲν
1092 505 1416 574 καθεύδειν,
1448 504 1518 571 ,τὸ
1559 508 1621 561 δὲ
1662 508 1898 578 ἐγρηγο-

110 595 302 662 ρέναι,
351 592 446 644 καὶ
494 591 558 644 ἐκ
594 594 698 643 τοῦ
745 589 1055 657 καθεύδειν
1091 587 1154 643 τὸ
1195 590 1563 660 ἐγρηγορέναι
1599 594 1899 660 γίγνεσθαι

109 677 205 729 καὶ
251 677 315 730 ἐκ
351 678 454 729 τού
495 675 863 744 ἐγρηγορέναι
909 672 973 728 τὸ
1012 674 1346 743 καθεύδειν,
1385 676 1480 728 καὶ
1515 673 1614 739 τοὶς
1651 677 1899 744 γενέσεις
1929 694 1965 735 D

107 758 309 814 αὐτοῖν
353 757 456 828 τὴν
500 758 604 828 μὲν
653 758 1109 829 καταδαρθάνειν
1148 754 1318 827 εἶναι,
1367 756 1471 828 τὴν
1510 759 1572 813 δὲ
1611 758 1897 830 ἀνεγείρε-

107 849 262 898 σθαι.
341 844 548 906 ἱκανῶς
585 857 693 912 σοι,
734 845 861 913 ἔφη,
900 843 937 912 ἢ
975 841 1075 906 οὔ;
1117 842 1285 896 Πάνυ
1322 843 1427 911 μὲν
1465 837 1589 896 οὖν.
1642 845 1787 912 Λέγε
1826 845 1897 914 δή

106 947 203 997 μοι
257 928 352 981 καὶ
407 929 499 997 σύ,
555 928 684 997 ἔφη,
741 925 890 980 οὕτω
936 928 1065 996 περὶ
1111 930 1249 995 ζωῆς
1297 927 1391 979 καὶ
1436 927 1711 981 θανάτου.
1790 926 1896 982 οὐκ

106 1012 372 1064 ἐναντίον
424 1012 529 1080 μὲν
584 1008 695 1080 φῂς
745 1013 823 1080 τῷ
869 1013 966 1078 ζῆν
1013 1008 1074 1063 τὸ
1124 1010 1396 1063 τεθνάναι
1445 1006 1615 1075 εἶναι,
1656 1010 1892 1079 ”Εγωγε.

108 1096 419 1163 Γίγνεσθαι
455 1095 519 1148 δὲ
559 1095 615 1158 ἐξ
655 1092 943 1163 &misse-om
984 1096 1117 1146 Ναί.
1189 1093 1273 1157 Ἐξ
1312 1086 1420 1147 οὖν
1456 1098 1561 1148 τοῦ
1599 1098 1803 1161 ζῶντος
1833 1098 1898 1148 ’τί

102 1176 167 1232 τὸ
206 1179 570 1248 γιγνόμενον;
618 1176 693 1230 Τὸ
732 1178 1024 1247 τεθνηκός,
1065 1179 1190 1247 ἔφη.
1275 1180 1346 1230 Τί
1380 1179 1500 1246 δαί,
1538 1171 1576 1248 ἦ
1615 1177 1668 1231 δ’
1709 1177 1787 1247 ὅς,
1830 1179 1895 1234 ἐκ

104 1265 208 1316 τοῦ
245 1266 580 1326 τεθνεῶτοςς
627 1260 976 1331 Ἀναγκαῖον,
1016 1264 1143 1331 ἔφη,
1184 1259 1499 1331 ὁμολογεῖν,
1541 1261 1627 1316 ὅτι
1663 1261 1726 1316 τὸ
1765 1266 1891 1328 ζῶν.

97 1343 189 1400 Ἐκ
234 1349 350 1400 τῶν
384 1345 725 1409 ,τεθνεώτων
772 1344 910 1416 ἄρα,
950 1339 997 1400 ὦ
1033 1347 1255 1416 Κέβης,ξ
1291 1343 1359 1399 τὰ
1395 1347 1575 1411 ζῶντά
1610 1368 1671 1402 τε
1708 1350 1802 1401 καὶ
1840 1348 1900 1402 οῖ

103 1434 305 1496 ζῶντες
351 1433 666 1499 γίγνονται;
710 1432 1005 1499 Φαίνεται,
1044 1432 1171 1499 ἔφη.
1248 1431 1415 1483 Εἰσὶν
1461 1430 1599 1501 ἄρα,
1648 1434 1785 1502 ἔφη,
1834 1432 1949 1485 αίΕ

103 1515 279 1583 ψυχαὶ
315 1513 474 1585 ἡμῶν
513 1517 577 1568 ἐν
601 1514 814 1568 Ἅιδου.
874 1513 1117 1568 ”Εοικεν.
1174 1511 1406 1568 Οὐκοῦν
1443 1515 1536 1568 καὶ
1573 1525 1694 1569 τοῖν
1731 1536 1894 1584 γενε-

102 1599 259 1652 σέοιν
295 1608 418 1652 τοῖν
455 1600 582 1667 περὶ
618 1601 795 1652 ταῦτα
831 1597 869 1668 ἥ
902 1597 960 1666 γ’
1000 1598 1158 1667 ἑτέρα
1196 1597 1379 1668 σαφὴς
1413 1592 1559 1653 οὖσα
1595 1600 1889 1669 τυγχάνεις

101 1680 166 1735 τὸ
203 1682 310 1752 γὰρ
348 1680 734 1754 ἀποθνήσκειν
772 1682 948 1751 σαφὲς
985 1682 1187 1752 δήπου,
1226 1683 1262 1752 ἢ
1300 1682 1397 1748 οὕς
1438 1684 1606 1736 Πάνυ
1631 1684 1736 1753 μὲν
1762 1678 1889 1754 οὖν,

100 1768 229 1836 ἔφη.
271 1771 405 1831 Πῶς
442 1762 568 1837 οὖν,
607 1761 644 1837 ἧ
682 1765 735 1819 δ’
775 1765 853 1837 ὅς,
892 1768 1225 1837 ποιήσομεν;
1266 1764 1372 1820 οὐκ
1411 1764 1888 1838 άνταποδσόσομεν

217 1923 263 1968 C.
295 1917 498 1967 αὐτοῖν
537 1919 793 1995 μεταξύ]
817 1926 870 1965 V.
903 1916 1077 1976 αὐτῶν,
1110 1924 1223 1973 quod
1253 1936 1275 1963 e
1304 1924 1424 1966 Bodl.
1447 1926 1543 1967 Vat.
1577 1925 1681 1968 Tub
1706 1925 1888 1967 Ven.1·1

101 1980 197 2021 aliis
225 1988 447 2023 mutatum.
489 1982 630 2022 Verba
657 1979 742 2022 καὶ
771 1975 823 2022 ἐκ
854 1981 941 2022 τοῦ
970 1976 1239 2022 καθεύδειν
1267 1980 1388 2021 Bodl.
1420 1980 1547 2021 habet
1576 1982 1617 2020 in
1650 1993 1782 2034 maig.
1803 1982 1886 2022 ad·

100 2037 281 2090 scripta,
312 2038 493 2092 Tubing.
520 2038 687 2078 omittit.
728 2038 878 2077 Tenuit
898 2043 1037 2077 tamen
1062 2037 1190 2078 etiam
1211 2036 1351 2077 Herm.
1375 2049 1452 2076 nee
1474 2037 1702 2089 quisquam
1723 2050 1771 2077 ea
1792 2039 1886 2078 ime

100 2105 178 2147 spi
181 2094 327 2145 event
349 2100 396 2135 ut
415 2094 496 2134 hoo
517 2106 687 2146 quoqne
708 2093 902 2146 exemplo
923 2099 1068 2146 pateat
1088 2093 1320 2134 Bodleiano
1342 2093 1450 2134 libio
1472 2106 1535 2147 pr.
1558 2106 1614 2137 m.
1640 2101 1679 2133 et
1702 2094 1884 2147 Tubing.

102 2161 186 2190 non
209 2150 350 2190 omnia
371 2162 465 2191 esse
487 2151 726 2191 tribuenda.

214 2205 263 2248 D.
300 2200 508 2254 ἱκανῶς
550 2217 662 2258 σοι,
706 2200 837 2271 ἔφη,
868 2196 912 2270 ἢ
929 2195 1039 2256 ους]
1079 2206 1131 2247 V.
1165 2199 1314 2258 ἔφην,
1343 2206 1459 2255 quod
1489 2218 1511 2244 e
1539 2205 1732 2258 pluiimis
1762 2205 1883 2246 libris

101 2262 386 2304 emendatum.
418 2262 518 2302 Mox
539 2262 688 2326 vulgo:
711 2258 833 2315 Λέγε
855 2254 916 2313 δὴ
940 2258 1023 2301 καὶ
1045 2253 1102 2301 σύ
1123 2273 1219 2313 μοι.
1261 2261 1393 2300 AQlitei
1414 2261 1534 2301 Bodl.
1557 2262 1664 2304 Tub.
1689 2263 1798 2302 Ven.
1822 2262 1883 2306 Π.

219 2316 291 2359 Τί
307 2316 428 2371 δαί,
451 2307 482 2371 ἦ
504 2311 555 2358 δ’
577 2310 659 2370 ὅς,
684 2310 742 2359 ἐκ
765 2315 866 2359 τοῦ
890 2313 952 2371 τ.]
977 2318 1029 2358 V.
1054 2313 1122 2357 δέ
1165 2317 1421 2357 Mutavimus
1445 2330 1541 2357 eum
1565 2317 1694 2359 Coisl.
1715 2318 1822 2362 Veii.
1842 2319 1884 2360 Λ

99 2374 195 2417 Par.
221 2373 339 2414 CHL
360 2375 470 2415 F101.
493 2387 518 2415 a
539 2375 565 2415 b
587 2385 609 2414 ο
629 2375 643 2413 i
664 2386 718 2415 m.
762 2374 996 2425 Antiquum
1018 2382 1190 2412 servant
1210 2373 1374 2414 Turiee.
1399 2373 1568 2425 aliique

212 2444 265 2485 E.
295 2445 421 2486 τοῖν
451 2441 753 2499 γενεσέοιν
782 2441 928 2494 τοῖν]
961 2442 1031 2483 Sic
1059 2442 1181 2486 Bodl,
1203 2455 1266 2494 pr.
1289 2442 1399 2484 Tub.
1422 2443 1547 2487 Coisl.
1569 2442 1674 2491 ΞΠ
1690 2443 1817 2485 Vind.
1841 2442 1880 2485 Φ

100 2500 248 2544 Ambr.
267 2500 378 2541 Flor.
402 2501 427 2542 d
449 2501 543 2542 Par.
567 2499 616 2541 G.
656 2500 798 2553 Vulgo
820 2499 886 2540 bis
909 2500 1019 2540 ταῖν
1040 2499 1316 2540 scribebatur.
1339 2512 1379 2538 v.
1402 2510 1501 2540 ann.

97 2640 317 2681 interiecto
347 2633 435 2682 δύο
465 2652 490 2679 a
519 2651 623 2680 casu
650 2651 726 2680 suo
749 2640 941 2680 seiunoto

99 2709 141 2739 v,
167 2696 418 2737 Matthiae
439 2694 508 2739 Gr.
534 2697 574 2747 §-
599 2696 696 2737 595.
720 2697 760 2738 3.

157 2749 468 2818 συζυγίαν]
511 2753 538 2795 i.
564 2764 599 2794 e.
640 2763 732 2805 par
771 2764 942 2791 rerum

98 2810 507 2852 contrariarum.

97 2912 123 2961 ἐ
160 2856 225 2904 σὺ
244 2861 306 2904 δέ
328 2877 422 2916 μοι
444 2858 547 2917 τὴν
569 2857 793 2918 ἑτέραν]
811 2862 941 2905 intell.

126 2922 239 2973 ρεῖς.
299 2937 304 2940 ·

159 2975 209 3017 D.
243 2972 342 3016 καὶ
364 2989 462 3023 τας
484 2972 748 3029 γενέσεις
770 2997 822 3004 -
845 2967 945 3017 άν-

99 3044 160 3086 εγ
174 3044 194 3072 ε
206 3030 257 3084 ίρ
271 3043 291 3072 ε
303 3042 328 3071 σ
341 3031 379 3072 θ
391 3030 464 3082 αι]
488 3031 549 3071 De
570 3030 647 3070 hac
667 3032 947 3072 constructio-

102 3100 155 3127 ne
176 3088 284 3128 dixit
305 3087 482 3130 Matth.
505 3088 546 3137 §-
569 3087 652 3128 289
681 3096 823 3130 annot.
848 3089 888 3129 8.

159 3139 371 3192 ἷκανῶς
394 3154 507 3212 σοι,
531 3132 706 3196 ἔφη,
683 3157 712 3196 η
735 3156 812 3210 ου,
811 3141 942 3210 ·-JMe

100 3212 200 3242 non.
225 3213 268 3253 p
293 3202 345 3240 75
367 3200 399 3240 B
429 3194 604 3247 ἱκανῶς
626 3210 715 3252 σοι,
738 3213 767 3252 η
790 3174 944 3247 ἄλλως

98 3268 198 3304 πως
239 3255 420 3326 ζητεῖςς
463 3256 588 3308 Gorg.
611 3268 654 3308 p.
677 3255 760 3295 448
781 3256 818 3295 A
859 3248 944 3297 ἒαν

100 3311 473 3410 σοέγῧζῖζῖςν
498 3365 598 3409 καὶ
625 3368 753 3408 τοῖν
780 3379 943 3420 γενε-

99 3434 128 3463 σ
140 3419 161 3464 έ
172 3436 196 3464 ο
207 3438 222 3464 ι
234 3422 277 3478 ν]
302 3424 364 3465 De
378 3425 552 3465 articulo
568 3423 791 3464 masculini
811 3436 942 3477 gene-

1028 2639 1088 2678 ris
1116 2638 1360 2678 nominibus
1389 2637 1605 2679 femininis
1634 2638 1678 2679 in
1701 2651 1875 2680 numero

1030 2694 1143 2734 duali
1171 2694 1271 2734 addi
1300 2694 1423 2734 solito
1459 2694 1585 2735 hodie
1613 2707 1680 2735 res
1717 2695 1877 2735 tralati-

1031 2750 1113 2797 cia,
1141 2763 1183 2792 v.
1206 2749 1416 2803 Gregor.
1450 2751 1683 2795 Corinth,
1708 2764 1751 2804 p.
1778 2753 1875 2794 304.

1030 2805 1318 2849 Markland.
1351 2807 1405 2847 ad
1434 2807 1532 2851 Eur.
1566 2806 1757 2861 Supplio.
1785 2808 1879 2850 140.

1030 2863 1245 2903 Ernesti
1282 2863 1337 2903 ad
1365 2862 1476 2906 Xen.
1508 2864 1632 2904 Mem.
1663 2865 1712 2903 II.
1745 2866 1785 2912 3,
1810 2864 1877 2905 18.

1030 2918 1207 2959 Matth.
1248 2919 1289 2968 §.
1332 2920 1429 2960 281.
1499 2920 1578 2959 Pro
1621 2915 1875 2973 γενεσέοιν,

1034 2975 1148 3025 quod
1179 2975 1272 3014 libri
1298 2981 1470 3016 tuentur
1492 2988 1652 3024 omnes,
1678 2988 1731 3015 ex
1751 2987 1875 3027 prae-

1033 3037 1155 3084 cepto
1196 3033 1567 3084 grammaticorum
1608 3031 1875 3071 scribendum

1033 3086 1111 3127 fuit
1132 3085 1364 3142 γενέσεῳν
1393 3096 1566 3128 accentu
1594 3088 1636 3126 in
1668 3087 1871 3139 syllabam

1031 3144 1436 3197 antepaenultimam
1456 3145 1624 3185 reiecto.
1664 3143 1721 3183 Et
1744 3143 1876 3183 videri

1032 3211 1135 3239 sane
1152 3201 1319 3265 petest'
1310 3214 1353 3240 1n
1371 3201 1625 3252 quibusdam
1641 3199 1756 3240 libris
1775 3198 1874 3239 olim

1030 3256 1090 3295 ita
1123 3257 1325 3309 seriptum
1358 3257 1509 3308 fuisse,
1542 3268 1636 3296 eum
1665 3256 1799 3298 Paris
1835 3263 1871 3293 et

1030 3311 1164 3354 Vatie
1179 3324 1203 3351 a
1223 3313 1351 3354 nostri
1375 3312 1601 3353 exhibeant
1616 3308 1870 3365 γενέσεσιν.

1031 3366 1116 3407 Sed
1138 3368 1222 3410 vid.
1247 3369 1555 3409 Buttmanni
1585 3366 1654 3410 Gr.
1678 3368 1872 3419 amplior.

1028 3423 1076 3464 T.
1099 3425 1129 3463 I.
1150 3437 1192 3476 p.
1212 3426 1305 3466 190.
