2158 3718
178 122 249 176 54
777 91 1273 167 PROLEGOMENA

183 268 335 319 rebus
370 268 542 318 inferis
582 266 737 317 multi.
791 266 1033 324 Quocirca
1067 265 1204 315 Plato
1240 267 1369 332 quod
1407 265 1686 331 diligentius
1713 266 1773 317 de
1801 268 1886 316 viis
1913 268 1961 316 in

187 340 368 390 Orcum
396 338 690 389 ducentibus
717 338 954 400 disputat,
992 336 1298 401 reprehenso
1335 339 1478 387 etiam
1514 337 1780 402 Aeschylo,
1820 338 1868 387 id
1896 339 1961 387 vi-

185 411 328 461 detur
364 410 473 460 ideo
511 409 711 465 fecisse,
750 414 802 456 ut
838 423 944 458 sese
979 409 1031 457 in
1058 422 1203 458 causa
1230 407 1351 458 adeo
1379 424 1518 458 sacra
1546 409 1605 458 ad
1633 408 1964 472 Orphicorum

185 480 493 546 disciplinam
533 488 579 530 et
613 481 856 529 rationem
894 480 1230 543 composuisse
1266 479 1531 529 videretur.
1585 479 1669 528 His
1695 494 1812 528 vero
1840 494 1964 544 quae

185 553 403 603 adiunxit
429 552 489 601 de
517 549 663 600 variis
690 550 970 599 animorum
997 549 1112 598 illuc
1139 549 1494 600 discedentium
1532 549 1784 600 affectibus
1821 556 1966 615 atque

183 622 400 674 motibus
445 638 501 672 ea
543 624 650 686 ipse
695 620 945 670 doctrinae
996 636 1113 670 suae
1163 622 1507 670 convenienter
1557 621 1755 671 finxisse
1806 622 1965 671 existi-

184 694 393 744 mandus
429 700 527 748 est,
573 707 869 757 quamquam
914 692 1020 740 fieri
1067 697 1254 755 potest,
1301 697 1354 741 ut
1401 692 1544 741 etiam
1587 692 1680 741 hac
1726 694 1775 741 in
1824 698 1964 757 parte

184 763 376 828 singula
412 763 648 828 quaedam
687 763 957 828 superioris
994 764 1164 812 aetatis
1202 762 1386 812 vatibus
1413 770 1558 827 atque
1585 763 1740 826 poetis
1767 769 1966 828 accepta

183 836 382 885 referat.

325 905 428 954 lam
463 920 579 954 vero
618 904 858 955 descensu
894 906 1170 954 animorum
1204 906 1253 953 in
1289 904 1392 954 loca
1421 904 1694 954 inferorum
1721 905 1967 970 descripto

183 975 509 1042 philosophus
545 977 691 1025 etiam
736 976 1230 1041 descriptionem
1279 982 1485 1025 terrae
1523 975 1718 1025 exhibet
1762 991 1968 1042 eamque

183 1049 379 1098 futurae
407 1049 685 1096 animorum
722 1047 974 1104 fortunae,
1015 1046 1169 1111 qualis
1205 1046 1266 1096 ab
1302 1048 1407 1111 ipso
1444 1047 1702 1096 informata
1740 1052 1835 1103 est,
1872 1046 1968 1097 sol-

184 1118 336 1170 lerter
371 1118 807 1168 accommodatam.
860 1118 1219 1167 Discernuntur
1248 1119 1376 1166 enim
1405 1124 1506 1168 tres
1535 1123 1696 1167 terrae
1722 1120 1966 1182 regioneS,

188 1206 248 1240 ex
274 1188 454 1256 quibus
491 1205 583 1239 nos
621 1189 833 1238 mediam
870 1188 1167 1246 incolamus,
1208 1189 1515 1253 superiorem
1544 1188 1733 1238 aetheri
1758 1191 1967 1238 vicinam

187 1266 234 1311 et
260 1261 384 1310 mire
410 1259 634 1325 pulcram
662 1260 727 1323 pii
754 1259 1015 1324 aliquando
1043 1259 1362 1313 inhabitaturi
1388 1260 1498 1317 sint,
1527 1260 1731 1309 inferior
1758 1260 1970 1324 denique

188 1347 343 1397 eaque
377 1332 529 1380 tristis
566 1338 614 1380 et
650 1330 851 1380 horrida
886 1332 1153 1395 impiorum
1190 1330 1416 1380 manibus
1442 1332 1502 1379 sit
1529 1331 1783 1380 destinata.
1836 1328 1970 1387 Quae

187 1402 388 1468 quidem
413 1403 642 1466 regiones
669 1403 837 1466 utique
866 1408 964 1450 tam
992 1401 1181 1465 prolixe
1210 1408 1254 1451 et
1294 1403 1490 1466 copiose
1518 1401 1879 1460 describuntur,
1917 1410 1972 1453 ut

185 1472 535 1539 philosophum
571 1471 712 1522 facile
748 1479 891 1537 putes
927 1474 1145 1537 primarii
1182 1471 1369 1522 consilii
1407 1474 1482 1522 sui
1518 1475 1858 1523 immemorem
1895 1475 1968 1523 in-

187 1545 474 1609 tempestive
511 1544 592 1592 hic
628 1543 887 1593 indulsisse
923 1544 1107 1607 ingenii
1142 1543 1345 1593 lusibus,
1397 1545 1458 1593 At
1493 1545 1620 1594 enim
1650 1559 1766 1594 vero
1795 1559 1969 1596 caven-

186 1616 303 1665 dum
331 1619 405 1664 est
430 1630 757 1679 magnopere,
798 1630 860 1665 ne
898 1630 1009 1665 eum
1046 1620 1234 1664 temere
1261 1630 1548 1665 accusemus
1574 1617 1795 1665 inertiae.
1847 1615 1971 1666 Nam

185 1688 404 1752 primum
442 1685 640 1751 quidem
674 1685 754 1735 ille
790 1687 895 1735 sine
931 1685 1077 1735 dubio
1113 1686 1207 1735 hoc
1244 1688 1481 1750 spectavit
1508 1686 1839 1751 descriptione
1866 1702 1968 1745 sua,

185 1763 236 1807 ut
283 1772 431 1822 quam
474 1755 801 1806 illustrissima
848 1756 1165 1806 exhiberetur
1209 1772 1480 1821 poenarum
1529 1764 1575 1807 et
1619 1759 1970 1822 praemiorum,

187 1843 314 1894 quae
349 1833 573 1877 mortuos
608 1834 891 1886 manerent,
928 1830 1089 1891 imago
1128 1844 1285 1893 eoque
1320 1828 1468 1877 modo
1507 1830 1735 1892 cogitatio
1782 1829 1972 1880 divinae

188 1899 403 1949 iustitiae
454 1899 598 1948 etiam
651 1899 817 1948 futuro
871 1906 1094 1963 tempore
1143 1904 1440 1963 regnaturae
1482 1899 1752 1964 legentium
1796 1901 1972 1951 animis

187 1984 335 2034 quam
371 1969 652 2019 firmissime
689 1970 991 2033 infigeretur.
1043 1971 1114 2019 Ad
1150 1970 1280 2035 quod
1317 1976 1450 2020 certe
1495 1970 1614 2019 nihil
1659 1971 1816 2035 potuit
1853 1972 1971 2037 fingi

187 2046 270 2090 aut
305 2042 511 2104 cogitari
548 2041 816 2099 efficaciuS‚
856 2056 1002 2105 quam
1030 2042 1285 2090 universae
1320 2050 1483 2091 terrae
1518 2043 1678 2106 imago
1707 2048 1754 2092 et
1779 2043 1971 2108 pictura

186 2112 418 2176 praemiis
466 2118 514 2161 et
564 2113 734 2175 poenis
785 2118 1096 2162 mortuorum
1143 2127 1347 2176 prorsus
1398 2114 1709 2163 conveniens.
1786 2113 1971 2165 Deinde

188 2184 333 2232 etiam
370 2197 566 2232 omnem
605 2182 881 2232 doctrinam
920 2183 978 2233 de
1016 2183 1177 2233 futura
1225 2184 1479 2233 hominum
1515 2185 1607 2233 vita
1645 2185 1804 2249 deque
1839 2190 1972 2235 sorte

187 2258 297 2318 post
331 2258 542 2304 mortem
583 2255 909 2319 exspectanda
946 2254 1332 2321 probabiliorem
1370 2254 1590 2304 habitum
1627 2257 1688 2304 iri
1724 2255 1969 2315 iudicavit,

188 2326 227 2374 si
262 2324 338 2375 vel
381 2330 608 2374 naturam
654 2326 910 2375 universae
955 2332 1117 2375 terrae
1161 2327 1253 2390 ipsi
1290 2326 1551 2375 convenire
1586 2325 1969 2391 intellegeretur.

187 2395 615 2454 Quemadmodum
651 2397 801 2459 igitur
837 2398 884 2445 in
913 2396 1154 2454 PhaedrO,
1193 2412 1290 2460 quo
1320 2396 1427 2446 loco
1456 2396 1665 2446 divinam
1694 2399 1970 2448 animorum

190 2468 333 2516 vitam
362 2467 644 2531 descripsit,
676 2468 819 2516 etiam
849 2469 996 2517 totius
1025 2468 1127 2517 fere
1154 2484 1320 2517 rerum
1350 2469 1673 2518 universitatis
1709 2470 1970 2534 imaginem

189 2537 431 2595 exhibuit,
485 2538 615 2586 unde
670 2537 741 2587 vel
792 2538 1170 2602 adspectabilem
1222 2554 1388 2588 rerum
1441 2546 1667 2588 naturam
1719 2541 1971 2590 divinioris

189 2609 311 2656 vitae
339 2609 559 2673 opinioni
585 2610 890 2672 respondere
918 2615 1194 2673 appareret,
1225 2612 1289 2658 ita
1318 2611 1461 2658 etiam
1490 2611 1537 2658 in
1567 2610 1830 2660 Phaedone
1859 2627 1969 2662 cum

189 2677 340 2726 futuri
378 2679 655 2728 animorum
693 2685 847 2729 status
875 2679 1203 2743 descriptione
1233 2681 1489 2729 universae
1516 2686 1678 2730 terrae
1707 2683 1969 2747 imaginem

190 2755 238 2797 et
274 2750 411 2813 quasi
446 2749 688 2813 picturam
726 2765 832 2798 eam
863 2752 1140 2814 proposuit,
1171 2766 1294 2815 quae
1321 2751 1380 2799 ad
1408 2750 1534 2800 illius
1562 2754 1780 2802 rationes
1808 2753 1968 2803 decla-

187 2819 367 2869 randas
394 2820 643 2882 aptissima
673 2835 778 2870 esse
810 2821 1070 2871 videretur.
1122 2822 1177 2871 In
1205 2837 1300 2887 quo
1329 2823 1435 2886 ipso
1464 2829 1651 2880 tamen,
1691 2824 1783 2873 nisi
1810 2823 1967 2882 fallor,

189 2891 334 2940 etiam
370 2889 489 2939 illud
527 2893 782 2955 spectavit,
821 2898 895 2948 ut,
934 2891 1046 2942 licet
1072 2908 1169 2942 non
1198 2908 1351 2957 pauca
1379 2893 1617 2943 arbitratu
1643 2910 1732 2944 suo
1758 2896 1969 2958 finxerit,

189 2968 352 3012 tamen
379 2960 487 3015 data
517 2964 884 3025 opportunitate
912 2963 1054 3012 simul
1084 2963 1366 3022 ostenderit,
1391 2981 1628 3029 ‹piaenam
1652 2965 1969 3031 physicorum

189 3033 501 3097 superiorum
531 3033 590 3081 de
618 3040 752 3082 terra
781 3040 926 3098 atque
955 3036 1182 3083 universo
1210 3035 1394 3084 mundo
1423 3037 1678 3100 opiniones
1708 3037 1798 3097 sibi
1824 3053 1967 3102 prae-

186 3110 265 3153 ter
293 3109 482 3152 ceteras
507 3105 718 3153 maxime
744 3105 1088 3168 probarentur.
1141 3106 1361 3171 Denique
1399 3108 1543 3156 etiam
1582 3107 1672 3157 hac
1699 3109 1748 3156 in
1777 3125 1831 3158 re
1859 3110 1966 3158 imi·

191 3179 315 3224 tatus
343 3189 450 3223 esse
477 3174 665 3225 videtur
692 3174 932 3240 Orphicos
960 3179 1258 3242 omninoque
1285 3179 1471 3241 priscos
1498 3180 1757 3243 sapienteS‚
1788 3181 1885 3244 qui,
1914 3186 1967 3228 ut

188 3244 447 3309 religiosae
483 3247 747 3309 sapientiae
784 3256 1133 3297 succurrerent
1167 3250 1373 3313 piosque
1401 3264 1574 3299 sensus
1601 3251 1649 3298 in
1677 3251 1852 3298 animis
1878 3250 1967 3298 ho-

189 3317 376 3364 minum
406 3318 699 3374 excitarent,
737 3318 1027 3381 imaginibus
1056 3327 1103 3367 et
1138 3321 1343 3382 picturis
1370 3319 1546 3369 talibus
1572 3321 1646 3370 usi
1673 3327 1808 3376 sunt,
1849 3336 1964 3385 qua·

188 3401 300 3434 rum
336 3393 538 3450 augusta
576 3389 739 3451 specie
776 3395 963 3438 mentes
1015 3390 1204 3439 facilius
1241 3398 1535 3455 caperentur
1586 3397 1857 3455 captaeque
1893 3397 1966 3440 te-

193 3461 443 3508 nerentur.
496 3458 615 3507 Nam
655 3459 906 3524 Orpheum
943 3461 1137 3525 quidem
1177 3460 1453 3525 diligentius
1497 3461 1557 3510 de
1602 3461 1751 3511 rebus
1795 3462 1966 3512 inseris

2156 568 2158 575 .
2144 278 2158 543 ’.ζ’-Δῖ-..ΑΔ-Ωῌ-ζρ,
2143 255 2150 269 “’

2147 715 2158 884 .“-“υ..Δ,.
2154 664 2158 678 ,
2156 640 2158 642 ,
