2158 3718
337 133 440 182 142
971 129 1389 182 PLATONlS

253 283 257 287 ’
337 282 398 331 ἐν
442 278 499 332 ὑὲ
545 277 621 348 τῷ
665 278 813 348 καλῷ
856 273 915 351 [ἡ
960 271 1068 348 γὰρ
1113 272 1318 346 ἀνδρὸς
1343 281 1437 331 καὶ
1462 274 1723 347 γυναικὸς
1752 283 2016 334 συνουσία

338 357 505 425 τόκος
549 357 939 438 ἐστίν.]9.’έστιΔ
971 361 1029 414 δὲ
1073 361 1452 416 τοῦτοθέἳον
1494 359 1559 417 τὸ
1604 355 1865 435 πρᾶγμα,
1924 367 2017 418 καὶ

336 447 505 501 τοῦτο
547 451 606 500 ἐν
647 446 848 513 θνητῷ
891 438 1014 498 ὄντι
1069 444 1145 512 τῷ
1191 439 1661 514 ζώῳψάθοὲνατον
1704 449 1937 512 ἔνεστιν,
1981 445 2016 515 ἡ

335 527 522 596 κύησις
565 531 659 584 καὶ
703 526 738 595 ἡ
782 533 1046 597 γέννησις.
1106 529 1284 582 ταῦτα
1330 526 1378 583 δ’
1430 535 1488 584 ὲν
1544 532 1622 600 τῷ
1679 529 2018 603 ἀναρμόστῳ

337 611 622 668 ἀδύνατον
665 608 980 682 γενέσθαι.ξ
1007 608 1367 683 ἀνάρμοστον
1409 611 1462 669 δ’
1525 616 1637 670 ἐστὶ
1680 611 1745 670 τὸ
1790 611 2019 688 αἰσχρὸν

339 700 508 752 παντὶ
550 698 628 765 τῷ
668 698 829 766 θείῳ,
872 692 936 751 τὸ
982 697 1038 750 δὲ
1081 693 1252 751 καλὸν
1285 693 1587 769 ἁρμόττον.
1672 702 1869 772 Μοῖρα
1917 691 2019 756 οὖν

340 784 432 836 καὶ
475 782 773 836 Ιιιλείθυια
815 776 850 848 ἡ
893 777 1134 848 καλλονή
1178 786 1291 836 ἐστι
1334 783 1400 859 τῆ
1443 788 1661 852 γενέσει.
1703 781 1795 838 διὰ
1836 787 2018 840 ταῦτα

339 862 482 947 ὅταν
525 867 627 937 μὲν
670 866 819 933 καλῷ
859 862 1206 942 προςπελάζῃ
1252 861 1314 920 τὸ
1358 870 1562 933 κυοῦν,
1622 866 1781 922 ι’λεών
1834 889 1891 924 τε
1933 873 2026 939 γί-

338 970 529 1020 γνεται
569 950 662 1004 καὶ
706 945 1148 1023 εὐφραινόμενον
1189 952 1457 1020 διαχεῖται
1498 954 1592 1007 καὶ
1633 954 1801 1006 τίκτει
1836 971 1893 1007 τε
1936 954 2028 1008 καὶ

340 1036 534 1105 γεννᾷ·
579 1029 721 1088 ὅταν
762 1035 819 1088 δε
862 1035 1091 1106 αἰσχρῷ,
1136 1033 1481 1106 σκυθρωπόν
1524 1057 1582 1092 τε
1624 1057 1719 1094 και
1754 1033 2029 1108 λυπούμε-

463 1225 486 1279 ἧ
532 1226 634 1281 γὰρ
673 1225 877 1283 ἅνὸρός
915 1247 974 1258 -—
1012 1225 1181 1275 τόκος
1227 1226 1404 1278 ἐστίν]
1466 1226 1591 1269 Haec
1630 1227 1762 1270 verba
1800 1227 1948 1270 Astius
1986 1232 2033 1270 et

345 1284 592 1328 Rfickertus
620 1284 803 1327 delenda
834 1289 1103 1326 censuerunt.
1134 1298 1175 1326 v.
1209 1297 1304 1327 ann

458 1354 763 1399 ἀθάνατον
795 1355 1043 1411 ἔνεστιν]
1075 1356 1151 1398 Sic
1182 1355 1311 1398 Bodl.
1326 1357 1424 1399 vat.
1434 1356 1489 1398 A.
1514 1356 1640 1399 Vind.
1649 1355 1677 1400 2
1711 1358 1821 1411 Aug.
1834 1370 1886 1400 w.
1919 1359 2031 1400 Ante

345 1415 593 1456 Bekkerum
626 1413 892 1456 scribebatur
925 1414 1052 1454 ἐστιν.
1118 1415 1252 1458 lidem
1285 1415 1378 1457 libri
1410 1413 1564 1455 deinde
1592 1411 1647 1454 τὰ
1679 1412 1722 1455 δ’
1759 1416 1802 1454 ἐν
1823 1419 1883 1471 τῷ
1900 1413 2032 1470 ‹inap-

343 1471 492 1526 μόστῳ
538 1464 618 1526 pro
662 1473 775 1525 vulg.
817 1487 961 1512 ταυτα
993 1469 1035 1512 δ’
1070 1472 1112 1511 ἐν
1142 1489 1183 1514 τ.
1212 1470 1277 1514 ἄν.
1268 1503 1303 1522 .,
1344 1471 1458 1525 quod
1502 1472 1665 1526 placuit
1706 1457 2029 1514 Turicensibus.

343 1530 646 1640 ἶὲιῐιιιρνίῐίοεθ
675 1528 805 1571 παντὶ
835 1533 896 1585 τῷ
925 1533 1020 1584 θεῷ
1052 1528 1179 1571 Bodl.
1215 1529 1347 1571 Coisl.
1377 1529 1497 1571 Vind.
1519 1528 1560 1573 2.
1591 1529 1691 1571 Par.
1714 1529 1819 1575 DK.
1850 1532 1959 1585 Aug.
1977 1543 2030 1573 w.

457 1658 511 1700 D.
571 1655 661 1698 καὶ
692 1657 1018 1709 Εἰλείθυια]
1052 1657 1124 1699 Sic
1146 1658 1278 1700 Coisl.
1299 1657 1405 1699 Ven.
1419 1657 1466 1700 Ξ.
1488 1657 1612 1702 Vind.
1632 1657 1668 1701 1.
1684 1656 1730 1702 2.
1740 1657 1841 1702 Par.
1852 1657 1904 1699 F.
1924 1662 2034 1712 Ang.

346 1729 389 1759 u.
418 1715 515 1758 Vat.
538 1713 579 1757 d.
595 1728 635 1755 ιι.
651 1727 686 1756 ι·.
713 1714 831 1757 Flor.
858 1728 896 1756 a.
909 1715 989 1756 b.i.
1052 1715 1192 1769 Vulgo
1235 1719 1328 1756 erat
1356 1713 1591 1767 Εἰλήθυια.
1652 1716 1700 1757 ln
1733 1715 1827 1758 vat.
1844 1714 1896 1759 A
1929 1716 2035 1758 scri-

345 1779 463 1830 ptum
496 1777 660 1814 exstat.
694 1769 843 1824 ηληθι
836 1788 908 1816 ια
943 1785 983 1815 v.
1013 1771 1236 1815 Seliaefer.
1269 1772 1323 1815 ad
1354 1773 1542 1827 Gregor.
1560 1770 1750 1815 Corinth
1775 1787 1814 1828 p.
1836 1773 1914 1819 911
1940 1786 2033 1828 sqq.

460 1841 622 1884 ἴλεών
652 1858 710 1884 τε
741 1843 1006 1898 γίγνεται]
1038 1843 1089 1896 δὴ
1124 1846 1253 1896 vulgo
1285 1849 1385 1899 post
1415 1859 1460 1885 τε
1482 1845 1782 1898 interpositum
1797 1858 1880 1887 om.
1906 1844 2034 1889 Bodl.

349 1903 442 1945 Vat.
458 1902 511 1944 A.
529 1901 664 1943 Coisl.
694 1901 798 1943 Ven.
810 1903 856 1945 Ξ.
878 1901 999 1945 vind.
1015 1901 1058 1946 2.
1078 1903 1181 1946 Par.
1197 1878 1349 1945 DFK.
1371 1903 1521 1944 Ambr.
1555 1905 1669 1956 Ang.
1693 1915 1734 1944 u.
1744 1916 1791 1944 w.
1823 1903 1925 1945 Vat.
1944 1902 1985 1948 d.
1994 1914 2036 1944 n.

346 1973 385 2015 ρ.
394 1973 427 2004 ι·.
447 1959 563 2001 Flor.
574 1972 611 2000 a.
627 1959 668 2000 b.
685 1972 721 2001 c.
737 1959 762 2000 i.
778 1972 817 2000 n.

461 2046 525 2072 συ
539 2029 840 2082 σπειρᾶται
872 2030 958 2071 καὶ
987 2029 1179 2082 ἄποτρ.
1194 2031 1212 2086 ]
1244 2033 1543 2086 συισπείρεται
1572 2029 1699 2072 Bodl.
1724 2029 1822 2073 vat.
1834 2026 1886 2071 A.
1927 2029 2035 2072 Dein

346 2087 588 2130 ἀνείλλεται
623 2088 746 2131 Bodl.
771 2088 868 2130 vat.
879 2085 931 2131 A.
948 2086 1071 2131 vind.
1088 2089 1125 2132 1.
1140 2089 1180 2133 2.
1197 2090 1238 2133 7.
1257 2089 1372 2131 Flor.
1386 2102 1429 2130 a.
1442 2101 1483 2129 n.
1505 2088 1604 2130 Par.
1620 2087 1671 2129 D.
1692 2090 1800 2140 Ang.
1810 2100 1844 2128 w
1883 2087 1982 2130 vat.
1993 2087 2038 2132 d.

345 2160 387 2201 p.
427 2146 542 2189 Vett
579 2144 699 2187 editt.
745 2143 991 2190 ἀνειλεῖται.
1028 2147 1140 2190 conf.
1184 2153 1328 2190 tamen
1369 2144 2038 2200 BekkeriAnecdot.I.p.19.

1239 2287 1509 2328 συνουσία
1582 2291 1688 2328 est
1748 2285 2036 2328 divinum

403 2286 544 2341 C.21‘
575 2286 674 2344 γὰρ
706 2285 916 2344 ἀνδρὸς
952 2287 1040 2330 καὶ
1068 2303 1152 2342 γυ-

1238 2343 1494 2398 quiddam
1543 2349 1786 2398 propter
1827 2344 2038 2387 immor-

346 2343 548 2391 ναικὸς
604 2347 932 2387 συνουσία
983 2344 1152 2392 τόκος

345 2402 528 2457 ἐστίν]
577 2403 719 2445 Recte
752 2404 972 2457 Astius,
1004 2404 1152 2446 Rak-

344 2461 576 2502 kertus
635 2464 679 2502 et
742 2460 1153 2514 Voegelinus

349 2517 454 2560 haec
485 2518 616 2560 verba
647 2531 725 2572 pro
756 2519 1046 2572 suppositiciis
1078 2518 1152 2560 ha-

347 2575 464 2616 bent.
527 2575 637 2617 Nam
669 2588 798 2628 quum
821 2589 900 2630 per
930 2589 978 2618 se
1008 2577 1152 2630 inepta

349 2637 479 2683 sunt,
522 2638 611 2674 tum
655 2633 783 2674 etiam
818 2634 995 2675 turbant
1023 2645 1152 2687 argu-

346 2689 652 2730 mentationem
670 2718 682 2740 ,
732 2702 843 2742 quae
892 2691 944 2731 iis
994 2691 1146 2731 eiectis

346 2745 582 2787 rectissime
602 2745 893 2798 progreditur.
935 2747 1146 2788 Ceterum

317 2832 321 2857 3
347 2801 403 2844 de
433 2803 583 2842 studio
609 2803 942 2843 immortalitatis
969 2815 1147 2856 procre-

346 2859 467 2901 andis
499 2859 643 2900 liberis
674 2858 727 2899 ad
759 2860 1024 2912 posteritatis
1055 2872 1148 2901 me-

349 2915 529 2958 moriam
588 2915 890 2970 propagandae
952 2917 1149 2958 similiter

350 2974 543 3027 disputat
579 2972 858 3027 philosophus
901 2973 1062 3028 Legg..
1078 2975 1148 3017 lv,

352 3045 394 3086 p.
418 3031 515 3076 721.
537 3029 587 3071 C.
613 3030 679 3071 vl.
701 3043 741 3084 p.
764 3029 862 3073 774.
887 3032 959 3080 A..
991 3032 1150 3084 quibus

351 3102 448 3130 cum
478 3088 590 3130 locis
623 3086 858 3130 contendas
893 3089 1148 3132 Ciceron.

351 3146 485 3188 Tusc.
519 3145 552 3187 1.
583 3145 653 3191 35.

412 3261 464 3302 D.
523 3261 721 3315 Μοῖρα
764 3251 861 3299 οὖν
891 3281 942 3290 --
978 3263 1039 3311 τῇ
1069 3274 1150 3314 γε·

354 3319 419 3358 νέ
439 3316 561 3373 σει]
625 3317 847 3360 Sententia
906 3314 1012 3357 haec
1060 3322 1149 3359 est:

357 3375 492 3420 Quia
531 3372 733 3431 ἀνδρὸς
763 3373 855 3416 καὶ
883 3373 1151 3427 γυναικὸς

1238 2402 1493 2444 talitatis
1526 2400 1918 2452 effectionem,
1965 2401 2039 2442 di-

1238 2459 1416 2502 vinum
1449 2462 1755 2500 autemnon
1777 2458 1886 2500 nisi
1918 2471 2038 2501 cum

1239 2518 1432 2571 pulcro
1473 2515 1638 2558 habet
1687 2515 2035 2558 coniunctio-

1239 2587 1379 2626 nem3
1412 2578 1720 2628 propterea
1760 2573 2036 2627 pulcritu-

1240 2631 1307 2672 do
1339 2636 1428 2671 est
1457 2631 1614 2683 quasi
1655 2629 1915 2682 quaedam
1948 2630 2037 2670 ob-

1232 2688 1445 2729 stetrix
1509 2691 1562 2727 et
1630 2687 2036 2728 conservatrix

1230 2744 1403 2785 vitae.
1465 2744 1530 2784 De
1568 2743 1787 2796 Ilithyia
1833 2742 1914 2785 dea
1954 2745 2036 2785 ob-

1231 2801 1424 2841 stetricia
1481 2799 1567 2841 vid.
1623 2799 1932 2854 Boettiger
1992 2801 2035 2842 ἰιι

1231 2857 1436 2912 peculiari
1488 2857 1629 2898 libello
1687 2857 1741 2899 de
1795 2857 2037 2911 Ilithyia.

1234 2915 1377 2957 Vinar.
1403 2914 1524 2960 1799.
1550 2919 1593 2955 et
1615 2914 1871 2956 Creuzer.
1904 2915 2037 2969 Sym-

1234 2973 1321 3014 bol.
1355 2972 1410 3014 T.
1440 2972 1492 3013 ll.
1519 2986 1561 3026 p.
1588 2971 1668 3017 120
1690 2985 1784 3025 sqq.
1847 2972 1928 3026 Es}
1959 2985 2036 3014 au-

1234 3034 1323 3072 tem
1364 3030 1571 3071 naturalis
1611 3030 1732 3082 quasi
1765 3029 1932 3072 Parcae
1962 3043 2036 3071 so—

1234 3089 1326 3138 cia,
1372 3087 1411 3128 in
1446 3088 1567 3128 cuius
1599 3086 1817 3134 consortio
1847 3100 1981 3140 saepe
2009 3100 2036 3128 a

1234 3145 1376 3199 poetis
1408 3143 1647 3195 exhibetur,
1678 3143 1875 3197 adeoque
1905 3157 2036 3186 voca-

1234 3208 1303 3243 tur
1330 3199 1546 3258 ποῖρεδρος
1564 3203 1758 3255 Μοιρᾶν,
1790 3214 1830 3242 v.
1861 3201 2036 3255 Spau-

1236 3259 1368 3301 hem.
1411 3259 1465 3300 ad
1508 3257 1754 3300 Callimach.
1793 3258 1953 3312 Hymn.
1991 3258 2034 3300 in

1236 3318 1358 3358 Dian.
1399 3315 1472 3360 22.
1524 3323 1654 3369 atque
1711 3315 1925 3358 Dissen.
1980 3313 2036 3358 ad

1236 3374 1408 3417 Pindar.
1443 3373 1566 3416 Nem.
1604 3373 1691 3416 Vll·
1730 3372 1747 3414 1
1782 3382 1876 3426 sqq.
