2158 3718
10 0 275 62 'avara‘
340 0 342 2 ’
375 0 377 2 ·
409 0 443 4 ·

719 110 800 155 An
831 109 1247 154 PHAEDONEM.
1539 75 1563 133 ι’
1800 107 1865 160 15

109 262 269 306 autem
294 257 465 306 mortis
491 268 666 319 expers
691 260 776 311 est,
804 254 852 302 id
881 260 953 303 est
978 249 1326 303 ἀθάνατον
1353 251 1426 301 vel
1451 254 1523 300 im
1541 268 1585 300 m
1600 250 1863 316 ortale1).

107 326 460 376 Immortale
498 332 681 380 autem,
720 325 759 373 si
786 325 1048 389 quidquam
1075 323 1228 379 aliud,
1257 331 1427 372 natura
1455 339 1539 372 sua
1566 323 1766 371 omnino
1793 330 1867 371 est

109 393 534 461 ἀνώλεθρον,
563 396 860 444 interitus
889 410 1131 458 expers,
1161 401 1213 443 ut
1238 395 1343 442 fieri
1363 393 1496 443 nullo
1524 393 1669 442 modo
1698 394 1865 456 possit,

107 474 161 517 ut
185 468 443 533 aliquando
470 473 628 516 morte
654 465 953 515 absumatur.
1007 466 1134 514 Nam·
1155 464 1275 513 nihil
1315 471 1447 514 certe
1475 465 1621 514 suerit
1645 478 1866 528 usquam,

107 539 238 604 quod
272 537 452 587 nullam
488 537 613 586 ferat
638 536 1025 592 dissolutionem,
1063 538 1103 585 si
1136 535 1409 585 immortale
1435 551 1491 585 ac
1517 535 1866 599 sempiternum

109 608 475 659 dissolutionem
519 608 751 657 admittat.
803 607 931 657 Deus
977 607 1173 670 quidem
1217 612 1349 656 certe
1394 612 1537 671 atque
1578 605 1686 654 idea
1727 606 1866 661 vitae,

107 675 251 745 quam
287 681 479 728 animus
515 681 565 727 in
610 693 662 728 se
706 678 1112 742 comprehensam
1155 683 1314 735 tenet,
1354 692 1600 742 nunquam
1638 675 1866 732 interibit,

108 751 250 799 sicuti
274 751 401 799 inter
427 750 649 799 homines
678 756 725 798 et
750 750 903 813 magis
931 749 1073 798 etiam
1108 750 1236 798 inter
1272 748 1389 798 deos
1427 746 1727 797 immortales
1753 762 1868 795 con-

107 826 214 870 stat.
291 821 342 870 Si
389 821 538 883 igitur
589 820 825 884 quidquid
875 826 948 869 est
994 819 1294 876 immortale,
1353 819 1481 868 idem
1542 817 1870 868 dissolutionis

108 907 282 955 expers
309 897 356 940 et
378 893 579 940 interitu
603 890 814 940 liberum
851 889 1081 947 habetur,
1124 895 1255 940 certe
1292 891 1438 939 etiam
1474 891 1684 948 animuS,
1723 904 1870 954 quem

107 963 331 1027 apparuit
365 977 472 1012 esse
506 961 855 1017 immortalem,
893 961 1049 1010 omnis
1086 962 1314 1010 interitus
1351 976 1526 1026 expers
1561 967 1608 1009 et
1641 960 1871 1009 immunis

106 1033 393 1083 iudicandus
429 1034 534 1081 erit.
580 1032 747 1095 Itaque
785 1041 942 1081 morte
978 1034 1400 1097 appropinquante
1429 1030 1646 1081 mortalis
1674 1031 1869 1095 quidem

107 1104 318 1152 hominis
366 1118 479 1167 pars
523 1102 760 1159 interibit,
808 1102 1098 1152 immortalis
1133 1117 1247 1165 pars
1283 1102 1541 1152 incolumis
1588 1116 1784 1166 semper
1823 1108 1871 1149 et

107 1175 308 1223 interitu
333 1173 458 1223 liber
484 1179 628 1238 atque
653 1175 882 1223 immunis
908 1173 1215 1238 permanebit
1230 1171 1281 1239 ²).

245 1245 378 1294 Haec
412 1246 563 1308 igitur
591 1245 815 1294 Socrates
842 1244 901 1294 de
928 1251 1218 1308 argumento
1251 1244 1626 1295 immortalitatis
1653 1259 1711 1293 ex
1736 1244 1868 1293 idea-

106 1331 217 1365 rum
256 1316 526 1366 rationibus
560 1317 782 1379 repetito,
850 1315 1007 1364 Finita
1044 1331 1159 1364 vero
1196 1317 1478 1380 gravissima
1514 1316 1606 1365 hac
1652 1316 1869 1364 oratione

107 1387 287 1444 CebeS‚
323 1387 443 1436 mihi
468 1403 606 1445 vere,
635 1388 812 1450 inquit,
850 1386 995 1452 plane
1020 1389 1304 1450 persuasisti
1329 1390 1545 1437 animum
1572 1401 1677 1436 esse
1701 1387 1868 1436 interi-

107 1465 184 1507 tus
222 1465 469 1523 expertem
507 1463 651 1521 atque
686 1472 858 1507 revera
894 1458 1112 1507 futurum
1152 1473 1258 1508 esse
1295 1458 1423 1523 apud
1457 1458 1657 1507 inferos
1709 1457 1804 1507 Sed
1831 1458 1872 1506 si

107 1545 214 1584 vos,
243 1545 270 1577 ο
296 1529 436 1587 honi,
464 1529 653 1578 habetis
681 1529 810 1592 quod
837 1536 1005 1578 contra
1034 1528 1245 1578 Socratis
1272 1530 1645 1595 disputationem
1672 1543 1870 1578 monea-

106 1602 196 1658 tis,
234 1599 383 1649 nolite
419 1599 539 1649 illud
574 1602 796 1649 reticere.
847 1600 1018 1663 Neque
1053 1601 1181 1649 enim
1217 1610 1411 1665 tempus
1446 1602 1600 1664 magis
1636 1606 1870 1664 opportu-

108 1686 250 1728 num,
289 1686 384 1735 quo
422 1671 482 1720 de
516 1671 591 1720 his
625 1671 773 1720 rebus
809 1670 882 1719 vel
919 1671 1081 1720 dicere
1118 1670 1193 1720 vel
1227 1673 1395 1721 audire
1432 1670 1615 1736 aliquid
1651 1672 1869 1734 cupiatis,

108 1757 322 1807 unquam
366 1742 579 1791 redierit.
654 1742 778 1791 Tum
818 1757 932 1791 vero
971 1742 1218 1800 SimmiaS,
1257 1758 1346 1806 ego
1377 1758 1515 1799 vem,
1554 1743 1732 1807 inquit,
1774 1757 1870 1791 non

109 1813 266 1862 liabeo
309 1813 439 1878 quod
483 1815 566 1870 iis,
620 1828 744 1877 quae
779 1813 1018 1878 disputata
1055 1819 1191 1870 sunt,
1236 1814 1331 1863 iam
1377 1814 1557 1879 possim
1604 1828 1871 1878 opponere.

109 1883 453 1934 Verumtamen
500 1885 666 1934 nescio
705 1884 822 1949 quid
867 1884 986 1932 mihi
1031 1885 1079 1933 in
1125 1885 1286 1933 animo
1330 1885 1511 1934 residet
1559 1883 1775 1948 scrupuli
1826 1890 1873 1933 et

110 1955 443 2012 dubitationiS,
472 1956 570 2005 sive
599 1955 727 2020 quod
753 1955 851 2012 rei,
881 1970 1004 2019 quae
1031 1955 1217 2017 agitur,
1254 1956 1537 2020 magnitudo
1574 1970 1651 2003 me
1676 1959 1871 2019 pertur-

110 2025 204 2082 bat,
233 2028 332 2075 sive
352 2026 482 2091 quod
503 2027 824 2075 humanarum
852 2027 1026 2075 virium
1053 2025 1359 2076 imbecillitas
1375 2027 1564 2075 videtur
1590 2025 1870 2090 prohibere,

109 2098 370 2161 'quominus
409 2097 469 2146 ad
507 2104 691 2147 certam
727 2097 901 2146 harum
938 2112 1106 2146 rerum
1143 2098 1467 2161 cognitionem
1512 2099 1870 2161 perveniamus

110 2168 261 2216 Recte
286 2175 339 2216 tu
375 2167 596 2232 quidem,
632 2169 786 2231 inquit
812 2169 1053 2217 Socrates
1105 2167 1227 2216 Nam
1264 2174 1311 2217 et
1346 2169 1405 2217 de
1431 2168 1523 2217 hoc
1551 2167 1872 2217 dubitandum

111 2245 206 2296 est,
246 2245 293 2288 et
328 2238 388 2288 de
422 2238 743 2288 sumtionibus
779 2244 825 2287 et
859 2239 1135 2302 principiiS,
1173 2238 1303 2289 unde
1335 2255 1441 2288 mea
1471 2238 1732 2303 disputatio
1758 2254 1873 2303 pro-

110 2310 233 2358 fecta
261 2315 346 2365 est,
377 2308 655 2373 diligentius
682 2310 1032 2374 quaerendum.
1086 2309 1224 2368 Quod
1251 2310 1334 2359 ubi
1361 2310 1590 2367 feceritiS,
1619 2311 1873 2374 pervenie-

110 2382 196 2439 tis,
223 2382 423 2444 opinor,
463 2381 523 2429 ad
550 2386 731 2430 tantam
758 2397 894 2446 spem
921 2379 1311 2438 immortalitatiS,
1341 2386 1518 2446 quanta
1547 2382 1755 2431 maxima
1782 2382 1870 2431 ho-

111 2452 229 2500 mini
254 2451 537 2516 contingere
563 2450 775 2515 possit3).

249 2524 450 2572 Animus
485 2524 630 2586 igitur
666 2538 776 2572 cum
813 2522 1099 2573 immortalis
1126 2525 1210 2581 sit,
1250 2539 1429 2589 operae
1465 2525 1674 2589 pretium
1713 2530 1808 2588 est,
1845 2540 1873 2573 o

112 2594 277 2651 amici,
314 2600 367 2644 ut
401 2595 604 2659 quisque
640 2595 691 2642 in
726 2595 817 2643 hac
854 2596 947 2644 vita
986 2595 1176 2644 studeat
1212 2611 1323 2645 eum
1359 2601 1523 2659 aptum
1549 2596 1757 2645 reddere
1783 2597 1872 2645 im-

111 2664 405 2714 mortalitati.
457 2665 576 2714 Nam
604 2671 715 2729 post
739 2672 944 2715 mortem
974 2681 1057 2715 sua
1095 2681 1339 2732 quemque
1374 2673 1538 2716 manet
1572 2682 1703 2724 som,
1748 2666 1872 2716 laeta

111 2734 193 2784 illa
219 2741 302 2784 aut
326 2737 475 2785 tristis
502 2736 686 2793 futura,
715 2742 864 2802 prout
889 2739 997 2802 quis
1024 2738 1172 2786 animi
1199 2753 1366 2787 curam
1395 2739 1442 2787 in
1470 2738 1561 2787 hac
1589 2740 1680 2787 vita
1707 2753 1871 2802 gesse-

111 2808 188 2855 rit.
217 2805 402 2855 Ferunt
428 2808 554 2855 enim
582 2823 609 2856 a
636 2807 872 2856 daemone
895 2823 1138 2873 quemque
1165 2823 1251 2858 suo
1278 2810 1327 2857 in
1355 2824 1466 2858 eum
1494 2809 1668 2858 deduci
1692 2808 1871 2867 locum,

111 2876 196 2926 ubi
231 2877 292 2926 de
317 2879 518 2926 mortuis
552 2877 790 2928 habeatur
824 2879 1053 2929 iudicium
1089 2879 1300 2945 indeque
1326 2880 1486 2929 audita
1521 2880 1735 2929 iudicum
1762 2895 1872 2930 sen-

115 2949 262 2997 tentia
298 2947 502 3011 perduci
529 2964 611 3006 e0‚
650 2949 734 2998 ubi
770 2951 862 3014 ipsi
894 2950 964 2999 vel
992 2949 1115 2999 male
1141 2950 1215 2999 vel
1243 2951 1368 3000 bene
1396 2952 1611 3000 futurum
1639 2952 1716 3000 sit.
1767 2951 1872 3010 Quo

115 3035 172 3069 ex
197 3018 305 3068 loco
333 3033 576 3083 quemque
601 3020 796 3069 tandem
825 3019 916 3070 alio
957 3021 1078 3070 duce
1105 3023 1252 3070 certis
1278 3021 1566 3086 quibusdam
1597 3028 1871 3086 temporum

114 3090 328 3155 periodis
356 3091 536 3139 exactis
562 3105 731 3140 rursus
757 3091 816 3140 ad
843 3107 1047 3157 superos
1072 3094 1263 3141 reverti.
1292 3092 1401 3141 Vias
1427 3100 1585 3141 autem
1607 3093 1666 3141 ad
1691 3093 1871 3142 Orcum

115 3160 349 3210 ducentes
373 3163 529 3210 varias
555 3176 660 3211 esse
687 3177 742 3211 ac
768 3162 1082 3227 multiplices3
1110 3164 1270 3213 varios
1297 3166 1439 3213 etiam
1468 3164 1740 3213 animorum
1769 3179 1870 3212 mo-

229 3346 273 3394 1)
306 3347 356 3386 P.
393 3347 472 3386 105
502 3347 537 3384 B
572 3369 622 3373 -
653 3345 706 3387 Ε.

226 3402 270 3454 2)
302 3403 353 3444 P.
386 3404 465 3443 106
495 3404 532 3442 A
564 3423 615 3429 -
648 3402 700 3444 E.

228 3460 272 3510 a)
304 3460 354 3499 Ρ.
391 3460 468 3500 107
499 3460 536 3498 A
567 3481 622 3487 —
652 3460 702 3502 B.
