2158 3718
689 191 770 227 AD
809 189 1169 230 SYMPOSIUM.
1670 193 1777 232 LIII

89 316 307 369 ductum
343 335 477 380 esse,
515 324 575 368 ut
598 314 745 380 vitia,
782 315 977 384 quibus
1003 316 1119 370 eius
1144 317 1311 390 oratio
1335 315 1559 381 laborat,
1596 318 1776 388 lepide

87 386 380 456 festiveque
417 393 714 458 carpantur,
753 387 988 456 adeoque
1024 387 1195 441 omnis
1225 387 1420 441 amoris
1443 387 1577 450 laus,
1617 407 1775 457 quam

87 443 380 526 praedicat,
426 476 571 511 mere
618 456 828 527 poetica
871 467 1032 527 atque
1076 460 1219 514 vana
1257 467 1312 512 et
1351 457 1525 511 inanis
1568 457 1654 522 sit,
1694 468 1775 512 ta-

87 546 210 581 men
255 529 400 597 quod
451 528 518 582 de
563 528 782 596 reliquis
831 527 1129 582 oratoribus
1176 529 1349 582 adhuc
1395 528 1573 584 dicere
1608 529 1776 593 licuit,

87 597 231 651 idem
267 599 334 652 de
368 599 488 669 ipso
525 616 738 668 quoque
776 599 1060 652 dicendum
1095 608 1193 654 est.
1230 599 1501 668 Loquitur
1532 599 1673 652 enim
1709 600 1777 654 de

88 687 266 722 amore
304 669 397 732 810,
442 677 519 734 ut,
568 669 809 739 quamvis
853 671 922 722 ad
957 670 1262 724 interiorem
1297 671 1404 724 vim
1442 679 1496 724 et
1529 679 1777 724 naturam

71 739 202 795 ‚eius
238 740 579 810 aperiendam
614 759 677 793 ac
713 740 1086 794 declarandam
1132 741 1263 794 nihil
1311 759 1479 812 prope
1525 741 1775 807 conferat,

88 818 264 862 tamen
299 811 484 864 foedae
519 809 772 864 lubidinis
805 811 1177 884 cogitationem
1201 813 1388 883 procul
1412 822 1593 864 arceat
1617 821 1776 881 atque

85 898 251 932 unum
287 890 491 934 castum
567 900 828 951 urumque
859 901 1095 936 'amorem
1130 883 1187 935 in
1222 891 1399 936 mente
1446 882 1645 936 habere
1691 884 1775 935 iu-

87 950 346 1004 dicandus
383 952 468 1006 sit.
578 961 819 1006 raeterea
854 972 983 1006 vero
1021 953 1196 1017 etiam,
1245 953 1405 1006 sicuti
1449 962 1605 1006 antea
1638 953 1775 1007 vidi-

85 1041 224 1086 mus,
275 1020 344 1074 ab
378 1023 529 1075 initio
564 1023 818 1076 orationis
865 1042 991 1076 suae
1037 1024 1242 1094 profert
1275 1033 1623 1094 praeceptum
1661 1024 1775 1076 dia-

85 1091 360 1164 lecticum,
421 1093 567 1162 quod
613 1093 681 1143 ad
734 1093 1037 1164 argumenti
1094 1094 1464 1146 tractationem
1521 1112 1779 1164 perquam

85 1161 421 1215 conducibile
458 1170 552 1215 est.
610 1161 775 1229 Quod
811 1163 951 1216 enim
989 1172 1172 1217 censet
1206 1163 1262 1215 in
1299 1164 1442 1216 omni
1476 1164 1778 1218 laudatione

86 1232 161 1284 ita
195 1251 312 1286 esse
349 1233 687 1297 versandum,
725 1241 785 1285 ut
819 1234 1050 1304 primum
1085 1233 1367 1299 indicetur,
1407 1233 1579 1303 qualis
1618 1235 1686 1288 sit
1709 1234 1776 1300 is,

83 1302 178 1372 qui
212 1303 476 1369 laudetur,
516 1303 708 1357 deinde
744 1315 921 1358 autem
957 1305 1287 1368 ostendatur,
1325 1324 1587 1374 quaenam
1623 1305 1776 1359 dotes

84 1382 178 1426 aut
212 1373 436 1428 virtutes
474 1375 524 1427 ei
560 1374 872 1428 tribuendae
910 1375 1032 1439 sint,
1080 1375 1138 1429 id
1183 1384 1292 1428 tam
1328 1375 1623 1447 prudenter
1658 1377 1775 1429 ani-

86 1445 424 1498 madversum
461 1454 560 1510 est,
596 1454 657 1498 ut
690 1446 808 1517 ipse
849 1444 1096 1500 Socrates
1134 1465 1250 1499 eam
1286 1446 1547 1500 rationem
1583 1447 1777 1500 deinde

86 1533 196 1567 non
218 1515 375 1569 modo
401 1517 707 1570 assensione
736 1536 832 1569 sua
851 1517 1175 1588 comprobet,
1198 1517 1291 1570 sed
1313 1517 1471 1570 etiam
1497 1517 1554 1570 in
1577 1518 1779 1571 orando

125 1590 183 1638 er
217 1586 394 1638 omnia
432 1597 681 1656 sequatur
715 1587 978 1658 planeque
1017 1607 1168 1641 suam
1198 1588 1374 1641 faciat.
1414 1586 1778 1655 Quamobrem

84 1605 215 1710 11300
249 1659 555 1727 praeceptio
593 1658 866 1711 dialectica
903 1677 1019 1711 eam
1054 1658 1216 1712 habet
1249 1660 1376 1723 vim,
1414 1668 1473 1711 ut
1505 1659 1655 1728 quasi
1672 1678 1778 1731 vper

87 1724 205 1780 eam
248 1726 479 1780 instituti
523 1748 586 1782 ac
629 1727 931 1800 praeparati
968 1730 1036 1782 ad
1074 1727 1312 1783 Socratis
1358 1730 1648 1783 orationem
1683 1749 1775 1784 ac·-

85 1798 351 1852 cedamuS.
900 1842 902 1848 ,
1714 1841 1717 1843 -

157 1866 268 1922 Sed
293 1868 422 1922 satis
445 1869 578 1923 haec
603 1871 670 1923 de
697 1870 932 1939 quinque
958 1871 1286 1924 orationibus
1310 1869 1595 1941 prioribus.
1636 1869 1775 1938 Qui-

85 1939 185 1992 bus
222 1940 466 1994 eontinuo
505 1941 828 2012 subiungere
873 1942 1048 2012 placet
1091 1960 1226 2010 quae
1265 1939 1516 1994 Socrates
1563 1941 1619 1993 in
1655 1956 1775 1994 ora-

87 2010 242 2063 tionis
281 2027 408 2065 suae
445 2012 714 2081 prooemio
752 2012 985 2083 exponit.
1023 2010 1288 2066 Nimirum
1325 2012 1774 2082 quemadmodum

86 2081 187 2134 iste
222 2081 278 2133 in
303 2081 573 2164 Apologia
597 2081 870 2136 Platonica
893 2083 970 2136 ita
1003 2083 1224 2152 loquens
1260 2083 1544 2146 inducitur,
1581 2091 1643 2135 ut
1676 2093 1774 2155 ge-

87 2170 215 2204 nere
253 2151 462 2205 dicendi
498 2152 732 2205 1udiciali
771 2162 946 2223 spreto
983 2173 1046 2207 ac
1090 2154 1337 2225 neglecto
1381 2153 1558 2224 potius
1607 2153 1774 2213 subti-,

86 2221 207 2275 liter
242 2221 540 2276 disserendi
577 2223 1014 2277 consuetudinem
1050 2233 1275 2305 usurpet
1309 2226 1366 2276 in
1391 2224 1506 2278 foro
1532 2242 1639 2277 non
1661 2223 1775 2276 usi-

88 2300 268 2356 tatam,
317 2293 392 2346 ita
434 2293 491 2345 in
530 2290 817 2364 Symposio
854 2312 1083 2363 quoque,
1132 2313 1293 2347 1111880
1331 2312 1526 2365 genere
1564 2294 1778 2347 dicendi

86 2364 424 2436 panegyrico,
463 2382 568 2432 quo
605 2365 767 2417 ceteri
792 2365 876 2416 usi
904 2374 1045 2427 sunt,
1083 2373 1340 2434 protenus
1363 2384 1475 2417 rem
1501 2364 1778 2418 dialectice

88 2435 453 2506 pervestigare
497 2444 658 2503 atque
705 2434 982 2505 exquirere
1028 2435 1276 2488 instituit.
1339 2433 1502 2501 Quod
1540 2453 1652 2488 non
1697 2443 1777 2488 te-

87 2523 231 2557 mere
267 2505 343 2557 ita
377 2505 578 2559 factum
614 2524 729 2559 esse
766 2505 886 2574 quis
924 2515 1005 2559 est
1042 2505 1170 2574 quin
1219 2506 1319 2558 sibi
1365 2506 1518 2559 facile
1554 2524 1775 2575 persua-

88 2575 246 2628 deat?
305 2574 596 2629 Enimvero
642 2577 744 2629 isto
790 2576 1005 2645 quidem
1040 2585 1194 2646 pacto
1232 2575 1510 2629 dialectica
1545 2577 1658 2629 veri
1693 2575 1776 2628 in-

89 2645 576 2717 vestigandi-ratio,
617 2664 777 2715 quam
811 2666 973 2700 unam
1008 2646 1162 2699 Plato
1209 2648 1360 2699 iuxta
1396 2666 1517 2700 cum
1555 2645 1778 2702 Socrate

89 2716 332 2771 idoneam
375 2716 452 2787 *ad
484 2716 986 2799 ,philosophandum
1041 2736 1158 2771 esse
1208 2717 1439 2780 censuit,
1496 2717 1779 2788 opponitur

90 2786 374 2851 continuae
386 2789 626 2854 orationi,
652 2807 758 2858 qua
783 2807 946 2858 quum
965 2787 1218 2852 rhetores,
1238 2797 1350 2841 tum
1371 2788 1639 2859 sophistae
1661 2795 1776 2841 ute-

91 2857 312 2922 bantur,
361 2857 600 2928 adeoque
637 2859 991 2931 significatur‚
1039 2859 1104 2912 de
1140 2877 1245 2928 quo
1282 2878 1447 2928 quum
1483 2858 1627 2923 alibi,
1666 2867 1778 2911 tum

91 2926 332 2996 inprimis
374 2927 432 2981 in
477 2926 683 3001 Gorgia
729 2938 889 2998 atque
924 2929 1170 2983 Phaedro
1215 2929 1547 2999 disputatur,
1598 2948 1778 2982 veram

93 3007 260 3050 artem
296 2997 508 3050 dicendi
545 2999 848 3052 dialectices
885 3000 1152 3070 praesidio
1189 3009 1242 3053 et
1278 3000 1582 3053 adiumento
1607 2999 1777 3052 haud-

94 3086 358 3136 quaquam
395 3087 572 3120 carere
607 3087 782 3139 posse.
844 3067 954 3122 Sed
999 3070 1298 3136 videamus,
1347 3071 1600 3140 quidnam
1646 3068 1777 3122 illud

94 3139 180 3201 sit,
231 3137 375 3206 quod
414 3137 662 3192 Socrates
710 3139 906 3192 auditis
949 3140 1051 3193 illis
1095 3141 1418 3195 orationibus
1455 3141 1509 3194 in
1546 3139 1776 3192 medium

36 3215 39 3222 ’
95 3209 345 3279 proferat.

167 3279 346 3331 Finita
386 3279 550 3351 igitur
590 3280 891 3351 Agathonis
936 3282 1172 3336 oratione
1209 3284 1296 3336 ille
1335 3283 1507 3334 faceta
1546 3298 1666 3332 cum
1703 3278 1774 3330 ir-

99 3350 291 3404 risione
329 3350 451 3404 inde
490 3370 519 3402 a
559 3371 608 3421 p.
640 3352 755 3404 198.
791 3352 858 3405 A.
898 3353 1207 3425 perstringit
1248 3352 1545 3423 superiores
1583 3349 1774 3403 amoris
