2158 3718
767 122 1030 165 PHAEDO
1062 137 1108 178 p.
1143 124 1238 166 107.
1779 121 1884 175 267

96 264 357 319 ἀκοῦσαι.
406 259 570 315 Ἀλλὰ
604 260 736 330 μήν,
775 253 813 329 ἦ
850 259 902 312 δ’
943 258 1004 324 ὃς
1042 259 1071 314 ὁ
1111 262 1372 329 Σιμμίας,
1412 257 1538 312 οὐδ’
1579 257 1748 322 αὐτὸς
1773 263 1881 329 ἔχω

99 352 200 419 ἔτι,
240 348 351 420 ὅπῃ
390 345 604 401 ἀπιστῶ
643 346 704 397 ἔκ
741 363 806 412 γε
842 348 958 397 τῶν
995 345 1339 414 λεγομένων·
1399 340 1511 396 ὑπὸ
1550 343 1743 413 μέντοι
1778 346 1882 396 τοῦ

31 450 35 451 ’
98 433 375 503 μεγέθους
421 431 550 499 περὶ
596 449 677 482 ων
725 429 784 481 οἰ
828 428 987 496 λόγοι
1037 430 1172 497 εἰσί,
1221 428 1313 481 καὶ
1360 426 1465 498 τὴν
1509 426 1882 498 ἀνθρωπίνην

95 516 402 595 ἀσθένειαν
440 513 733 584 ατιμοῖζων,
773 510 1151 583 ἀναγκάζομαι
1177 511 1443 566 ἀπιστίαν
1468 515 1548 565 ε’τι
1558 514 1723 581 ἐχειν
1744 510 1880 582 παρ’

99 601 323 671 ἐμαυτῷ
361 599 490 667 περὶ
525 602 640 651 τῶν
678 597 1005 667 εἰρημένων.
1062 595 1147 651 Οὐ
1172 597 1350 667 μόνον
1375 594 1428 664 γ’
1437 637 1452 665 ,
1492 598 1620 665 ἔφη,
1661 617 1704 649 ω
1735 601 1881 665 Σιμ-

95 685 214 754 μία,
254 683 284 737 ὁ
311 682 635 753 Σωκρατης,
676 679 819 735 αλλα
844 682 1022 737 ταῦτα
1047 701 1106 735 τε
1145 675 1210 734 εὖ
1248 683 1444 750 λέγεις,
1485 681 1578 733 καὶ
1614 700 1713 743 τας
1737 679 1877 760 ὑπο-

23 773 25 775 '
91 769 284 830 θέσεις
319 788 416 830 τας
453 766 706 837 πρώτας,
744 767 837 818 καὶ
876 767 928 819 εἰ
961 760 1153 819 πισταὶ
1190 763 1328 835 υμῖν
1367 766 1531 833 εἰσιν,
1570 763 1718 834 ὅμως
1757 765 1883 818 ἐπι-

95 852 360 905 σκεπτέαι
396 852 769 920 σαφέστερον·
813 851 906 903 καὶ
946 848 1047 903 ἐὰν
1084 870 1255 912 αυτας
1290 851 1497 911 ικανεός
1531 849 1766 918 ὃιέλητε,
1807 869 1882 911 ως

98 929 329 1006 ἐγῷμαι,
369 934 788 1004 ἀκολουθήσετε
824 938 900 1005 τῷ
940 934 1106 1004 λόγῳ,
1148 933 1282 986 καθ’
1311 932 1448 986 ὅσον
1487 931 1736 986 δυνατὸν
1773 933 1880 1002 μά-

95 1018 239 1073 λιστ’
279 1019 565 1089 ἀνθρώπω
615 1020 1101 1086 ἐπακολουθῆσαι·
1163 1015 1271 1069 κᾶν
1318 1020 1485 1069 τοῦτο
1525 1015 1660 1069 αὐτὸ
1703 1017 1881 1086 σαφὲς

93 1106 340 1173 γένηται,
380 1101 550 1156 οὐδὲν
587 1103 842 1171 ζητήσετε
873 1101 1200 1171 περαιτέρω.
1247 1100 1474 1168 Ἀληθῆ,
1513 1103 1640 1169 ἔφη,
1680 1100 1877 1169 λέγεις.

236 1192 350 1256 Cap.
392 1190 533 1239 LVII.
603 1184 769 1239 Ἀλλὰ
814 1186 945 1240 τόδε
991 1183 1067 1253 γ’,
1108 1187 1243 1254 ἔφη,
1293 1178 1339 1237 ὦ
1377 1182 1608 1253 ἄνδρες,
1657 1185 1880 1238 δίκαιον

90 1272 488 1341 διανοηθῆναι,
528 1269 631 1338 ὅτι,
673 1275 828 1339 εἴπερ
864 1268 1074 1340 ἡψυχὴ
1114 1266 1415 1337 ἀθάνατος,
1458 1268 1774 1338 ἐπιμελείας
1808 1266 1875 1338 δὴ
1910 1280 1943 1322 G

206 1436 533 1484 ἀσθένειαν
563 1435 874 1496 ἀτιμάζων]
898 1434 985 1483 οὐκ
1007 1433 1249 1494 οἷτιμοῖζων
1273 1441 1398 1482 Coisl.
1423 1442 1515 1480 Par.
1541 1441 1574 1482 G
1594 1437 1824 1483 Vat.F10r.
1850 1441 1878 1481 d

88 1506 134 1539 et
154 1499 759 1621 ωῗέτῗὶοςωῦποθέσεις]
803 1553 872 1595 Sic
892 1553 1014 1594 Bodl.
1046 1554 1152 1593 Veu.
1177 1553 1281 1599 ΞΠ
1297 1553 1425 1595 vind
1455 1553 1495 1594 Τ
1521 1553 1627 1595 Tub.
1655 1554 1764 1605 Aug.
1789 1553 1876 1596 alii.

90 1611 330 1665 Legebatur
369 1626 453 1659 τας
483 1624 545 1666 γε
585 1605 860 1660 ὑποθεσεις.
902 1610 1064 1650 Deinde
1103 1605 1219 1663 ὑμῖν
1259 1610 1437 1651 debetur
1473 1609 1602 1649 Coisl.
1634 1610 1733 1652 Vat.
1765 1609 1873 1652 Tub.

89 1668 197 1709 Ven.
220 1667 324 1714 ΞΠ
355 1669 483 1708 Vind.
512 1668 553 1709 Τ
583 1669 677 1709 Pal.
701 1667 780 1708 GH
809 1669 920 1720 Aug.
950 1667 1060 1710 Flor
1084 1680 1108 1707 a
1129 1668 1154 1707 b
1177 1679 1198 1706 c
1220 1667 1247 1707 d
1268 1680 1308 1706 m
1342 1666 1439 1707 Zitt.
1496 1665 1735 1718 Legebatur
1775 1666 1873 1705 olim

85 1718 308 1833 ἡμῖνΰείρ.
331 1781 457 1823 LVII.
484 1773 640 1821 Ἀλλά
669 1773 804 1821 τόδε
833 1794 859 1833 γ
868 1773 898 1831 ’]
922 1774 969 1833 γ’
993 1780 1090 1819 add.
1114 1779 1232 1821 Bodl.
1259 1779 1367 1820 Ven.
1387 1778 1636 1820 AHVind.
1666 1778 1817 1820 ‘I‘Par
1843 1775 1875 1818 C

10 1806 22 1837 ³,
90 1837 243 1878 EHIL
274 1839 385 1890 Aug.
415 1837 524 1879 Flor.
547 1849 571 1875 a
593 1837 618 1876 b
640 1849 661 1876 c
685 1837 759 1875 im
783 1837 880 1876 Zitt.
905 1836 991 1878 alii.
1035 1836 1146 1878 Vett.
1169 1836 1286 1877 editt
1314 1836 1527 1877 omittunt.

18 3371 19 3374 Ἴ
90 3313 263 3371 δράσω.
297 3320 409 3363 Xen.
444 3321 540 3371 Cyr.
570 3322 601 3362 1.

89 1977 165 2017 ba:
202 1966 233 2030 ἢ
260 1969 344 2018 τὸν
373 1976 462 2018 νῦν
496 1969 712 2029 παρόντα
751 1976 933 2016 delenda

84 2039 248 2082 censet,
280 2034 380 2082 quia
402 2033 596 2073 notiones
617 2030 701 2074 τοῦ
724 2025 933 2096 ανοέβαλ·

88 2089 265 2130 λεσθαι
306 2095 346 2128 et
386 2087 470 2130 τοῦ
506 2082 531 2130 ὃ
567 2083 731 2143 παρών
769 2082 935 2142 χρόνος

90 2146 200 2185 inter
225 2157 273 2186 se
293 2151 542 2210 repugnent.

145 2194 248 2254 τὴν
302 2193 693 2266 ανθρωπίνην
753 2191 934 2240 ασθέ-

86 2269 255 2297 νειαν
283 2249 460 2308 ἄτιμοὶ
470 2253 589 2309 ζων]
629 2257 655 2297 i.
690 2268 727 2295 e.
753 2255 935 2294 huma-

90 2325 204 2352 nam
240 2313 667 2353 imbecillitatem
702 2311 822 2351 huic
858 2312 935 2350 rei

88 2369 506 2422 perspiciendae
533 2369 785 2421 imparem
817 2379 936 2407 esse

89 2425 434 2475 existimans,
474 2424 735 2465 diffidens
771 2424 936 2463 imbe-

86 2480 602 2523 cillitatihumanae.
624 2493 665 2522 v.
689 2480 934 2532 Wytten·

88 2536 231 2577 bach.
255 2537 370 2579 adh.
395 2537 421 2579 l.

145 2593 191 2636 Β.
244 2587 325 2634 Οὐ
374 2586 553 2658 μόνον
603 2585 650 2647 γ’
692 2614 744 2621 -
787 2585 930 2633 ἄλλα

89 2642 277 2690 ταῦτα
306 2662 365 2690 τε
395 2637 457 2690 εὖ
486 2647 545 2702 λ.]
580 2649 681 2689 Post
709 2641 765 2689 οὐ
788 2642 935 2690 μόνον

124 2717 144 2746 ε
203 2705 335 2745 intell.
387 2697 647 2771 αναγκοὶζει
706 2697 936 2745 απιστίαν

85 2719 141 2814 {x
145 2773 217 2802 ειν
236 2757 345 2826 περὶ
361 2760 455 2802 τῶν
473 2757 746 2827 εἰρημένων.
770 2761 932 2804 Phileb

90 2830 130 2883 p.
155 2819 209 2858 23
230 2818 265 2857 B
289 2810 346 2858 οὗ
367 2811 514 2870 μόνον
535 2830 606 2872 γε,
630 2810 738 2858 ἀλλ’
760 2830 835 2857 οτι
852 2814 936 2857 καὶ

90 2866 296 2937 ἄγνοεῖς,.
339 2874 573 2937 Euthyphr
596 2886 639 2926 p.
663 2876 688 2914 6
711 2873 741 2913 C
763 2866 826 2926 μὴ
851 2866 934 2924 μό-

90 2941 152 2969 να
173 2940 239 2981 γε,
264 2921 447 2969 αλλακ.
462 2943 501 2970 τ.
517 2930 555 2970 λ.
578 2929 745 2971 Menon
771 2942 812 2994 p.
838 2929 935 2969 710

89 2982 243 3024 ταῦτα
263 2981 372 3037 περὶ
389 2983 474 3025 σοῦ
492 2982 575 3025 καὶ
592 2983 760 3025 οἴκαδε
781 2997 935 3039 απαγ-

89 3035 352 3106 γέλλωμενς
383 3039 558 3103 Σωκρ.
584 3034 674 3104 Μὴ
697 3033 845 3107 μόνον
865 3054 932 3094 γε,

88 3084 319 3193 ἐξὲἴῖἰῗ
340 3070 782 3193 ’ῖῖἰλῗιέἔέῗτίοῗὸ
792 3087 936 3194 {4²⁶⁹

22 3201 29 3207 ⁶
86 3209 171 3249 ⁴752
201 3209 238 3248 A
285 3165 391 3250 ΚχΛ.
414 3199 600 3273 ”'Zomv’
643 3163 936 3272 εἰῗηςκας,ω
890 3166 936 3217 p

91 3259 211 3328 ξένε.
244 3263 347 3305 ΑΘ
372 3257 428 3304 οὗ
450 3258 598 3317 μόνον
619 3275 684 3317 γ,ε
711 3264 831 3304 αλλα
846 3222 936 3359 aaa}

671 3321 762 3370 ,17
792 3307 822 3372 ἦ
852 3333 913 3359 κα

85 3334 256 3428 σχολή,
289 3371 429 3440 ἔφη,
441 3371 572 3417 ἔσται
594 3396 644 3404 -
633 3322 936 3440 6σωμασκεῖν

63 3433 189 3478 ’τοῖς
229 3442 561 3484 στρατιωταις;
611 3422 684 3472 Οὐ
715 3425 790 3484 -μὰ
834 3423 933 3484 Δί’,

1024 1971 1119 2027 ε’φη
1144 1969 1168 2015 ὃ
1191 1967 1362 2038 πατήρ,
1394 1966 1450 2014 οὗ
1475 1966 1623 2026 μόνον
1643 1986 1712 2027 γε,
1746 1966 1872 2014 αλλὰ

1020 2029 1104 2072 καὶ
1140 2023 1350 2084 ανοίγκη.
1393 2030 1498 2070 lbid.
1529 2030 1641 2072 VIII.
1674 2031 1721 2081 3,
1755 2031 1780 2070 7
1817 2022 1875 2070 οὗ

1020 2081 1166 2140 μόνον
1190 2100 1242 2139 γε
1261 2108 1311 2114 -
1331 2079 1451 2126 αλλὰ
1474 2082 1557 2126 καὶ
1580 2079 1875 2140 σκευοφορή-

1025 2155 1104 2183 σω.
1138 2143 1351 2182 Audactei
1388 2141 1694 2195 Stephanus
1736 2143 1876 2182 locum

1025 2212 1119 2238 cum
1139 2198 1235 2238 Coi
1247 2211 1332 2238 nai
1341 2199 1386 2238 io
1410 2199 1517 2238 male
1538 2198 1734 2237 affectum
1756 2207 1876 2238 ratus

1025 2269 1048 2294 v
1056 2256 1156 2295 erba
1176 2255 1440 2320 transposuit
1460 2245 1623 2294 §10:023
1640 2246 1787 2318 μόνον
1803 2266 1876 2321 γε,

1026 2307 1136 2378 ε’φη,
1160 2325 1194 2351 ω
1217 2311 1290 2361 Σ.,
1312 2305 1336 2350 ὃ
1362 2310 1513 2362 Σωκρ
1503 2341 1552 2373 ,
1563 2305 1717 2351 ταῦτά
1745 2323 1796 2351 τε
1819 2322 1874 2351 ευ

1028 2364 1195 2422 λέγεις,
1226 2342 1346 2408 ἄλλα
1375 2363 1459 2407 καὶ
1495 2359 1578 2414 τοὶς
1608 2379 1660 2419 γε
1690 2361 1876 2407 ὑποθέ-

1029 2435 1125 2471 σεις
1147 2437 1190 2464 κ.
1214 2437 1252 2466 τ.
1279 2424 1317 2465 λ.
1348 2422 1565 2462 Audacius
1589 2423 1715 2463 ctiam
1739 2435 1875 2476 nuper

1026 2481 1211 2520 Astius
1243 2481 1370 2519 verba
1406 2479 1633 2519 sanissima
1661 2479 1878 2522 tractant.
1891 2486 1903 2499 '¹

1026 2536 1109 2577 Sed
1171 2537 1359 2575 omnium
1417 2535 1702 2574 audacissime
1752 2535 1874 2574 Hir-

1023 2591 1193 2659 schig:
1207 2622 1218 2643 ‚
1265 2592 1336 2643 qui
1377 2592 1505 2630 verba
1545 2584 1699 2631 ταῦτά
1737 2603 1787 2632 τε
1818 2579 1872 2632 εὖ

1026 2644 1177 2714 λέγεις
1214 2648 1404 2691 damnat
1442 2647 1544 2698 quia
1579 2648 1739 2687 scilicet
1773 2648 1875 2688 alibi

1025 2717 1081 2746 ου
1103 2696 1434 2758 μόνον-αλλα
1455 2702 1545 2744 καί
1562 2703 1727 2744 dicitur.
1741 2704 1874 2752 Quasi

1023 2773 1124 2800 vero
1153 2762 1195 2800 in
1222 2761 1496 2813 gradatione,
1532 2760 1671 2826 qualis
1703 2766 1767 2799 est
1793 2760 1875 2799 hoc

1024 2817 1130 2867 loeo,
1155 2829 1239 2856 non
1259 2815 1349 2857 καί
1363 2824 1462 2869 post
1490 2808 1546 2856 οὐ
1568 2810 1717 2870 μόνον
1739 2815 1875 2856 omitti

1024 2873 1172 2914 soleat.
1205 2886 1245 2915 v.
1270 2873 1550 2913 Hermann.
1583 2874 1637 2912 ad
1658 2874 1801 2924 Viger.
1827 2885 1868 2914 n.

1025 2931 1106 2970 319
1130 2931 1168 2971 b.
1222 2929 1319 2969 Mox
1350 2941 1427 2981 pio
1465 2922 1772 2969 ἐπισκεπτέαι
1796 2941 1872 2967 ex-

1025 2987 1252 3036 spectabas
1304 2978 1612 3025 ἐπισκεπτέον
1651 2992 1724 3024 aut
1772 2978 1874 3024 ἐπι·

1025 3037 1242 3083 σκεπτέα.
1286 3041 1407 3089 Quod
1435 3054 1529 3080 cum
1560 3042 1600 3079 in
1638 3040 1757 3078 libris
1788 3051 1872 3078 non

1024 3106 1235 3150 repertum
1258 3098 1328 3145 sit,
1350 3098 1482 3136 oratio
1503 3097 1545 3135 in
1565 3097 1873 3135 nominativum

1024 3155 1205 3193 transire
1234 3154 1424 3206 putanda
1453 3160 1517 3192 est
1545 3157 1719 3205 piopter
1740 3152 1873 3190 inter-

1024 3209 1161 3248 media
1190 3211 1342 3249 verba:
1374 3206 1457 3249 καὶ
1490 3203 1532 3248 εἰ
1560 3203 1726 3247 πισταὶ
1753 3202 1871 3260 ἡμῖν

1025 3261 1167 3318 εἰσιν,
1198 3266 1353 3317 quibus
1386 3270 1600 3317 postrema
1630 3274 1870 3302 accommo-

1023 3322 1121 3360 data
1162 3328 1274 3360 sunt.
1337 3320 1521 3359 Simihm
1564 3319 1749 3382 quidem,
1793 3318 1873 3357 sed

1023 3374 1275 3416 contradam
1307 3376 1507 3425 5ῃ1ιεικίη
1541 3374 1779 3414 notavimus
1816 3373 1871 3412 ui

1022 3431 1182 3476 Phileb
1214 3445 1256 3485 p.
1290 3433 1342 3472 57
1366 3433 1417 3471 Α.
1459 3432 1676 3480 Quaenam
1705 3430 1789 3469 sint
1819 3423 1876 3469 αἱ
