2158 3718
221 86 290 139 52
863 83 1360 131 PROLEGOMENA

221 246 310 282 nes
346 230 782 296 subiungerentur,
819 231 950 281 unde
977 232 1146 297 quanti
1174 232 1477 283 aestimanda
1505 238 1634 284 esset
1659 246 1772 297 spes
1797 233 1997 282 immor-

218 301 420 352 talitatis
446 303 506 353 ad
533 305 679 353 vitam
704 305 786 368 pie
811 307 1076 367 sancteque
1103 302 1365 368 agendam,
1405 305 1587 353 certius
1611 302 1998 366 intellegeretur,

219 374 352 424 idem
381 375 524 424 etiam
551 374 647 424 hoc
674 373 785 423 loco
812 375 876 423 ita
903 375 1182 423 institutum
1210 379 1298 424 est.
1354 374 1449 425 Ubi
1485 375 1630 438 igitur
1658 374 1820 424 denuo
1846 387 2001 438 pauca

222 445 282 495 de
309 446 472 495 animo
500 445 560 494 ad
586 444 1003 495 immortalitatem
1032 444 1292 508 diligenter
1320 445 1676 495 conformando
1705 441 1999 508 disseruitl),

221 518 456 567 continuo
500 517 681 566 docere
724 516 935 565 instituit
983 531 1237 565 manere
1289 515 1432 565 olim
1483 532 1649 566 suam
1703 529 2002 581 quemque

219 587 563 644 fortunam,
602 587 840 636 beatam
877 585 1047 635 illam
1084 588 1498 637 autmiseram
1535 588 1829 645 futuram,
1858 601 2001 650 pro-

220 659 307 707 uti
342 659 479 724 quis
514 660 570 707 in
607 658 717 707 hac
751 658 872 707 vita
917 658 1211 706 terrestri
1247 659 1504 707 virtutis
1547 674 1613 707 ac
1654 657 2003 723 sapientiae

220 729 539 778 studiosus
584 728 793 777 fuerit.
849 727 983 785 Quae
1021 729 1218 793 quidem
1263 731 1501 779 sententia
1546 729 1676 794 quod
1722 726 2003 778 fabulosa

219 800 466 848 futurae
509 800 670 848 vitae
710 798 1140 863 descriptione
1176 799 1476 859 declaratur,
1514 800 1559 848 id
1597 815 1743 850 nemo
1780 797 2002 865 profecto

218 869 494 920 mirabitur.
548 869 633 918 Est
669 871 800 919 enim
836 870 1128 934 philosopho
1175 870 1415 935 mythus
1452 870 1571 919 nihil
1608 870 1736 920 aliud
1774 871 1865 920 nisi
1900 868 2002 918 ad—

221 940 595 1006 spectabilis
638 940 931 1006 quaedam
982 941 1158 992 ideae
1194 941 1462 992 alicuius
1498 940 2003 1008 repraesentatio

220 1012 291 1061 ad
361 1011 835 1062 similitudinem
895 1012 1334 1076 religiosarum
1398 1012 1744 1062 fabularum
1806 1018 1861 1061 et
1920 1011 2003 1060 si-

219 1082 455 1132 milium
501 1083 913 1132 traditionum
956 1084 1300 1148 composita
1344 1083 1418 1133 vel
1461 1085 1714 1148 augustior
1765 1081 2003 1148 quaedam

219 1160 365 1218 atque
391 1154 606 1203 sanctior
640 1154 904 1219 descriptio
943 1154 1180 1204 fabularis
1215 1160 1366 1204 status
1393 1160 1440 1204 et
1467 1155 1770 1204 condicionis
1797 1153 2004 1203 alicuius

218 1231 424 1288 propter
474 1225 632 1274 ideam
681 1224 919 1290 aliquam,
966 1225 1112 1274 veluti
1157 1225 1560 1283 immortalitatis,
1602 1227 1652 1274 in
1690 1229 1791 1290 ipsa
1834 1237 2002 1273 rerum

219 1297 421 1345 veritate
447 1294 778 1345 verisimiliter
804 1295 966 1344 locum
994 1295 1282 1354 obtinentis,
1326 1298 1389 1345 ita
1426 1303 1479 1346 ut
1501 1298 1555 1350 in
1584 1296 1666 1346 illo
1692 1297 1832 1346 ideae
1860 1300 2004 1359 atque

220 1374 427 1416 naturae
464 1367 602 1432 quasi
639 1367 879 1431 quaedam
916 1368 1194 1416 coniunctio
1233 1374 1465 1417 cernatur
1493 1374 1637 1431 atque
1665 1365 2005 1431 philosophiae

221 1443 468 1502 tamquam
497 1439 658 1501 poesis
684 1438 746 1486 sit
772 1439 1055 1503 conspicua.
1109 1438 1180 1487 Ex
1219 1453 1314 1501 quo
1350 1440 1455 1503 ipso
1483 1438 1618 1487 nullo
1648 1445 1779 1487 certe
1806 1437 2002 1501 negotio

218 1507 548 1572 intellegitur,
589 1524 850 1574 quamnam
880 1508 941 1557 ob
982 1523 1177 1558 causam
1207 1508 1529 1573 philosophus
1556 1511 1604 1559 in
1633 1508 1871 1559 eiusmodi
1897 1507 2003 1571 phi-

217 1579 470 1644 losophiae
504 1578 625 1628 locis
658 1579 963 1629 illustrandis
998 1580 1279 1644 mythorum
1322 1581 1568 1644 figmentis
1612 1580 1851 1630 utendum
1897 1592 2005 1627 esse

217 1651 475 1715 putaverit.
545 1650 665 1699 Nam
701 1652 915 1715 primum
955 1652 1148 1715 quidem
1196 1650 1338 1700 facile
1382 1652 1725 1701 animadvertit
1765 1648 2005 1700 eiusmodi

218 1726 395 1771 statum
425 1726 471 1770 et
498 1721 722 1771 ordinem
749 1737 944 1778 rerum,
985 1724 1206 1786 quamvis
1245 1737 1355 1771 eum
1382 1722 1504 1771 ideis
1533 1722 2001 1777 coniunctissimum,

218 1799 382 1842 tamen
409 1793 523 1842 item
553 1799 758 1842 naturae
787 1792 1145 1857 phaenomenis
1173 1799 1221 1842 et
1246 1792 1396 1842 rebus
1423 1794 1470 1841 in
1498 1793 1627 1842 facto
1663 1795 1832 1859 positis
1859 1792 2004 1857 plane

219 1878 327 1912 esse
363 1862 694 1920 consimilem,
746 1869 799 1912 ut
834 1878 933 1912 non
967 1869 1067 1912 tam
1104 1863 1352 1913 dialectice
1391 1864 1638 1928 explorari
1682 1870 1730 1913 et
1781 1863 2002 1918 iudicari,

219 1949 366 1999 quam
406 1933 734 1984 describendo
772 1933 1023 1998 explanari
1066 1940 1246 1999 posset.
1300 1935 1485 1985 Deinde
1528 1936 1719 2001 mythos
1765 1935 2005 1984 eiusmodi

219 2006 365 2054 etiam
390 2005 501 2054 ideo
529 2006 719 2054 censuit
747 2021 855 2055 esse
881 2004 1058 2054 talibus
1084 2007 1132 2054 in
1170 2004 1290 2054 locis
1324 2007 1660 2071 usurpandoS,
1702 2007 1836 2070 quia,
1879 2020 2004 2069 quae

219 2081 384 2126 essent
417 2075 487 2124 ibi
524 2076 838 2141 exponenda,
878 2091 934 2126 ea
971 2076 1061 2125 sub
1099 2076 1366 2127 involucris
1401 2077 1595 2126 illorum
1633 2093 1731 2127 non
1769 2077 1914 2126 modo
1953 2082 2005 2126 ut

217 2146 521 2203 verisimilia,
561 2162 732 2196 verum
769 2148 912 2196 etiam
952 2154 1006 2196 ut
1043 2148 1326 2212 augustiora
1364 2155 1412 2198 et
1449 2157 1615 2198 sancte
1642 2147 1912 2199 reverenda
1941 2146 2002 2196 ob

219 2216 388 2267 oculos
414 2218 529 2282 poni
555 2216 742 2268 liceret.
795 2219 988 2267 Etenim
1017 2220 1230 2282 spec-iem
1257 2218 1516 2283 religiosae
1543 2221 1796 2270 cuiusdam
1825 2219 2003 2269 sancti-

216 2289 327 2337 tatis
355 2288 676 2354 philosophus
702 2289 796 2338 illis
823 2295 957 2338 tanto
985 2291 1168 2338 rectius
1195 2290 1443 2347 attribuit,
1482 2291 1612 2356 quod
1647 2306 1816 2341 revera
1845 2291 2004 2339 omnis

219 2360 373 2424 ipsius
407 2361 646 2424 sapientia
682 2360 772 2409 fuit
807 2359 1036 2423 religiosa
1083 2361 1316 2426 quodque
1362 2367 1539 2411 statum
1586 2362 1797 2428 aliquem
1835 2375 2002 2410 rerum

218 2436 425 2496 propter
459 2431 621 2480 ideam
658 2433 936 2496 quampiam
974 2433 1186 2495 positum
1227 2447 1336 2481 cum
1375 2433 1602 2495 religiosa
1647 2433 1742 2482 fide
1769 2433 2002 2482 coniunc-

218 2509 320 2549 tum
350 2516 456 2550 esse
483 2507 715 2566 oportere
743 2502 1010 2552 arbitratus
1038 2509 1110 2551 est
1123 2500 1176 2567 2).
1216 2503 1385 2568 Itaque
1410 2503 1547 2553 Plato
1587 2505 1732 2554 etiam
1771 2506 1820 2552 in
1847 2502 2001 2552 Phae-

220 2571 348 2621 done
375 2587 486 2622 cum
524 2571 628 2621 aliis
661 2572 782 2623 locis
819 2572 1073 2637 religiosas
1111 2573 1298 2623 fabulas
1326 2576 1601 2639 usurpavit,
1631 2581 1735 2624 tum
1762 2573 2003 2638 imprimis

218 2642 305 2698 hic·
326 2657 521 2707 quoque
548 2644 769 2708 mythum
799 2644 1196 2693 artificiosissime
1218 2660 1274 2693 ex
1301 2645 1441 2693 variis
1469 2646 1722 2710 popularis
1749 2644 2003 2708 religionis

219 2713 554 2777 opinionibuS,
597 2729 655 2762 ex
694 2715 920 2779 antiquae
957 2715 1224 2778 sapientiae
1263 2715 1630 2774 traditionibUS,
1679 2732 1705 2766 e
1742 2724 2002 2781 poetarum

222 2785 529 2840 commentiS,
560 2783 769 2848 denique
797 2800 822 2832 e
847 2785 1163 2849 physicorum
1191 2787 1505 2850 superiorum
1537 2787 1748 2837 decretis
1776 2802 1886 2836 cum
1915 2801 2001 2835 sua

219 2853 370 2918 ipsius
405 2855 596 2903 ratione
633 2856 923 2904 consociatis
958 2855 1219 2904 conflatum
1258 2856 1316 2904 ad
1356 2871 1460 2907 rem
1505 2865 1819 2922 praesentem
1863 2857 2002 2906 adhi-

218 2923 340 2983 buit,
364 2930 417 2973 ut
443 2925 608 2974 futuro
629 2926 906 2974 animorum
935 2932 1062 2975 statu
1091 2932 1137 2976 et
1165 2927 1454 2977 condicione
1482 2929 1541 2978 ad
1567 2928 2002 2979 verisimilitudinis

219 2998 435 3059 speciem
475 2996 720 3061 descripto
756 2997 933 3060 grandi
970 2997 1179 3062 quadam
1208 3004 1255 3047 et
1290 2998 1515 3063 religiosa
1543 3001 1754 3064 imagine
1782 2998 2000 3049 declara-

219 3072 319 3125 ret,
361 3066 490 3133 quod
516 3067 610 3132 ipsi
636 3068 829 3132 penitus
857 3068 946 3117 suit
981 3084 1271 3134 persuasum
1308 3070 1438 3120 haud
1476 3070 1625 3121 dubie
1661 3070 1775 3122 olim
1803 3072 1866 3120 ita
1894 3084 2001 3120 esse

331 3263 375 3373 ἐξ
407 3265 901 3377 Εἷὲἱιέἓγαῗὲαωθηῒο
932 3323 1134 3368 breviter
1166 3325 1369 3380 quidem,
1403 3329 1483 3371 sed
1513 3326 1749 3372 luculente
1781 3326 2000 3371 disseruit

216 3377 303 3422 Fr.
337 3377 552 3430 Aetius,
587 3380 793 3421 Platon's
824 3382 985 3423 Leben
1015 3397 1057 3425 u.
1091 3383 1337 3427 Schriften.
1372 3400 1414 3440 p.
1450 3388 1543 3430 165.
1579 3385 1667 3440 [Cf.
1702 3385 1999 3428 Stallbaumii

216 3433 399 3494 Proleg.
422 3436 478 3478 ad
516 3436 708 3478 Phaedr.
743 3451 785 3491 p.
810 3438 1018 3479 CXXXV
1041 3454 1125 3493 sq⁴⁷
1159 3447 1311 3484 annot.
1347 3443 1401 3484 ad
1435 3445 1563 3498 Reip.
1595 3443 1624 3487 l.
1655 3443 1711 3486 X.
1744 3458 1785 3497 p.
1819 3446 1901 3485 614
1924 3440 1994 3495 B0]
