2158 3718
0 5 18 19 'y
48 0 59 6 Ἴ.
82 0 171 31 sw‘v'f'ss,
180 0 223 32 7³³)

159 793 191 832 E

515 0 570 14 “1²³¹
576 0 818 31 WW'OEU
820 0 974 26 W}

490 75 495 81 ·
548 61 557 89 Ι

223 0 359 30 §mesu-:q
367 0 475 35 sissimus

219 129 320 183 192

218 274 509 341 ρευθῆναι.

937 133 1252 199 PLATONIS

1038 0 1119 31 rm·-
1121 0 1391 30 2¹=zss÷t=vem¹-”÷.zaw-
1444 16 1454 25 2
1736 8 1746 11 >-
1790 7 1842 27 w...

1055 23 1087 38 -,.
1138 26 1167 43 ,η
1224 11 1301 54 μὲι
1328 32 1332 34 ,
1403 34 1429 42 γ,
1495 15 1541 36 (⁴...
1570 17 1615 49 „¹1¹
1632 27 1647 32 .,
1690 41 1694 49 ἶ
1834 29 1854 43 Μ
1906 31 1912 38 v

587 273 680 325 καὶ
718 270 786 342 δὴ
826 275 919 326 καὶ
956 277 1068 327 νῦν
1105 275 1279 342 ἔγωγε
1315 271 1421 328 οὐκ
1461 274 1983 344 ἐπαισχυνθήσομαι

218 356 466 426 ἐρέσθαι,
509 355 700 427 ἐπειδὴ
738 359 831 411 καὶ
870 357 941 412 σύ
980 363 1156 411 ταῦτα
1195 359 1400 429 λέγεις,
1438 358 1572 414 οὐδὲ
1612 356 1856 429 ἐμαυτὸν
1892 361 1983 413 ocl-

216 441 475 512 τιάσομαι
524 443 587 497 ἐν
631 440 848 513 ὑστέρῳ
895 443 1108 515 χρόνῳ,
1157 440 1242 496 ὅτι
1287 447 1398 498 νῦν
1443 443 1549 498 οὐκ
1590 442 1748 498 εἶπον
1785 442 1822 497 ὁὶ
1860 444 1982 514 ἐμοὶ

217 528 386 580 δοκεῖ.

450 528 572 598 ἐμοὶ
607 528 734 598 γάρ,
775 521 821 581 ὦ
846 528 1162 599 Σώκρατες,
1203 526 1394 599 ἐπειδὴ
1431 530 1526 583 καὶ
1561 526 1982 600 πρὸς,ε’μαυτὸν

216 612 310 665 καὶ
355 611 495 683 πρὸς
540 612 706 667 τόνδε
754 617 975 684 σκοπῶ,
1024 611 1092 667 τα
1131 613 1394 684 εἰρημένα
1431 614 1499 669 οὐ
1535 616 1686 670 πάνυ
1725 616 1983 684 φαίνεται

206 697 422 774 ιι”κγανῶς
458 698 735 768 εἰρῆσθαι.

356 786 471 852 Cap.
509 786 719 837 XXXVI.
781 784 890 836 Καὶ
941 782 970 837 ὁ
1021 785 1352 855 Σωκράτης,
1385 783 1550 849 Ἴσως
1584 786 1720 856 γάρ,
1760 787 1896 855 ἔφη,
1936 805 1978 838 ω

1962 777 1983 802 ῗ

214 864 414 937 ἑταῖρε,
455 865 638 938 οΞληθῆ
677 882 765 922 σοι
804 872 1090 939 φαίνεται·
1133 867 1274 923 ἄλλα
1314 872 1458 941 λέγε,
1498 869 1607 941 ὅπῃ
1635 869 1702 940 δὴ
1730 867 1832 940 οὐχ
1860 871 1980 923 ἰκα-

326 1046 357 1098 ἃ
387 1047 515 1126 ἐμοὶ
545 1044 730 1127 δοκεῖ]
762 1059 816 1102 V.
839 1072 920 1111 μοι
949 1060 1090 1100 invitis
1120 1059 1240 1101 Bodl.
1264 1061 1371 1101 Tub.
1394 1062 1501 1103 Ven.
1526 1059 1776 1108 ,211de
1805 1059 1856 1102 Y.
1898 1060 1981 1101 De—

211 1113 310 1154 iude
331 1115 443 1167 Aug.
466 1107 569 1168 ἐμοὶ
599 1110 687 1168 μὲν
715 1108 805 1170 γάρ
827 1118 1030 1170 probante
1052 1116 1306 1159 Heindorfio.

213 1270 276 1311 De
306 1270 410 1325 Rep.
430 1271 482 1311 V.
509 1284 550 1324 p.
574 1271 657 1312 479
675 1271 765 1314 BC.
798 1272 882 1314 476
899 1272 934 1313 D
959 1285 1050 1325 sqq.

214 1327 361 1382 Symp.
384 1330 466 1369 202
488 1330 538 1380 A,
572 1329 642 1369 ubi
670 1341 710 1368 ν.
733 1337 878 1372 annot.
940 1330 1051 1378 Quo-

211 1386 323 1425 circa
357 1384 526 1434 θείους
562 1398 658 1426 esse
685 1391 724 1424 et
757 1385 875 1440 θείᾳ
909 1385 1053 1440 μοίρᾳ

212 1442 372 1494 aliquid
388 1441 528 1483 faeere
544 1442 748 1482 iudicavit
766 1443 944 1483 subinde
966 1455 1053 1494 eos,

213 1500 283 1551 qui
305 1499 510 1552 singulari
531 1499 714 1551 quadam
735 1500 914 1552 praediti
934 1500 1054 1552 inge-

212 1556 271 1596 nii
305 1555 502 1596 felicitate
540 1556 670 1597 veluti
709 1568 835 1597 coeco
872 1557 1053 1609 quodam

210 1614 363 1654 mentis
402 1614 617 1666 animique
662 1613 863 1654 instinctu
903 1622 1055 1668 sponte

210 1670 445 1724 reperirent
479 1678 520 1710 et
559 1679 897 1722 assequerentur,
940 1671 1055 1722 quod

210 1740 372 1779 verum,
408 1735 571 1768 rectum
598 1739 648 1769 ao
674 1727 886 1768 laudabile
917 1735 1052 1778 esset3

210 1797 250 1825 v.
268 1786 356 1827 Ion.
381 1798 423 1838 p.
446 1786 530 1826 534
541 1783 684 1827 A-C,
709 1785 847 1825 536D.
871 1784 1052 1838 Apolog.

210 1854 254 1896 p.
279 1843 394 1883 22A.
426 1842 535 1884 Men.
558 1840 813 1895 p.990—E.
839 1841 893 1881 al.
914 1842 1053 1891 Atque

210 1898 402 1940 similiter
433 1899 557 1939 etiam
589 1911 649 1948 ea,
681 1910 788 1950 quae
816 1900 897 1939 isto
926 1899 1051 1939 modo

210 1955 451 1996 hominibus
469 1957 746 2009 obtingerent,
761 1955 930 1996 εῐθεῖα
947 1955 1054 1995 dixit

212 2020 252 2053 et
271 2011 391 2068 θείᾳ
411 2011 554 2067 μοίρᾳ
583 2014 637 2052 iis
658 2013 814 2052 tributa
833 2013 1050 2054 iudicavit.

209 2070 330 2111 Unde
368 2077 625 2111 memoratur
665 2067 783 2111 θεία
819 2062 963 2122 φύσις
992 2069 1052 2108 De

210 2126 317 2180 Rep.
340 2128 392 2168 II.
414 2139 457 2180 p.
469 2127 610 2170 3660.
642 2128 714 2167 VI.
739 2139 779 2180 p.
803 2126 1050 2169 493A0011.

209 2185 292 2225 492
315 2184 351 2223 A
374 2191 414 2223 et
433 2186 516 2225 499
537 2184 569 2223 Β
609 2192 649 2224 et
676 2181 762 2237 τῆς
783 2182 927 2232 θείας
947 2181 1050 2237 μοί-

210 2254 297 2295 ρας
331 2242 507 2295 saepius
538 2253 586 2281 eo
618 2242 787 2281 nomine
816 2241 971 2281 mentio
1006 2240 1052 2280 fit

208 2298 387 2342 Phaedr
418 2312 459 2351 p.
491 2297 640 2341 2440.
680 2299 794 2339 Prot.
824 2311 865 2351 Ρ.
897 2299 978 2339 322
1001 2298 1055 2340 Α.

209 2355 333 2409 Apol.
355 2367 397 2409 p
423 2358 477 2396 33
501 2356 545 2396 C
588 2355 746 2421 Quibus
768 2356 826 2396 ita
848 2354 1052 2420 expositis

209 2420 361 2467 sponte
381 2412 641 2452 intellectum
671 2412 721 2451 iri
743 2412 1050 2462 existimamus,

207 2470 287 2510 hoe
316 2470 407 2511 loco
431 2470 602 2520 quinam
632 2469 795 2510 dicatur
817 2469 955 2517 θεῖος
978 2463 1051 2509 λό-

207 2540 303 2581 γος.
346 2527 420 2567 Est
441 2527 551 2566 enim
573 2526 710 2568 ratio
734 2527 912 2567 divina
934 2538 1051 2577 qua-

211 2585 323 2623 dam
364 2591 584 2623 naturae
623 2583 956 2636 praestantia
996 2594 1052 2621 ao

209 2640 486 2680 felicitate
525 2641 741 2680 inventa
779 2641 869 2680 sive
906 2646 1052 2678 reeta

212 2697 414 2750 opinio,
435 2697 482 2736 in
504 2708 625 2748 qnam
644 2698 738 2748 quis
761 2696 824 2735 vel
847 2696 939 2736 sine
960 2694 1052 2747 phi-

205 2752 426 2806 losophiae
445 2753 583 2793 studio
604 2766 717 2792 mera
733 2754 884 2793 mentis
901 2752 1052 2791 animi-

209 2824 292 2863 que
305 2811 500 2850 ‹bonitate
516 2810 732 2850 devenerit
755 2821 919 2861 quaque
937 2820 1047 2847 com-

207 2867 333 2908 mode
354 2867 414 2907 uti
434 2867 570 2920 possit
586 2866 639 2906 ad
654 2867 784 2906 vitam
806 2867 914 2905 bene
936 2873 1048 2904 tran-

209 2924 420 2977 quilleque
449 2924 698 2976 degendam.
742 2923 863 2971 Quod
892 2922 961 2962 ubi
993 2921 1050 2961 ita

207 2982 493 3032 statuerimus,
524 2980 748 3020 universus
770 2980 889 3019 locus
912 2979 1048 3019 conti-

207 3050 291 3079 nuo
329 3038 405 3079 erit
441 3038 494 3078 ad
529 3037 862 3090 intellegendum
899 3035 1047 3075 facilli-

207 3108 325 3145 mus,
367 3094 713 3147 quandoquidem
756 3093 952 3133 Simmias
995 3106 1047 3132 ex

207 3152 396 3194 Socratis
426 3153 517 3192 sive
537 3151 721 3192 Platonis
751 3159 890 3190 mente
910 3150 1047 3213 loqui—

206 3217 289 3260 tur,
313 3217 358 3248 ut
378 3210 470 3262 ipse
490 3208 692 3248 indicavit
711 3208 875 3248 verbis:
894 3195 1046 3270 ω’ςπερ

205 3262 290 3307 καὶ
311 3264 390 3306 σοί
407 3263 479 3316 (C)
498 3273 538 3305 et
555 3257 721 3318 ἐπειδὴ
744 3261 827 3305 καὶ
850 3256 906 3304 σὺ
932 3261 1046 3304 ταῦ-

206 3336 265 3364 τα
296 3319 448 3390 λέγεις
479 3321 569 3374 (D).
612 3322 774 3362 Etenim
805 3314 1046 3375 βεβαιότε-

206 3393 289 3434 ρον
323 3392 480 3434 οχημα
517 3379 790 3419 manifestum
821 3387 884 3418 est
919 3378 1045 3431 perti—

207 3449 307 3477 nere
336 3437 391 3477 ad
420 3436 605 3477 veritatis
643 3435 883 3484 seientiam,
922 3447 1047 3486 quam

205 3492 483 3549 philosophus
538 3486 799 3548 ἐπιστήμην
859 3492 1047 3540 vocavit3

1138 1274 1277 1340 θεῖος
1307 1266 1442 1328 λόγος
1472 1278 1612 1313 autem
1641 1283 1704 1315 est
1732 1275 1840 1314 iuter
1867 1267 1979 1322 τούς

1139 1323 1478 1385 ανθρωπίνους
1510 1323 1692 1386 λόγους,
1722 1330 1762 1374 h.
1789 1344 1826 1374 e
1849 1332 1980 1371 ratio-

1140 1401 1229 1439 nes,
1247 1401 1352 1440 quas
1368 1388 1496 1441 vulgo
1514 1396 1750 1439 sequuntur
1768 1387 1978 1441 homines,

1140 1445 1305 1485 etiamsi
1326 1457 1411 1485 non
1428 1446 1481 1485 ad
1498 1451 1638 1485 certae
1653 1445 1981 1499 explorataeque

1138 1503 1329 1543 veritatis
1350 1503 1553 1543 rationem
1584 1502 1725 1542 studio
1747 1502 1980 1556 sapientiae

1140 1564 1303 1611 partam
1322 1559 1605 1612 pervenerint.
1639 1560 1784 1610 Itaque
1806 1566 1979 1598 senten-

1141 1617 1198 1656 tia
1238 1617 1464 1657 verborum
1506 1616 1688 1666 denique
1727 1615 1810 1656 hue
1848 1615 1980 1656 redit:

1142 1679 1413 1726 oportere,
1445 1673 1628 1713 sifieri
1656 1685 1756 1714 non
1778 1672 1975 1727 possit,

1140 1738 1193 1769 ut
1224 1730 1339 1781 quis
1370 1742 1543 1770 veram
1573 1735 1760 1770 noscat
1779 1738 1866 1770 aut
1888 1742 1979 1769 ex-

1141 1787 1320 1839 quirat
1358 1787 1640 1840 rationem,
1683 1795 1827 1827 certe
1861 1786 1979 1839 qui,-

1141 1844 1250 1884 dem
1274 1843 1519 1896 optimam
1540 1843 1879 1884 humanarum
1900 1855 1975 1882 ra-

1139 1901 1341 1940 tionum
1370 1901 1614 1954 accipere
1650 1913 1815 1952 eaque
1845 1908 1976 1939 tam—

1139 1970 1289 2009 quam
1319 1965 1432 1997 rate
1460 1957 1637 2010 aliqua
1671 1957 1859 1997 fretum
1888 1969 1975 1996 eo—

1140 2014 1252 2055 nari
1279 2027 1369 2067 per
1397 2014 1535 2054 vitae
1568 2014 1791 2068 pelagus
1826 2013 1986 2054 navi--

1137 2083 1284 2124 gare,
1316 2070 1419 2111 nisi
1447 2071 1566 2123 quis
1598 2072 1777 2124 possit
1810 2070 1976 2111 tutius

1138 2129 1189 2168 id
1225 2127 1397 2168 facere
1427 2124 1745 2169 infirmiore
1778 2127 1976 2168 vehens

1138 2184 1384 2225 vehiculo
1422 2184 1531 2237 (veri
1559 2185 1736 2225 scientia
1763 2192 1803 2224 et
1831 2186 1975 2238 cogni-

1135 2239 1268 2307 tione)
1298 2254 1444 2293 quam
1475 2248 1620 2281 reeta
1647 2242 1825 2292 aliqua
1862 2241 1977 2294 opi-

1139 2300 1291 2338 nione
1320 2298 1584 2339 divinitus
1614 2299 1763 2351 quasi
1798 2310 1976 2339 susce—
2046 2306 2051 2313 i

1139 2363 1229 2409 pta
1269 2355 1486 2396 adiutus
1526 2368 1581 2396 ae
1621 2363 1973 2397 sustentatus.

1140 2414 1334 2454 Getmum
1364 2420 1478 2465 patet
1506 2412 1619 2453 istis:
1651 2408 1695 2454 εἰ
1713 2406 1779 2466 μή
1798 2426 1870 2460 τις
1893 2403 1978 2452 δύ-

1138 2482 1274 2512 ναιτο
1315 2476 1396 2509 ete.
1435 2469 1575 2509 iterari
1614 2477 1739 2521 atque
1775 2469 1978 2535 explicari

1139 2527 1252 2579 quod
1273 2527 1521 2567 antecessit:
1559 2522 1604 2567 εἰ
1621 2524 1774 2567 ταῦτα
1794 2518 1976 2567 αδύνα-

1137 2597 1234 2633 τον,
1257 2584 1315 2622 ita
1336 2583 1521 2635 quidem,
1551 2591 1597 2622 ut
1624 2583 1759 2623 verbis
1781 2596 1810 2635 η
1834 2575 1976 2636 λόγου

1137 2639 1280 2680 θείου
1303 2641 1425 2679 etiam
1457 2639 1657 2693 apodosis
1680 2639 1887 2679 sententia
1907 2651 1973 2678 re-

1136 2703 1317 2749 petatur.
1359 2696 1552 2749 Repetita
1573 2696 1699 2748 igitur
1718 2694 1787 2734 hio
1809 2707 1976 2747 quoque

1137 2753 1318 2806 protasis
1360 2751 1564 2792 enuntiati
1603 2751 1859 2806 hypothetici
1894 2758 1974 2801 est,

1138 2811 1190 2850 de
1219 2821 1301 2860 qua
1331 2809 1527 2860 loquendi
1548 2809 1707 2849 ratione
1727 2809 1780 2849 ad
1801 2821 1844 2874 p.
1866 2809 1921 2849 67
1942 2809 1974 2848 E

1139 2866 1427 2918 exposuimus.
1472 2866 1592 2914 Quod
1620 2866 1655 2906 si
1676 2873 1788 2906 reete
1807 2867 1867 2906 ita
1887 2872 1971 2906 sta—

1137 2923 1290 2974 tuitur,
1341 2929 1451 2962 certe
1492 2930 1683 2976 apertum
1725 2929 1788 2963 est
1835 2915 1976 2976 λόγον

1135 2979 1275 3021 θεῖον
1318 2991 1398 3019 non
1442 2992 1536 3020 esse
1575 2980 1717 3029 alium,
1748 2991 1871 3031 quam
1902 2979 1975 3047 qui

1135 3043 1259 3076 antea
1281 3037 1418 3078 dietus
1442 3043 1503 3076 est
1526 3032 1764 3090 βέλτιστος
1780 3034 1873 3078 τῶν
1890 3050 1974 3078 αν-

1134 3092 1389 3148 θρωπίνων
1406 3086 1557 3158 λόγων
1577 3093 1818 3159 frustraque
1840 3106 1975 3148 nuper

1136 3151 1349 3191 exstitisse
1373 3151 1443 3201 qui
1464 3151 1798 3204 interpretationi
1820 3151 1973 3191 verbo—

1132 3221 1226 3247 ium
1246 3220 1402 3261 prsopo
1407 3208 1486 3248 itae
1508 3208 1845 3249 adversarentur.

1183 3313 1328 3386 πρὸς
1378 3311 1634 3374 ἐμαυτὸν
1675 3316 1772 3361 καὶ
1830 3310 1971 3373 πρὸς

1135 3369 1598 3430 τόνὸεσκοπῶ]11.
1623 3389 1658 3419 e.
1686 3377 1890 3428 quando
1925 3384 1972 3416 et

1135 3447 1330 3474 meeum
1359 3434 1485 3474 haee
1514 3434 1683 3474 animo
1712 3440 1893 3488 reputo
1925 3440 1972 3473 et

1135 3504 1240 3532 oum
1264 3491 1362 3532 hoo
1382 3503 1482 3531 una
1503 3490 1801 3532 considero.

2147 2946 2158 3069 -an-vz*
2156 2903 2158 2906 .
2156 2855 2158 2860 .
