2158 3718
629 171 748 223 AD
803 169 1311 222 CRITONEM.
1713 173 1808 221 191

125 313 252 365 sius.
331 312 471 365 Nam
500 313 585 365 vel
622 331 690 364 ex
712 312 793 364 his
826 313 975 378 satis,
1016 312 1229 380 opinor,
1264 319 1507 381 apparet,
1547 319 1722 363 totum
1750 311 1811 361 il-

122 382 234 436 lum
270 383 449 437 locum
487 401 783 452 sanequam
819 387 895 434 ita
933 390 1302 452 comparatum
1342 399 1496 449 esse,
1546 389 1607 433 ut
1656 383 1811 449 quasi

123 455 408 507 interiores
462 454 700 525 pectoris
762 471 982 520 sensim,
1044 473 1181 522 quos
1239 454 1322 506 vir
1381 453 1811 524 sapientissimus

123 524 383 579 adversus
444 525 675 596 patriam
725 525 949 592 eiusque
994 523 1144 596 leges
1190 531 1245 576 et
1294 525 1546 578 instituta
1597 524 1811 590 foverit,

124 598 341 667 penitus
379 596 657 650 recludere
701 595 960 648 videatur.

263 669 450 736 Atque
487 668 572 720 his
611 666 827 735 quidem
864 669 939 719 ita
967 666 1253 737 disputatis
1292 687 1398 720 non
1439 668 1545 719 iam
1582 666 1812 736 amplius

123 738 413 791 obscurum
474 740 588 792 fore
636 746 922 809 putamus,
984 739 1270 792 Platonem
1331 739 1521 808 utique
1569 736 1814 791 Socratis

123 808 415 882 imaginem
466 830 579 862 eam
633 809 1069 877 adumbravisse,
1129 818 1266 879 quae
1302 811 1431 863 licet
1466 809 1667 862 habeat
1704 809 1813 861 sin-

124 881 252 950 gula
289 881 554 950 quaedam
589 882 916 934 lineamenta
964 881 1030 933 ab
1081 881 1287 934 artifice
1325 882 1507 952 potius
1547 898 1707 948 quam
1745 881 1812 932 ab

122 951 266 1005 illius
302 971 535 1023 persona
571 953 845 1023 proiecta,
895 959 1076 1003 tamen
1123 953 1340 1005 omnino
1388 952 1457 1004 ad
1502 953 1685 1005 vivum
1723 970 1814 1003 ex-

124 1041 313 1093 pressa
351 1023 583 1076 dicenda
620 1025 706 1076 sit.
784 1022 910 1089 Quo
947 1022 1124 1075 minus
1163 1030 1307 1076 certe
1341 1022 1579 1075 dubitari
1614 1022 1816 1092 poterit

125 1095 255 1163 quin
316 1113 481 1165 supra
532 1112 658 1146 vere
722 1092 789 1145 de
856 1093 1085 1145 consilio
1143 1093 1592 1153 iudicaverimuS,
1669 1092 1816 1162 quod

124 1165 281 1216 Plato
332 1165 388 1216 in
434 1164 539 1217 hoc
599 1164 784 1217 libello
834 1164 1030 1216 litteris
1078 1164 1350 1217 exarando
1395 1172 1659 1233 sequutus
1728 1163 1813 1217 sit.

123 1235 373 1306 Apparet
409 1235 550 1288 enim
587 1236 882 1288 clarissime
920 1236 1259 1305 propositum
1311 1237 1416 1306 ipsi
1464 1235 1569 1288 hoc
1626 1235 1813 1301 fuisse,

122 1314 200 1374 ut,
241 1325 350 1375 quo
386 1307 560 1378 magis
601 1307 849 1360 omnibus
887 1314 1103 1376 pateret
1128 1326 1408 1375 quaenam
1446 1306 1626 1360 officia
1659 1306 1815 1358 iusti-

123 1378 232 1430 tiae
271 1385 325 1430 et
358 1378 578 1448 pietatis
618 1377 920 1431 secundum·
954 1378 1253 1448 sapientiae
1282 1386 1572 1449 praecepta
1608 1377 1815 1449 patriae

123 1455 286 1519 atque
318 1449 534 1520 legibus
571 1449 806 1519 publicis
842 1448 1184 1517 deberentur,
1225 1448 1507 1503 Socratem
1543 1457 1606 1502 ut
1642 1449 1817 1502 civem

122 1521 324 1573 iustum
360 1521 618 1591 piumque
665 1528 942 1589 tamquam
977 1521 1211 1592 imagine
1251 1521 1488 1589 quadam
1535 1520 1606 1573 ad
1642 1520 1816 1589 ipsius

126 1591 264 1644 vitae
300 1592 583 1644 veritatem
625 1591 943 1645 adumbrata
979 1600 1437 1663 repraesentaret,
1490 1593 1584 1661 qui
1626 1591 1715 1644 vel
1752 1611 1815 1645 eo

123 1670 382 1734 tempore,
421 1683 529 1733 quo
566 1664 767 1716 iniusto
804 1662 1007 1716 iudicio
1045 1664 1240 1717 fuisset
1274 1663 1683 1730 condemnatuS,
1722 1682 1816 1734 pa—

123 1735 242 1787 triis
287 1734 502 1805 legibus
539 1734 703 1788 fidam
757 1733 1121 1788 obedientiam
1160 1735 1375 1804 ipsique
1426 1735 1633 1806 patriae
1671 1735 1815 1804 piam

123 1813 474 1875 sanctamque
534 1806 892 1859 reverentiam
949 1806 1311 1876 praestiterit,
1383 1814 1578 1876 utpote
1640 1805 1815 1875 reple-

124 1884 213 1929 tus
278 1877 535 1930 interiore
600 1877 834 1945 quadam
896 1878 1060 1929 animi
1120 1876 1187 1930 de
1252 1878 1398 1930 iusto
1470 1886 1524 1930 et
1583 1877 1815 1930 honesto

122 1948 471 2019 persuasione
507 1968 629 2001 cum
664 1950 757 2018 pia
795 1948 1009 2000 divinae
1049 1949 1346 2010 voluntatis
1384 1968 1483 2019 spe
1522 1956 1577 2001 et
1613 1947 1816 2000 fiducia

125 2019 430 2072 coniuncta.
514 2020 660 2072 Nam
717 2020 822 2072 hoc
884 2020 1064 2090 ipsum
1115 2038 1330 2089 quoque
1391 2020 1679 2091 diligenter
1734 2026 1815 2071 est

124 2089 697 2157 animadvertendum,
746 2110 869 2146 cum
918 2091 1156 2144 iustitiae
1201 2099 1255 2143 et
1291 2091 1593 2144 honestatis
1633 2089 1812 2143 studio

124 2162 181 2213 in
214 2161 336 2231 ipso
376 2163 719 2214 coniunctam
770 2162 917 2214 cerni
969 2161 1129 2214 etiam
1165 2162 1493 2232 singularem
1542 2160 1814 2231 quandam

124 2232 404 2302 religionis
441 2233 728 2303 pietatem,
779 2251 889 2300 qua
938 2251 1044 2284 una
1081 2233 1309 2284 maxime
1348 2240 1559 2285 erectus
1609 2252 1671 2285 ac
1724 2251 1814 2285 su-

125 2310 391 2366 stentatus
449 2304 721 2374 praesenti
785 2306 1002 2356 fortuna
1062 2322 1161 2356 sua
1207 2303 1363 2356 fortis
1411 2304 1711 2372 acquiescit
1759 2311 1815 2356 et

127 2375 374 2445 quamvis
410 2382 580 2427 morte
616 2375 855 2427 instante
891 2382 1071 2426 tamen
1104 2375 1286 2427 futura
1319 2375 1492 2428 laetus
1530 2374 1813 2443 fidensque

125 2463 220 2498 exs
263 2452 423 2499 ectat.
498 2441 848 2516 Quapropter
892 2445 949 2498 in
998 2443 1219 2498 Critone
1268 2446 1427 2516 plane
1474 2446 1593 2517 ipso
1648 2464 1812 2516 opere

126 2465 398 2584 decljarat,
447 2515 598 2585 quod
647 2516 805 2569 Plato
855 2536 977 2569 eum
1025 2516 1082 2568 in
1119 2514 1328 2586 Gorgia
1366 2538 1419 2589 p.
1459 2520 1582 2571 519.
1623 2517 1690 2568 E.
1731 2515 1813 2568 di-

126 2594 337 2640 centem
373 2588 527 2640 fecit:
603 2588 748 2655 „Vir
782 2607 973 2640 revera
1009 2587 1198 2655 fcrtiS,
1240 2587 1498 2656 quamdiu
1534 2589 1683 2655 vivit,
1724 2606 1810 2640 res

127 2658 252 2712 suas
301 2658 404 2718 diis
453 2659 770 2726 committit,
824 2667 986 2729 atque
1039 2658 1097 2711 id
1132 2667 1344 2721 tantum
1382 2667 1626 2730 spectat,
1677 2678 1811 2728 quo-

127 2727 288 2782 modo
338 2729 663 2785 destinatum
713 2730 817 2783 sibi
864 2731 977 2783 fato
1014 2729 1235 2783 vivendi
1270 2745 1485 2801 tempus
1520 2732 1812 2802 paragat,“

128 2806 289 2870 atque
326 2801 486 2854 simul
523 2801 807 2855 confirmat
844 2801 1126 2854 veritatem
1164 2820 1376 2870 eorum,
1417 2822 1556 2872 quae
1593 2801 1813 2872 scripsit

127 2870 438 2943 Xenoph.
484 2873 652 2926 Mem.
703 2872 805 2925 IV.
858 2875 921 2940 4,
966 2875 1010 2926 l.
1059 2871 1198 2926 ἀλλὰ
1244 2875 1354 2944 μὴν
1402 2878 1492 2926 καὶ
1540 2877 1662 2943 περὶ
1711 2875 1809 2926 τοῦ

129 2947 345 2995 δικαίου
394 2964 452 3011 γε
502 2943 604 2996 οὐκ
651 2941 1024 3014 ἀπεκρύπτετο
1072 2942 1157 3010 ἢν,
1187 2944 1291 3016 εἶχε
1347 2942 1605 3012 γνώμην,
1671 2942 1808 2996 ἀλλὰ

132 3015 224 3077 καὶ
290 3016 428 3081 ἔργῳ
490 3013 862 3068 ἀπεδείκνυτο.
962 3013 1172 3086 Sponte
1231 3023 1411 3069 autem
1468 3015 1808 3087 intelligitur,

127 3083 231 3137 hac
287 3083 408 3155 ipsa
470 3084 680 3138 ratione
753 3084 1038 3138 Platonem
1107 3086 1266 3140 simul
1336 3088 1497 3140 etiam
1569 3085 1808 3140 Socratis

127 3155 352 3225 eiusque
415 3156 709 3209 amicorum
769 3156 1033 3212 rationem
1091 3176 1156 3211 ac
1213 3157 1556 3228 disciplinam
1614 3177 1646 3218 a
1707 3157 1809 3210 cri-

126 3225 513 3297 minationibus
551 3246 737 3293 eorum
772 3226 1095 3296 defendisse,
1135 3229 1228 3297 qui
1272 3248 1389 3283 eam
1424 3236 1696 3298 tamquam
1733 3228 1808 3281 ci-

125 3294 284 3350 vitati
331 3297 688 3368 perniciosam
748 3297 804 3350 in
861 3297 1138 3357 hominum
1198 3299 1457 3352 invidiam
1513 3298 1809 3371 perducere

126 3367 487 3438 studuissent,
523 3369 837 3439 praesertim
876 3388 1039 3438 quum
1076 3369 1152 3422 ita
1187 3370 1510 3439 instituerit,
1550 3378 1610 3423 ut
1647 3370 1806 3422 etia-m
