2158 3718
0 0 22 3 ··’
76 0 80 6 ’
89 0 466 35 v·vc322z=zvv>2=rxiqoeze53a2:334*
479 8 489 13 v
499 0 538 30 3²⁶5:
552 0 609 31 wat

610 0 763 36 Q'Wl
778 0 1316 46 YWW³PWUR<WW¹122JJJ=
1331 15 1339 26 -,
1350 0 1467 41 i'ff,'”:*·
1494 29 1500 38 '
1519 23 1534 47 κ..
1549 30 1554 35 ι
1582 27 1586 30 ⁴
1624 1 1715 35 ''s-13·
1727 11 1764 38 -ς,
1779 15 1785 30 Ι,
1800 18 1815 32 1,
1836 21 1857 42 ,ὲ

768 41 787 62 ,4,
1171 51 1174 53 ,
1278 46 1281 49 Δ
1672 47 1682 65 ἢ
1705 43 1715 52 “
1735 59 1739 66 ,
1815 51 1835 63 v
1888 48 1898 63 ἰ

215 119 320 176 202
946 121 1266 167 PLATONIS

216 265 449 326 πολλαῖς
493 261 747 330 γενέσεσι
783 261 876 314 καὶ
913 260 1264 315 τελευτῶσάν
1298 272 1365 330 γε
1398 265 1462 316 ἔν
1498 254 1610 317 τινι
1655 267 1771 317 τῶν
1805 266 1989 319 θανά-

216 365 331 400 των
382 346 739 400 παντάπασιν
795 343 1182 414 ἀπόλλυσθαι,
1231 350 1434 400 τοῦτον
1481 348 1543 402 δε
1589 346 1691 401 τὸν
1734 348 1989 404 θάνατον

162 444 196 486 Β
217 431 310 484 καὶ
346 430 573 500 ταύτην
592 428 695 500 τὴν
733 431 993 483 διάλυσιν
1029 433 1131 482 τοῦ
1169 429 1437 500 σώματος,
1476 430 1513 502 ἢ
1548 435 1616 502 τῇ
1651 437 1802 503 ψυχῇ
1829 435 1989 504 φέρει

216 513 478 586 ὄλεθρον,
504 515 716 585 μηδένα
735 517 873 584 φαίη
894 512 1126 567 εἰδέναι·
1158 512 1440 569 ἀδύνατον
1465 536 1572 587 γαρ
1601 513 1744 571 εἶναι
1770 516 1988 589 ὁτῳοῦν

215 600 592 654 αἰσθάνεσθαι
627 598 812 669 ἡμῶν·
855 599 906 652 εἰ
942 597 1003 652 δὲ
1029 602 1195 652 τοῦτο
1223 598 1402 664 οὕτως
1427 603 1557 671 ἔχει,
1598 601 1791 656 οὐδενὶ
1815 620 1985 669 προς-

212 685 335 755 ήκει
379 685 631 738 θάνατον
676 683 992 754 θαῤῥοῦντι
1037 681 1109 753 μὴ
1158 682 1262 737 οὐκ
1312 682 1558 755 ἀνοήτως
1601 687 1869 758 θαρῤεῖν,
1928 685 1988 751 ὃς

157 775 166 779 “
196 768 286 823 ’ἂν
323 770 396 839 μὴ
436 771 531 839 ἔχῃ
571 765 874 837 ἀποδεῖξαι,
914 765 999 821 ὅτι
1037 770 1152 822 ἔστι
1189 766 1337 838 ψυχὴ
1377 770 1732 825 παντάπασιν
1769 769 1988 826 ἀθάνα-

213 853 314 907 τόν
349 873 408 907 τε
445 853 538 906 καὶ
576 850 930 921 ἀνώλεθρον·
975 854 1026 906 εἰ
1060 852 1121 907 δὲ
1159 852 1252 923 μή,
1292 852 1545 924 ἀνάγκην
1585 851 1729 909 εἶναι
1766 853 1851 909 ἀεὶ
1888 855 1988 909 τὸν

211 937 489 1008 μέλλοντα
526 935 940 990 ἀποθανεῖσθαι
978 935 1224 992 δεδιέναι
1254 935 1402 1007 ὑπὲρ
1440 942 1536 1007 τῆς
1572 937 1750 991 αὑτοῦ
1786 943 1985 1009 ψυχῆς,

212 1020 285 1092 μὴ
336 1024 399 1076 ἐν
444 1025 510 1092 τῇ
558 1025 669 1074 νῦν
715 1026 816 1075 τοῦ
855 1022 1108 1092 σώματος
1146 1022 1413 1088 διαζεύξει
1451 1023 1807 1077 παντάπασιν
1845 1022 1986 1077 ἀπό-

211 1110 389 1177 ληται.

239 1303 260 1350 ἰ
311 1241 432 1361 Βψῆ
473 1249 535 1305 τῇ
577 1250 754 1307 ψυχῇ]
797 1251 915 1292 Bodl.
945 1252 1072 1295 Vind
1102 1252 1273 1295 YTub.
1303 1253 1397 1294 Zitt.
1430 1261 1470 1293 et
1501 1264 1607 1295 corr.
1628 1253 1737 1295 Ven.
1761 1251 1927 1294 HPar.
1952 1252 1987 1294 G

213 1320 234 1349 ε
276 1322 332 1362 τῃ

322 1371 393 1432 μὴ
418 1372 531 1432 ἔχῃ]
555 1377 624 1419 Sic
646 1378 793 1431 optimi
815 1378 909 1419 libri
929 1390 1012 1418 una
1033 1379 1327 1420 consensione.
1368 1379 1479 1421 Vett.
1503 1379 1617 1422 editt
1644 1374 1757 1458 376⁰}-

323 1440 582 1503 ἀνάγκην
606 1442 775 1508 εἶναι]
799 1449 926 1490 Vind.
947 1449 1001 1492 Φ.
1024 1449 1117 1489 Par.
1141 1449 1237 1490 Let
1257 1462 1321 1503 pr.
1347 1449 1474 1493 Coisl.
1499 1451 1606 1490 Ven.
1629 1450 1670 1491 Λ
1699 1442 1902 1506 ἀνάγκη
1937 1451 1981 1490 In

210 1504 337 1546 vind.
363 1504 401 1546 Φ
422 1512 647 1570 praeterea
669 1507 795 1547 εὶναι
817 1506 949 1548 deest.

322 1554 632 1616 ἀπόληται]
657 1561 751 1605 Par.
775 1562 807 1601 L
832 1570 871 1602 et
890 1574 995 1603 corr.
1018 1563 1125 1604 Ven.
1150 1555 1498 1603 Πάπόλλυται.

1140 1704 1242 1754 quid
1271 1704 1324 1744 de
1354 1716 1403 1743 ea
1439 1710 1549 1745 esset
1585 1704 1853 1745 sentiendum
1891 1704 1985 1745 data

208 1695 296 1758 γάρ
318 1716 391 1751 τις
412 1700 493 1744 καὶ
514 1699 659 1744 πλέον
685 1716 726 1743 κ.
748 1716 787 1743 τ.
811 1703 850 1744 λ.
879 1702 1053 1743 inchoa·

1139 1762 1453 1814 opportunitate
1530 1761 1801 1815 patefaceret.
1881 1760 1987 1802 Cum

207 1769 310 1803 tam.
335 1781 388 1789 —
409 1756 615 1814 μηκέτι
637 1771 807 1814 osv-yx„
832 1772 929 1800 non
952 1761 1051 1799 iarr

208 1816 345 1857 illud
384 1815 653 1856 concedat.
697 1837 749 1844 —
790 1791 850 1856 I')e
889 1817 1051 1858 voculis

208 1867 272 1927 μὴ
314 1865 372 1913 οὖ
410 1879 508 1926 post
536 1879 762 1925 negantem
802 1874 1052 1914 sententiam

206 1942 289 1971 usu
308 1929 492 1982 legitimo
513 1929 640 1969 illatis
661 1941 703 1983 p.
725 1929 780 1970 85
798 1928 829 1970 G
850 1930 1049 1974 diximus

263 1984 486 2037 πονεῖν]
510 1986 539 2028 i.
565 1998 602 2025 e.
626 1985 803 2039 frangi
825 1987 1051 2039 viribus,

208 2042 425 2095 confici,
449 2042 722 2084 fatiscere.

265 2092 324 2140 ἐν
345 2101 470 2147 ταῖς
498 2099 742 2146 πολλαῖς
771 2095 1052 2153 γενέσεσι]

208 2168 315 2196 cum
344 2156 535 2208 migrat
562 2156 780 2207 saepius
810 2163 859 2194 et
887 2156 1054 2209 profi-

209 2212 432 2253 ciscitur
491 2212 542 2251 in
589 2212 692 2252 alia
746 2220 900 2263 atque
949 2212 1053 2253 alia

207 2281 446 2323 corpora
471 2291 526 2297 —
553 2267 632 2308 Pro
655 2265 738 2310 καὶ
759 2267 1051 2310 τελευτῶσαν

208 2324 510 2390 Stephanus
542 2326 648 2365 coni.
680 2319 799 2366 ἀλλὰ
830 2322 912 2366 καὶ
938 2326 1048 2378 rel„

206 2382 321 2434 quod
341 2382 500 2434 recepit
521 2381 551 2420 F
566 2395 621 2422 01
631 2390 818 2424 sterus.
845 2382 1050 2422 Nimirum

206 2451 291 2479 non
312 2439 508 2478 viderunt
528 2438 720 2478 homines
740 2438 974 2479 doctissimi
985 2452 1048 2493 μη

207 2487 265 2536 οὗ
295 2495 420 2534 etiam
449 2495 662 2560 pertinere
698 2495 753 2535 ad
781 2491 864 2536 καὶ
893 2496 1052 2536 τελευ-

207 2550 364 2593 τῶσαν
394 2573 446 2579 —
475 2543 793 2600 ἀπόλλυσθαι,
837 2552 1050 2592 tandem

206 2609 395 2673 per-ire.
441 2607 634 2648 Ceterum
663 2615 779 2660 patet
806 2606 915 2647 hanc
951 2621 1050 2649 sen-

205 2664 381 2704 tentiam
410 2662 578 2704 Cebetis
605 2663 829 2703 cohaerere
858 2676 954 2703 cum
976 2664 1051 2705 do-

206 2721 339 2760 ctrina
365 2719 725 2772 Pythagoreorum
755 2720 808 2759 de
835 2720 1052 2772 migratio-

207 2777 331 2816 nibus
378 2776 627 2817 animorum.
686 2776 724 2815 V
728 2775 894 2815 ideutur
942 2776 1051 2815 enim

206 2831 463 2885 Pythagorei
519 2832 779 2884 posteriores
829 2833 909 2871 iam
964 2839 1052 2871 tum

205 2888 396 2928 nonnihil
424 2887 658 2927 descivisse
686 2900 709 2927 a
739 2888 930 2939 magistri
952 2900 1051 2928 sen-

205 2945 349 2993 tentia,
391 2944 443 2984 de
483 2955 565 2995 quo
606 2943 772 2984 Maxim.
811 2944 1050 3010 Ty1.Diss.

205 3001 322 3042 XVI
345 3002 370 3041 2
399 2992 697 3067 Πυθαγόρας
726 2996 780 3042 δε
809 2994 834 3041 ὁ
865 2994 1051 3068 Σάμιος

206 3057 389 3110 πρῶτος
420 3050 470 3098 ἐν
491 3059 592 3122 τοῖς
609 3049 833 3122 ’Ἕλλησιν
856 3049 1052 3121 s'vo'lgm-

207 3125 289 3156 σεν
329 3110 499 3164 εἰπεῖν,
540 3126 613 3154 οτι
653 3106 782 3180 αὐτῷ
823 3107 875 3154 τὸ
895 3112 1050 3179 σῶμα

207 3165 294 3224 μὲν
313 3145 617 3235 τεθνήξεται,
647 3165 677 3224 ἦ
702 3157 762 3211 δὲ
776 3163 907 3236 ψυχὴ
933 3163 1049 3211 ἀνα-

206 3225 365 3268 πτᾶσα
394 3220 639 3280 οἰχήσεται
679 3220 911 3280 ἀθανης
952 3224 1049 3268 καὶ

209 3275 444 3337 ἀγήρως.
478 3282 530 3322 cf.
555 3284 684 3326 Arist
709 3283 770 3322 De
790 3284 982 3322 animal.
1007 3286 1046 3324 3.

207 3339 660 3392 Diog.Laert.V111.
705 3341 756 3380 14
792 3346 828 3379 et
859 3340 913 3380 28
950 3340 1044 3379 coll.

208 3395 296 3437 cio.
328 3396 453 3440 Tusc,
484 3397 514 3438 Ι.
548 3397 613 3436 17.
655 3396 773 3436 Hanc
801 3396 927 3449 igitur
948 3408 1044 3435 sen-

206 3452 380 3493 tentiam
400 3452 517 3493 Plato
540 3465 651 3493 nunc
673 3452 819 3493 referri
839 3452 978 3504 iussit,
1002 3461 1047 3493 ut

1140 1818 1250 1857 enim
1281 1829 1330 1856 ea
1356 1818 1657 1858 materialismo
1698 1817 1866 1858 cuidam
1910 1818 1988 1858 de·

1139 1875 1318 1919 bet-etur,
1361 1875 1560 1927 opposuit
1599 1874 1659 1913 illi
1698 1874 1982 1925 idealismurn‚

1138 1942 1263 1982 quem
1283 1942 1437 1971 vocare
1458 1930 1611 1971 licebit.

1194 1986 1241 2026 B.
1275 1981 1327 2027 εἰ
1356 1982 1418 2027 δὲ
1447 1984 1620 2028 τοῦτο
1650 1977 1835 2035 οὕτως
1864 1981 1984 2041 ἔχει

1140 2041 1211 2094 —·]
1233 2042 1423 2083 Debebat
1444 2042 1594 2083 dehinc
1616 2042 1758 2091 inferri
1778 2043 1980 2097 spodosis

1139 2098 1266 2139 huius
1314 2100 1572 2152 argumenti:
1634 2107 1805 2140 tamen
1863 2100 1983 2140 inde

1140 2156 1366 2196 nondum
1444 2156 1792 2207 consequitur
1868 2159 1984 2197 ani-

1138 2225 1271 2253 mum
1320 2225 1438 2252 esse
1486 2213 1859 2262 immortalem,
1911 2213 1984 2252 ita

1138 2277 1193 2309 ut
1223 2270 1282 2309 de
1312 2271 1426 2310 eius
1455 2269 1685 2309 interitu
1714 2269 1863 2310 nobis
1898 2282 1984 2309 se-

1138 2326 1279 2365 curis
1312 2337 1427 2366 esse
1456 2326 1634 2366 liceat.
1698 2325 1781 2366 Sed
1811 2334 1983 2378 repente

1135 2383 1316 2435 abrupto
1346 2394 1540 2422 sermone
1571 2382 1762 2434 neglecta
1783 2381 1983 2435 apodosis

1136 2438 1273 2479 forma
1302 2439 1385 2479 iam
1408 2439 1623 2491 subiungit
1645 2438 1766 2478 haec:
1795 2438 1837 2478 si
1858 2450 1982 2478 vero

1135 2495 1266 2535 haec
1288 2496 1358 2535 ita
1381 2508 1500 2536 sese
1520 2494 1738 2545 habent,
1763 2506 1985 2535 consen-

1136 2558 1347 2591 taneum
1424 2560 1506 2592 est
1572 2552 1853 2602 neminem,
1923 2551 1981 2590 de

1137 2614 1300 2648 morte
1351 2608 1438 2659 qui
1487 2610 1617 2648 bono
1668 2607 1839 2647 animo
1890 2608 1981 2654 sit,

1138 2675 1235 2703 non
1257 2663 1622 2716 imprudenter
1650 2665 1782 2704 bono
1805 2663 1980 2704 animo

1139 2731 1282 2770 esse,
1314 2719 1419 2759 nisi
1447 2719 1623 2772 possit
1651 2720 1844 2759 docere
1874 2720 1981 2759 aui-

1138 2788 1267 2816 mum
1306 2776 1511 2815 omnino
1549 2787 1668 2815 esse
1711 2776 1981 2816 immorta-

1139 2832 1235 2871 lem
1277 2832 1638 2883 interitusque
1687 2839 1977 2886 expertem.

1138 2889 1216 2928 Est
1242 2888 1368 2941 igitur
1399 2887 1501 2928 haec
1532 2888 1699 2928 liberior
1728 2900 1778 2928 ac
1803 2887 1980 2929 solutior

1137 2921 1338 2984 orati0³nis
1360 2944 1636 2986 conformatio
1667 2945 1791 2998 piane
1812 2956 1981 2985 accom-

1136 3002 1306 3041 modata
1334 3001 1403 3040 illa
1432 3002 1636 3041 fervidius
1666 3002 1875 3053 loquentis
1897 3002 1980 3042 dis-

1135 3058 1358 3111 putationi
1401 3058 1467 3098 Ad
1507 3050 1725 3123 ἀνάγκην
1766 3052 1891 3099 εἶναι
1927 3071 1980 3098 ex

1136 3115 1404 3168 praecedenti
1433 3107 1658 3168 προςήκει
1684 3125 1761 3168 per
1801 3126 1979 3167 zeugma

1135 3179 1302 3223 repetas
1326 3166 1453 3219 εἰκός
1476 3165 1623 3213 ἐστιν.

1193 3224 1461 3270 δεδιέναι
1483 3221 1628 3279 νπὲρ
1650 3224 1749 3280 τῆς
1771 3225 1975 3280 ψυχῆς]

1137 3290 1180 3323 ut
1219 3297 1261 3337 p.
1295 3286 1346 3325 78
1378 3285 1409 3324 B
1451 3293 1535 3325 est:
1580 3283 1660 3323 fiir
1700 3283 1783 3323 die
1824 3282 1977 3323 Seele

1134 3340 1394 3385 siirchten.
1454 3340 1581 3381 Aliud
1635 3347 1697 3378 est
1758 3334 1977 3380 δεδιέναι

1133 3396 1246 3449 περί
1268 3410 1412 3448 τινος,
1444 3396 1556 3448 quod
1583 3394 1858 3439 Heindorf,
1888 3395 1977 3435 usi-

1131 3455 1257 3494 tatius
1280 3466 1375 3495 esse
1396 3454 1509 3495 dicit.
