2222 3762
353 156 776 215 APOLOGIA'
815 155 1219 213 SOCRATIS.

1270 157 1335 210 P.
1381 158 1463 210 19.
1505 156 1584 211 St.
1749 157 1810 210 61

124 297 388 362 σατεῗοῦν
411 307 503 359 καὶ
527 302 697 375 ὑμεῖς,
737 302 910 376 ὥςπερ
958 301 1057 373 ἐγώ
1099 307 1249 373 λέγω,
1288 303 1511 368 διττούς
1551 326 1660 375 μου
1692 304 1824 371 τοὺς

126 391 471 460 κατηγόρους
499 396 795 458 γεγονέναι,
823 394 1038 460 ἑτέρους
1058 391 1160 460 μὲν
1187 386 1317 453 τοὺς
1348 385 1477 459 ἄρτι
1510 388 1821 461 κατηγορή-

125 493 349 538 σαντας,
377 479 593 546 ἐτέρους
620 477 674 528 δὲ
690 469 1135 539 τοὺςπιίλαι,οὓς
1148 469 1246 540 ἐγώ
1270 476 1419 541 λέγω,
1456 476 1548 527 καὶ
1577 474 1815 540 omo-me
1857 483 1905 536 Ε

125 561 237 614 δεῖν
267 556 405 629 πρὸς
437 561 671 621 ἐκείνους
695 558 918 627 πρῶτόν
945 579 1010 627 με
1033 556 1544 626 ἀπολογήσασθαι·
1595 561 1687 612 καὶ
1712 558 1819 632 γὰρ

122 641 275 712 ὑμεῖς
292 646 505 696 ἐκείνων
521 639 793 711 πρότερον
805 641 1081 709 ἠκούσατε
1107 639 1585 714 κατηγορούντων,
1611 646 1703 697 καὶ
1719 664 1820 697 πο-

123 725 190 780 λὺ
235 729 451 796 μᾶλλον
495 722 528 790 ἢ
573 729 742 780 τῶνδε
788 728 899 779 τῶν
944 723 1195 795 ὕστερον.

159 805 172 813 ’
249 809 397 865 Ιιῖεν.
421 807 914 878 ἀπολογητέονὸή.
938 803 978 864 ὦ
1015 808 1212 882 ἄνδρες
1230 806 1553 882 Ἀθηναῖοι,
1593 815 1684 866 καὶ
1708 818 1822 867 ἐπι·
1863 831 1926 884 19

119 900 400 964 χειρητέον
423 891 577 960 ὑμῶν
605 895 892 961 ἐξελέσθαι
916 892 1019 962 τὴν
1045 890 1404 961 ὃιαβολή·ν,ἢν
1429 891 1580 964 ὑμεῖς
1604 903 1661 950 ὲν
1687 901 1820 951 πολ-

123 980 200 1048 λῷ
222 977 406 1048 χρόνῳ
435 976 838 1047 ἔσχετε,ταύτην
863 984 920 1032 ἐν
949 975 1125 1050 οὕτως
1160 975 1326 1046 ὀλίγῳ
1358 978 1561 1049 χρόνῳ.
1600 983 1821 1050 βουλοί-

1610 1080 1633 1099 S

125 1115 292 1156 ticanus
322 1084 562 1154 Bodleiano
594 1113 687 1155 fere
718 1113 978 1155 auctoritate
1010 1125 1088 1165 par
1119 1112 1187 1155 sit.

225 1167 462 1211 διττούς
501 1183 605 1220 μου
645 1168 771 1218 tofis
808 1166 1188 1224 κατηγόρους]
1250 1166 1354 1210 τούς
1391 1183 1476 1214 om.
1510 1169 1606 1215 Ald.
1639 1171 1743 1212 Bas.
1784 1173 1822 1215 Ι.

125 1226 273 1281 Steph
307 1228 451 1269 invitis
483 1227 610 1271 codd.
637 1228 733 1269 fere
770 1229 981 1269 omnibus.
1047 1229 1197 1269 Paullo
1229 1232 1328 1269 ante
1371 1241 1414 1268 τε
1444 1233 1545 1281 post
1576 1223 1822 1283 ἀπολογού-

124 1299 262 1336 μενον
287 1285 412 1333 deest
442 1286 482 1326 in
521 1286 613 1326 Vat
650 1285 764 1327 Flor
797 1286 839 1326 d.
877 1290 968 1329 Par.
1002 1285 1051 1326 C.
1084 1297 1209 1328 erasa
1250 1285 1389 1327 estin
1419 1289 1515 1328 Par.
1540 1286 1600 1330 B.
1631 1287 1750 1331 Flor.
1783 1302 1822 1329 a.

125 1344 214 1386 Sed
245 1356 329 1393 non
359 1356 468 1396 opus
500 1349 568 1384 est
598 1344 850 1390 mutatione.

242 1401 293 1444 P.
334 1399 410 1448 ³19.
473 1398 528 1441 ἐν
559 1401 733 1455 πολλῷ
771 1398 949 1454 χρόνῳ
990 1398 1196 1454 ἔσχετε]
1259 1400 1310 1441 V.
1342 1400 1471 1453 ἔχετε,
1513 1400 1627 1454 quod
1660 1415 1684 1443 e
1716 1402 1821 1443 Ven.

127 1459 168 1502 b.
213 1459 318 1507 Par.
364 1458 450 1499 DS.
487 1459 610 1501 Vind.
657 1465 694 1502 1.
729 1461 770 1502 4.
812 1459 852 1502 6.

905 1457 1018 1502 Μοι.
1059 1472 1098 1511 g.
1138 1457 1177 1507 h.
1218 1460 1510 1500 emendatum.
1572 1459 1684 1507 Dein
1719 1467 1823 1503 vett.

129 1516 253 1558 editt.
284 1513 332 1555 ἐν
363 1511 522 1557 οὑτωσὶ
552 1511 682 1572 ὀλίγῳ
714 1531 776 1570 χρ.
811 1515 897 1558 Sed
930 1512 1072 1557 οὕτως
1102 1516 1395 1570 praebuerunt
1427 1515 1557 1560 Bodl.
1589 1517 1687 1560 Vat.
1713 1518 1824 1560 Ven.

127 1629 204 1671 Sic
247 1629 393 1684 Lysid.
450 1643 490 1682 p.
535 1629 634 1682 223.
673 1629 736 1670 Β;
778 1627 938 1683 ἄποροι

129 1685 459 1741 προεφέρεσθαι
510 1686 706 1729 dicuntur
758 1689 935 1740 quibus·

129 1758 228 1788 cum
269 1746 454 1797 colloqui
506 1750 550 1786 et
589 1759 720 1799 agere
762 1745 937 1787 difficile

130 1808 226 1853 θεῖς
249 1803 358 1844 conf.
383 1801 565 1855 Thucy
578 1802 620 1844 d.
643 1803 714 1847 lV.
735 1803 808 1846 32.
832 1804 936 1855 ibiq.

129 1860 276 1903 Scliol.
328 1860 410 1901 Est
449 1860 578 1913 igitur
608 1861 937 1903 Germanicum·

131 1918 562 1971 unzugiinglich.

189 1971 663 2028 ἀναβιβάσασθαι
731 1997 785 2005 —
861 1973 936 2015 ἐν·

132 2033 370 2087 ταυθοῖ]
413 2028 691 2086 ἀναβιβάζειν
733 2039 799 2074 est
839 2034 938 2074 ali-

131 2091 670 2145 quemadscendere
720 2091 939 2141 iubere,

131 2148 463 2204 producere,
497 2155 540 2189 et
568 2148 739 2200 quidem
769 2148 940 2188 nomine

132 2212 176 2247 et
206 2206 320 2247 iussu
357 2207 496 2247 alieno
528 2212 601 2247 aut.
623 2206 664 2245 in
689 2217 810 2245 usum
835 2205 939 2245 alie-

132 2276 248 2304 num.
311 2264 461 2315 ltaque
494 2257 843 2315 α’ναβιβάζεσθαι
873 2266 941 2302 est

131 2320 175 2362 id
208 2321 351 2361 facere
381 2320 518 2373 ipsum
544 2322 715 2362 nomine
743 2333 822 2361 suo
840 2331 937 2370 sua·

130 2390 212 2431 que
249 2377 386 2430 ipsius
425 2390 591 2422 caussa.
656 2378 778 2425 Unde
813 2367 938 2418 intel-

133 2436 292 2488 ligitur,
325 2447 399 2477 cur
433 2435 557 2485 Plato
588 2423 690 2478 usus
721 2436 777 2475 sit
803 2434 936 2475 verbo

131 2493 291 2535 medio.
354 2492 515 2533 Dicitur
546 2499 691 2535 autem
724 2487 937 2544 ἀναβιβά-

116 2550 288 2603 ’ζεσθαι
330 2549 512 2592 eandem
553 2551 609 2592 ob
639 2563 838 2592 caussam
871 2554 939 2590 at·

137 2621 223 2661 qne
255 2604 516 2660 ἀναβαίνειν,
548 2609 602 2650 de
622 2621 706 2661 quo
739 2621 776 2648 ν.
808 2607 862 2648 ad
896 2619 936 2659 p.

135 2666 205 2710 17.
236 2666 288 2709 Ε.
318 2666 369 2706 In
404 2667 609 2718 proximis
637 2667 750 2708 inest
779 2665 937 2707 ἀνακο-

137 2723 298 2764 λουθία
347 2722 558 2775 quaedam
611 2724 771 2766 iudicio
822 2724 936 2764 Ste-

135 2780 318 2835 phuni:
361 2792 457 2821 nam
491 2781 788 2823 concinnitatis
819 2782 937 2833 leges

134 2839 338 2880 iubebant
369 2838 477 2890 dici,
508 2843 557 2879 ut
587 2840 660 2890 nit,
692 2844 767 2880 aut
798 2834 938 2890 ωεπερ

140 2896 454 2947 σκιαμαχοῦντα
525 2891 844 2963 ἀπολογεῖσθαί
899 2909 940 2935 τε

137 2954 206 2994 καὶ
238 2952 436 3023 ἐλέγχειν,
478 2959 551 2999 aut
589 2950 729 3008 ὥςπερ
766 2967 938 3004 σκιαμα-

136 3016 223 3063 χεῖν
252 3007 608 3065 ἀπολογούμενόν
646 3027 688 3052 τε
726 3013 794 3053 καὶ
825 3010 937 3064 ἐλέγ-

136 3083 279 3120 χοντα.
335 3069 424 3110 Sed
463 3071 532 3111 ubi
564 3082 654 3110 rem
695 3070 938 3123 diligentius

138 3126 499 3177 consideraveris,
520 3129 678 3168 nullam
696 3133 940 3170 ,structurae

137 3184 417 3226 mutationem
450 3183 605 3226 factam
631 3197 727 3226 esse
749 3183 941 3227 animad-

138 3246 298 3285 vertes.
355 3240 466 3283 Nam
526 3242 654 3283 verba
703 3245 942 3292 σκιαμαχεῖν

137 3294 493 3352 ἀπολογούμενον
518 3299 676 3342 arctius
695 3300 941 3349 cohaerent,

136 3357 198 3398 ita
238 3363 287 3399 ut
323 3357 373 3396 iis
415 3371 458 3398 te
500 3362 618 3399 recte
666 3358 939 3400 subiiciatur:

139 3413 403 3467 respondent
431 3420 574 3458 nutem
607 3414 659 3457 iis
693 3414 797 3459 liaeo
827 3411 940 3466 ἐλέγ-

1020 1643 1108 1681 χειν
1118 1623 1302 1680 μηδενὸς
1318 1622 1679 1682 ἀποκρινομένου.
1711 1628 1825 1671 Rem

1021 1700 1101 1728 acu
1140 1686 1282 1739 tetigit
1325 1686 1362 1729 Ι.
1403 1686 1477 1730 Fr.
1508 1685 1825 1732 Fischerus.

1023 1748 1206 1786 Prorsus
1255 1743 1410 1785 eodem
1451 1743 1581 1785 modo
1620 1744 1826 1798 Reipubl.

1021 1803 1078 1845 V.
1112 1816 1152 1855 p.
1186 1800 1285 1844 470.
1321 1801 1378 1841 C·
1423 1803 1617 1852 πολεμεῖν
1647 1801 1826 1855 μαχομέ-

1021 1871 1130 1901 νους
1167 1873 1216 1899 τε
1256 1855 1453 1912 φήσομεν
1482 1860 1565 1900 καὶ
1599 1861 1830 1911 πολεμίους

1024 1915 1155 1971 φύσει
1185 1910 1294 1958 εἶναι
1326 1922 1370 1958 et
1393 1917 1530 1971 Legg.
1564 1917 1638 1961 ΙΧ.
1671 1933 1711 1971 p.
1727 1918 1825 1965 854.

1023 1978 1093 2017 A:
1125 1975 1435 2028 παρακαλοῦσα
1457 1969 1562 2028 μηθ’
1595 1970 1754 2029 ἡμέραν
1786 1991 1829 2018 τε

1026 2034 1094 2074 καὶ
1127 2032 1410 2086 ἐπεγείρουσα
1441 2030 1622 2087 νύκτωρ,
1654 2035 1723 2075 ubi
1752 2048 1828 2076 ex-

1026 2096 1197 2145 spectet
1228 2091 1378 2142 aliquis
1421 2094 1562 2144 potius
1596 2087 1696 2132 καθ’
1731 2087 1827 2144 ἦμέ-

1029 2163 1108 2217 ραν
1139 2162 1182 2187 τε
1218 2149 1528 2201 παρακαλοῦσα
1560 2149 1628 2188 καὶ
1660 2146 1828 2205 νύκτωρ

1027 2204 1320 2259 ἐπεγείρουσα
1380 2205 1468 2246 Sed
1500 2205 1561 2247 his
1598 2219 1648 2248 ac
1679 2208 1830 2250 simili-

1026 2265 1105 2304 bus
1137 2263 1345 2316 neglectis
1375 2262 1650 2316 Hirschig.
1691 2264 1829 2308 auda·

1026 2326 1119 2362 cter
1137 2318 1360 2374 ἐλέγχοντα
1382 2321 1568 2372 scripsit,
1592 2321 1829 2375 depravato

1025 2379 1157 2420 etiam
1191 2381 1290 2420 loco
1320 2377 1624 2475 Reipublicae
1641 2393 1666 2420 a
1704 2381 1832 2423 nobis

1024 2438 1170 2478 allato.
1398 2467 1400 2470 >

1084 2488 1343 2545 ἀξιώσατε
1387 2485 1487 2533 οὖν
1518 2494 1600 2534 καὶ
1630 2490 1827 2550 υμεῐε]

1024 2549 1062 2591 Ιι.
1107 2565 1144 2595 e.
1186 2551 1510 2592 existimate
1549 2552 1727 2605 igitur
1776 2559 1831 2595 et

1022 2621 1133 2652 vos.
1175 2608 1362 2650 Verbum
1410 2603 1564 2658 ἀξιοῦν
1603 2610 1830 2653 illustravit

1022 2666 1392 2707 Buttmannus
1470 2665 1526 2708 ad
1605 2668 1828 2713 Demosth.

1024 2736 1085 2764 or.
1126 2723 1304 2766 Midian
1330 2737 1379 2793 p.
1415 2723 1513 2768 165.

1083 2780 1134 2822 P.
1170 2781 1238 2825 19.
1270 2776 1414 2825 Εἶεν.
1457 2776 1830 2837 ἀπολογητέον

1028 2835 1123 2891 δή]
1177 2839 1272 2880 Isto
1321 2833 1407 2879 εἶεν
1453 2844 1629 2881 utuntur
1683 2843 1832 2893 Attici,

1027 2909 1153 2950 quum
1195 2898 1345 2938 volunt
1373 2897 1611 2950 significare
1641 2912 1690 2941 se
1721 2901 1836 2942 nolle

1029 2954 1212 3007 amplius
1253 2953 1308 2995 de
1338 2955 1635 3008 superioribus
1668 2956 1832 3010 dicere,

1031 3011 1108 3052 sed
1149 3013 1330 3054 transire
1370 3012 1423 3053 ad
1465 3014 1560 3057 alia.
1633 3014 1834 3055 Pluribus

1026 3067 1081 3111 de
1121 3067 1200 3111 hac
1237 3082 1304 3112 re⁴
1327 3068 1538 3122 disputavi
1585 3071 1637 3112 ad
1673 3071 1834 3124 Euthy-

1025 3125 1173 3178 phron.
1215 3141 1254 3181 p.
1286 3126 1343 3170 88
1374 3140 1437 3180 sq.
1474 3127 1542 3171 ed.
1575 3129 1697 3182 Lips.
1757 3129 1832 3170 In·

1024 3183 1195 3226 terdum
1261 3185 1388 3226 etiam
1456 3185 1706 3239 simpliciter
1765 3192 1835 3228 est

1027 3242 1306 3291 transeuntis,
1339 3248 1386 3283 ut
1415 3255 1512 3284 mox
1547 3257 1588 3296 p.
1621 3244 1689 3287 19.
1720 3243 1774 3284 B.

1087 3296 1380 3348 ἐξελέσθαι
1458 3296 1553 3353 τὴν
1638 3300 1829 3353 διαβο-

1030 3353 1224 3411 λήν].1ι.
1257 3370 1294 3400 e.
1326 3357 1577 3400 adimere
1598 3365 1655 3400 et
1690 3359 1834 3400 evel-

1029 3414 1144 3456 lere
1174 3413 1370 3456 animis
1403 3415 1610 3458 vestris
1642 3416 1830 3458 malam
