2158 3718
238 988 304 1040 73

345 153 445 205 152

990 150 1466 206 PLATONIS

341 295 604 373 εὐερῖέτῃ,
652 300 887 369 δεομένῳ
946 293 1103 366 ἄγειν
1144 294 1345 368 σχολὴν
1401 297 1488 353 ἐπὶ
1551 300 1615 374 τῆ
1658 295 1895 369 ὑμετέρᾳ
1936 319 2046 353 πα-

341 380 698 452 ρακελεύσειῖ,
739 380 840 437 οὐκ
885 379 1014 436 ἔσθ’
1069 377 1097 435 ὅ
1143 402 1195 435 τι
1251 385 1493 452 μᾶλλον,
1542 373 1582 436 ὦ
1632 379 1831 452 ἄνδρες
1870 381 2046 448 Ἀθη-

344 477 511 532 ναῖοι,
556 472 747 537 πρέπει
792 462 986 529 οὕτως,
1030 462 1103 528 ὡς
1146 461 1248 520 τὸν
1291 469 1552 522 τοιοῦτον
1581 462 1761 535 ἄνδρα
1807 472 1866 521 ὲν
1909 487 2048 537 πρυ-

343 555 541 621 τανείῳ
593 553 914 616 σιτεῖσθαι,
972 546 1114 603 πολύ
1181 571 1241 618 γε
1297 553 1514 620 μᾶλλον
1573 547 1606 616 ἢ
1665 550 1714 605 εἴ
1759 571 1843 613 τις
1893 549 2049 621 ὑμῶν

342 640 492 703 ἵππῳ
550 632 582 699 ἦ
638 634 891 705 ξυνωρίὸι
949 629 982 698 ἢ
1038 631 1212 701 ζεύγει
1264 638 1541 701 νενίκηκεν
1580 632 1958 706 Ὀλυμπιάσιν.
2017 631 2047 690 ὁ

344 722 444 787 μὲν
487 716 595 787 γὰρ
639 715 786 788 ὑμᾶς
828 728 975 773 ποιεῖ
1017 716 1352 788 εὐδαίμονας
1393 721 1573 774 δοκεῖν
1625 718 1800 789 εἶναι,
1844 715 1945 789 ἐγώ
1991 721 2050 774 δὲ

344 802 514 857 εἶναι·
557 804 651 856 καὶ
694 800 725 857 ὁ
769 805 871 870 μὲν
912 804 1127 875 τροφῆς
1171 802 1335 857 οὐδὲν
1378 806 1568 866 δεῖται,
1613 801 1714 871 ἐγώ
1740 801 1814 858 ’δὲ
1837 805 2048 872 δέομαι.

346 893 387 940 εἰ
433 877 534 940 οὖν
580 889 660 941 δεῖ
697 907 762 957 με
807 885 951 941 κατὰ
999 882 1062 941 τὸ
1113 889 1328 942 δίκαιον
1383 889 1481 954 τῆς
1534 885 1694 952 ἀξίας
1747 889 2050 958 τιμᾶσθαι,

346 968 553 1025 τούτου
600 973 854 1042 τιμῶμαι,
898 977 956 1026 ὲν
1002 975 1313 1040 πρυτανείῳ
1357 968 1635 1038 σιτήσεως.

476 1051 615 1131 Cap.
667 1051 927 1110 XXVII.

998 1052 1157 1118 Ἴσως
1215 1046 1316 1110 οὖν
1368 1053 1500 1126 ὑμῖν
1545 1058 1638 1110 καὶ
1679 1059 1842 1110 ταυτὶ
1883 1057 2054 1125 λέγων

345 1138 747 1210 παραπλησίως
791 1141 931 1197 δοκῶ
977 1142 1148 1207 λέγειν
1192 1136 1367 1211 ὥςπερ
1412 1142 1535 1209 περὶ
1578 1142 1678 1194 τοῦ
1727 1139 1916 1195 οἴκτου
1959 1143 2054 1195 καὶ

450 1388 503 1428 Ε.
544 1388 789 1438 τιμῶμαι,
835 1386 891 1427 ἐν
924 1401 1070 1440 πρυτ.
1120 1384 1429 1440 σιτήσεως]
1498 1387 1546 1430 V.
1580 1389 1769 1439 τιμῶμαι,
1800 1389 1876 1442 τῆς
1904 1386 1952 1429 ἐν
1983 1400 2055 1440 πρ.

338 1441 555 1498 σιτήσεως.
602 1445 841 1486 Articulum
870 1445 1117 1486 0111.B0dl.
1155 1444 1914 1500 Vat.Goisl.Ven.Aa.b.Ang.
1951 1445 2056 1487 Par.

335 1500 473 1543 CEH.
510 1503 624 1544 vind
664 1503 704 1547 1.
737 1503 776 1546 2.
809 1502 851 1546 4.
883 1502 925 1547 5.
958 1503 999 1546 6.
1029 1503 1154 1544 Flor.
1194 1516 1233 1544 a.
1265 1503 1307 1543 b.
1339 1516 1376 1543 c.
1409 1504 1452 1544 d.
1488 1515 1530 1554 g.
1564 1503 1608 1544 h.
1639 1504 1745 1544 Zitt.
1809 1504 1920 1546 Mox
1951 1508 2057 1545 vett.

337 1561 464 1601 editt.
497 1574 651 1602 rursus
684 1556 1140 1631 ἀπαυθαδιαζόμενοε,
1187 1561 1307 1615 quod
1343 1574 1366 1601 e
1395 1561 1544 1601 multis
1574 1568 1788 1603 mutatum
1818 1562 1947 1604 codd.
1977 1567 2057 1603 est.

450 1617 501 1662 P.
533 1619 603 1663 37.
636 1620 692 1660 A.
726 1612 762 1658 ὦ
789 1615 991 1672 ἄνδρες
1019 1613 1194 1672 Ἀθηι.
1211 1618 1227 1674 ]
1267 1616 1422 1672 ἄνδρες
1449 1631 1535 1659 om.
1577 1617 1708 1661 Bodl.
1745 1621 1849 1662 Ven.
1879 1619 1922 1660 b.
1954 1620 2056 1661 Vat.

337 1675 463 1719 vind.
498 1676 539 1720 1.
573 1678 613 1721 6.
646 1677 769 1718 Flor.
802 1691 843 1730 g.
876 1678 919 1717 h.
953 1677 1069 1718 conf.
1102 1679 1158 1718 ad
1189 1691 1231 1730 p.
1263 1676 1335 1720 32.
1372 1676 1421 1716 B.

333 1848 582 1890 Gisbert.
621 1850 893 1902 Capetum
944 1848 1001 1896 nd
1042 1847 1160 1888 Mar-

333 1919 441 1947 mor.
483 1908 625 1960 Antiq.
669 1913 772 1958 post
811 1906 996 1948 Homeri
1039 1911 1158 1958 Apo-

332 1962 499 2005 theosin
544 1977 584 2016 p.
626 1964 768 2009 284⁶·
821 1965 1041 2018 Cupero
1083 1963 1159 2004 ad-

332 2020 410 2062 das
471 2021 732 2065 Meierum
786 2021 1034 2063 Comment.
1095 2021 1158 2062 De

333 2079 567 2132 proxenia,
606 2081 746 2131 Hans,
781 2079 911 2124 1843.
943 2078 984 2123 4.
1019 2093 1060 2132 p.
1091 2078 1160 2122 10.

334 2142 377 2178 et
418 2149 459 2190 p.
501 2137 570 2181 15.
617 2139 688 2191 qui
727 2140 878 2191 copias
912 2148 964 2178 ex
995 2137 1157 2178 Inscri-

331 2194 548 2247 ptionibus
593 2207 731 2249 nuper
785 2195 1013 2250 publicatis
1052 2193 1160 2235 hanc

331 2252 370 2293 in
404 2263 493 2294 rem
527 2253 732 2308 plurimas
766 2252 958 2306 collegit.

387 2367 595 2418 μᾶλλον
677 2366 872 2421 πρέπει
955 2362 1155 2414 οὕτως,

331 2421 402 2464 ὠς
428 2425 510 2479 —]
555 2425 793 2467 Dicendum
826 2425 909 2467 fuit
940 2429 1014 2466 ant
1051 2419 1077 2464 ὅ
1109 2437 1155 2463 τι

330 2483 494 2531 μᾶλλον
526 2482 677 2536 πρέπει
720 2480 745 2537 ἢ
776 2480 852 2523 τὸν
882 2497 915 2523 τ.
947 2479 988 2523 ἄ.
1020 2495 1057 2522 κ.
1072 2495 1103 2521 τ.
1115 2482 1150 2524 λ.

329 2545 405 2580 aut
438 2537 461 2580 ὅ
499 2553 535 2580 τι
581 2539 731 2593 πρέπει
769 2537 934 2588 οὕτως,
974 2534 1035 2580 ως
1075 2536 1151 2579 τὸν

334 2612 367 2640 τ.
382 2610 419 2637 κ.
434 2611 466 2638 τ.
482 2598 516 2638 λ.
587 2597 674 2640 Sed
709 2605 894 2651 utraque
930 2601 1148 2638 structura

333 2655 563 2696 coniuncta
624 2655 730 2697 dixit
790 2655 950 2707 μᾶλλον
1010 2650 1152 2694 οὕτως

335 2707 422 2760 ωε,
476 2713 677 2753 liberiore
717 2714 929 2754 orationis
973 2711 1150 2753 confor-

336 2770 555 2820 matione,
602 2772 718 2823 quali
771 2770 929 2811 Graeci
982 2770 1150 2821 saepis-

339 2827 448 2867 sime
482 2833 668 2871 utuntur.
732 2827 806 2870 Sic
832 2840 963 2880 supra
998 2827 1151 2879 legitur

339 2899 379 2937 p.
419 2882 490 2928 30.
527 2884 585 2926 B.
630 2882 734 2939 μήτε
765 2883 974 2936 σωμάτων
1012 2881 1151 2934 ἐπιμε-

338 2941 509 2982 λεῖσθαι
540 2939 644 2995 μήτε
671 2941 897 3015 χρημάτων
935 2939 1151 2997 πρότερον

340 2995 457 3041 οὕτω
508 2997 703 3055 σφόδρα,
763 2998 824 3042 ὥς
868 3002 943 3055 τῆς
994 3001 1148 3054 ψυχῆς.

341 3058 484 3100 Alium
525 3058 671 3100 locum
712 3059 982 3114 comparavit
1023 3057 1149 3099 For-

339 3119 546 3167 uterus,
582 3116 653 3158 De
674 3117 836 3168 republ.
853 3117 954 3160 Vn.
979 3131 1018 3170 p.
1042 3115 1144 3160 526.

339 3174 397 3216 C:
440 3173 509 3214 καὶ
538 3171 643 3227 μήν,
693 3170 754 3214 ὥς
790 3167 974 3229 ἐγῷμαι,
1023 3170 1051 3213 ἅ
1098 3188 1147 3227 γε

334 3231 460 3283 μείζω
491 3229 632 3272 πόνον
676 3232 845 3303 παρέχει
874 3229 1145 3282 μανθάνοντι

336 3288 404 3331 καὶ
424 3289 658 3339 μελετῶντι,
675 3304 758 3332 ουκ
783 3287 836 3332 ἄν
856 3285 1019 3345 ρᾳδίως
1039 3285 1143 3330 ουδὲ

333 3344 466 3388 πολλὰ
497 3342 550 3388 ἂν
567 3344 730 3402 εὕροις,
763 3344 824 3390 als
855 3350 1001 3390 τοῦτο.
1036 3348 1140 3389 Duo

339 3408 563 3460 praeterea
605 3408 800 3460 exempla
852 3404 981 3449 huius
1021 3411 1136 3447 stru-

1247 1850 1396 1889 cturae
1409 1848 1606 1888 attulitH
1618 1861 1642 1890 e
1655 1861 1679 1888 ιι
1691 1863 1711 1888 s
1723 1849 1773 1889 d·
1764 1863 1773 1889 ι
1787 1862 1813 1890 ιι
1828 1863 1848 1889 s
1864 1848 2055 1920 Speciqi.

1247 1905 1340 1945 crit.
1345 1919 1398 1976 p.
1415 1905 1484 1948 12.
1504 1906 1605 1947 Min.
1626 1920 1667 1958 p.
1686 1907 1804 1978 318.
1807 1908 1868 1948 E:
1891 1921 1946 1948 ov
1974 1902 2055 1974 γὰρ

1246 1957 1356 2004 ἔσθ’
1399 1959 1424 2003 ὅ
1468 1977 1504 2003 τι
1555 1959 1716 2032 tnov'tov
1764 1952 2055 2034 ασεβέστερόν

1246 2019 1372 2069 ἐστιν,
1402 2015 1498 2061 ουδ’
1531 2018 1648 2062 οὕτω
1674 2020 1754 2077 χρὴ
1784 2023 1944 2074 μᾶλλον
1981 2036 2054 2064 ευ-

1246 2078 1498 2131 zanca-oona,
1548 2077 1657 2133 πλὴν
1697 2080 1762 2122 εἰς
1800 2077 1942 2122 θεοὺς
1967 2079 2055 2126 lua!

1245 2134 1359 2191 λόγῳ
1425 2138 1494 2177 καὶ
1562 2137 1675 2194 ἔργῳ
1737 2135 2055 2209 ἐξαμαρτάνειν.

1243 2195 1379 2247 Eryx.
1424 2209 1464 2247 p.
1502 2194 1605 2239 392.
1655 2196 1716 2237 C:
1758 2211 1847 2238 υπο
1886 2195 1933 2238 δὲ
1971 2210 2057 2237 των

1245 2253 1436 2306 σμικρῶν
1475 2250 1641 2294 τούτων
1685 2249 1741 2294 ἂν
1777 2255 1936 2306 μᾶλλον
1979 2249 2054 2308 ὄρ·

1244 2311 1430 2364 γίζοιντο
1474 2307 1640 2361 οὕτως,
1689 2308 1749 2354 ὥς
1786 2309 1842 2357 ἄν
1877 2309 2055 2366 μάλιστα

1240 2365 1526 2421 χαλεπώτατοι
1557 2371 1720 2422 εἴησαν.

1298 2424 1354 2467 ἐν
1386 2430 1701 2482 πρυτανείῳ
1735 2427 2051 2480 σιτεῖσθαι]

1240 2483 1538 2538 „prytaneum
1574 2489 1668 2526 erat
1714 2486 1832 2527 locus
1867 2486 1908 2526 in
1938 2498 2053 2538 arce,

1239 2541 1310 2582 ubi
1343 2547 1386 2582 et
1407 2541 1584 2582 Solonis
1613 2543 1733 2596 leges
1763 2543 2052 2584 asservaban-

1237 2605 1328 2639 tur:
1362 2612 1398 2643 v,
1432 2599 1664 2642 Pausan.
1704 2599 1742 2643 1.
1781 2599 1873 2645 18.=
1914 2606 1958 2643 et
1991 2601 2052 2641 ci-

1237 2655 1361 2697 vibus
1403 2655 1458 2698 «le
1498 2656 1716 2710 republica
1758 2659 1926 2712 optime
1956 2670 2051 2700 me-

1237 2713 1328 2754 ritis
1375 2714 1516 2755 vietus
1555 2714 1834 2767 quotidianus
1868 2715 2052 2768 praebe-

1237 2771 1364 2812 batur
1403 2771 1593 2825 publice:
1650 2771 1687 2812 h.
1736 2787 1773 2815 e.
1814 2772 2050 2815 σιτεῖσθαιτ

1236 2828 1309 2882 qui
1348 2829 1523 2881 quidem
1569 2830 1711 2872 honos
1758 2832 1874 2885 apud
1907 2832 2050 2873 Grae-

1237 2899 1314 2927 cos
1347 2887 1564 2928 maximus
1595 2887 1846 2933 habebatur.
1872 2902 1910 2932 v,
1939 2888 2050 2930 Cic.

1237 2943 1358 2986 Orat.
1409 2945 1445 2985 1.
1499 2943 1571 2988 54.
1635 2945 1925 2990 Demostb.
1995 2945 2050 2989 de

1234 3001 1344 3043 falsa
1379 3003 1462 3056 leg.
1508 3016 1547 3055 p.
1580 3001 1682 3046 231.
1718 3003 1961 3046 Aeschin.
1994 3004 2051 3047 de

1234 3058 1262 3102 f.
1295 3060 1377 3112 leg.
1412 3075 1452 3112 p.
1477 3059 1578 3105 267.
1611 3058 1665 3102 T.
1683 3061 1744 3102 ΙΙ.
1776 3061 1902 3115 Tayl.
1925 3062 2051 3104 Pol-

1233 3118 1338 3158 lux.
1362 3118 1445 3159 IX.
1464 3117 1536 3162 40.
1572 3118 1800 3163 Gruter.
1826 3119 2047 3173 Inscriptt.

1233 3189 1274 3228 p.
1304 3174 1404 3219 460.
1448 3175 1484 3219 Ι.
1518 3182 1563 3218 et
1597 3174 1782 3218 Schol.
1819 3176 2047 3230 Aristoph.

1230 3232 1286 3274 ad
1326 3234 1496 3287 Equitt.
1537 3247 1578 3287 p.
1625 3233 1727 3278 199.
1767 3234 1913 3278 Bas.“
1964 3233 2047 3275 Fi-

1229 3289 1474 3333 sclnerus.
1544 3291 1665 3334 Idem
1718 3297 1837 3334 recte
1896 3290 2046 3333 docuit

1226 3348 1360 3390 ιππον
1434 3347 1472 3390 h.
1529 3350 1554 3390 Ι.
1633 3349 1814 3403 intelligi
1884 3348 2045 3402 κέλητα,

1226 3419 1415 3460 equum
1449 3405 1819 3460 singularem,
1860 3407 1949 3461 qui
1982 3408 2046 3449 ab
