2158 3718
227 135 297 190 58
877 145 1368 193 PROLEGOMENA

232 283 315 342 sit,
355 298 512 349 nuper
539 285 676 336 valde
705 287 974 339 dubitatum
1013 289 1149 356 est1).
1201 293 1261 343 At
1287 296 1416 344 enim
1443 311 1558 346 vero
1585 313 1664 348 res
1694 297 1878 350 videtur
1905 316 2003 350 non
2069 315 2074 319 ·

230 354 351 404 adeo
377 356 731 409 inextricabilis
759 375 888 418 esse,
927 361 1192 412 dummodo
1219 367 1586 418 meminerimus
1611 368 1861 420 Platonem
1901 373 2003 421 ani-

229 441 362 475 mum
400 428 447 475 in
484 433 585 478 tres
619 435 784 493 partes
813 430 1053 489 divisisse,
1093 429 1155 483 τὸ
1195 435 1533 503 λογιστικόν,
1572 434 1634 490 τὸ
1671 435 1920 506 θυμικὸν
1958 449 2004 492 et

229 491 289 547 τὸ
331 491 756 565 ἐπιθυμητικόν9
797 503 936 552 sicuti
970 503 1065 553 iam
1109 505 1160 554 in
1203 506 1429 558 Phaedro
1473 510 1602 560 fecit.
1667 512 1834 572 Itaque
1878 528 2005 563 unos

226 567 629 632 philosophorum
659 573 847 621 animos
874 576 1065 625 censuit
1090 576 1234 639 plane
1278 592 1302 626 a
1343 582 1566 645 corporis
1611 581 1721 632 labe
1759 584 2003 634 immunes

226 640 357 696 fieri,
397 656 521 705 quae
547 643 624 709 τῷ
659 644 887 711 θυμικῷ
914 651 961 694 et
985 646 1064 713 τῷ
1103 642 1486 719 ἐπιθυμητικῷ
1525 653 1693 718 utique
1720 653 1999 712 adhaereat,

225 711 288 760 ita
325 716 380 760 ut
414 711 503 761 diis
539 713 656 761 fiant
692 729 836 778 quam
865 716 1095 767 simillimi
1122 719 1328 782 ideoque
1357 723 1500 771 etiam
1531 725 1582 771 in
1610 723 1899 775 celsioribus
1924 742 2001 775 re-

224 780 452 843 gionibus
478 782 715 834 habitent.
770 786 908 844 Quod
936 786 1080 852 plane
1109 792 1336 840 convenit
1363 807 1471 842 cum
1502 795 1580 852 iis,
1619 811 1743 860 quae
1771 796 1820 845 in
1846 796 2001 846 Phae-

223 853 314 902 dro
353 852 413 902 de
449 850 647 905 coelesti
684 858 960 908 animorum
987 861 1163 911 itinere
1190 868 1480 921 narrantur,
1518 866 1568 913 in
1596 881 1692 930 quo
1723 865 1802 915 alii
1829 883 2000 917 eorum

219 924 408 974 ratione
444 925 570 976 duce
607 925 811 977 deorum
848 945 1025 981 currus
1061 931 1252 982 facilius
1279 941 1663 999 consequuntur,
1693 936 1771 986 alii
1797 944 2002 1001 propter

221 1010 400 1059 equum
428 995 724 1048 ferociorem
750 999 799 1049 h.
824 1015 867 1049 e.
890 1007 1094 1066 propter
1123 1005 1213 1053 vim
1242 1005 1344 1054 τοῦ
1373 999 1781 1073 ἐπιθυμητικοῦ
1807 1008 2001 1073 longius

219 1067 533 1117 retardantur
569 1085 625 1118 ac
661 1069 871 1136 denique
908 1071 1152 1125 fatiscunt.
1204 1075 1306 1126 Nec
1343 1093 1458 1126 vero
1496 1079 1543 1127 in
1582 1094 1640 1128 eo
1678 1079 1999 1138 haerendum,

220 1137 349 1203 quod
377 1139 454 1188 his
481 1140 596 1203 ipsis
624 1142 799 1197 animis
826 1144 970 1192 etiam
1002 1152 1135 1196 certa
1161 1146 1447 1198 tribuuntur
1474 1148 1732 1200 domicilia.
1788 1150 2002 1214 Apparet

220 1210 346 1259 enim
385 1215 558 1274 sponte
594 1211 643 1261 id
678 1228 777 1262 non
814 1218 1015 1278 proprio
1044 1232 1190 1267 sensu
1227 1220 1381 1283 accipi
1423 1226 1676 1284 oportere,
1707 1221 1791 1272 sed
1819 1222 1997 1287 allego-

166 1293 169 1295 *
218 1282 322 1330 rice
349 1281 530 1331 dictum
561 1297 684 1333 esse.
725 1283 1018 1347 Designatur
1060 1289 1186 1338 enim
1213 1290 1306 1339 vita
1345 1292 1494 1340 animi
1519 1292 1665 1355 plane
1693 1291 1848 1343 libera
1877 1300 1924 1344 et
1948 1296 1997 1343 in

218 1367 270 1401 se
307 1350 528 1402 absoluta
565 1353 809 1419 nullisque
847 1357 1055 1421 amplius
1082 1365 1208 1409 tacta
1237 1361 1457 1412 mortalis
1485 1364 1812 1414 concretionis
1838 1364 1996 1415 malis,

359 1437 540 1487 Verum
580 1439 653 1488 bis
699 1446 951 1505 utcunque
998 1444 1251 1507 explicatis
1288 1446 1417 1497 aliud
1466 1447 1756 1500 dilucidasse
1799 1450 1996 1501 iuvabit.

217 1507 357 1565 Quod
396 1509 524 1558 enim
561 1510 884 1574 philosophus
921 1516 1117 1579 scripsit
1161 1532 1267 1574 eOS,
1316 1520 1400 1582 qui
1436 1521 1567 1568 omni
1613 1535 1824 1585 corpore
1859 1523 1998 1572 vacui

216 1580 400 1636 vivant,
440 1582 629 1630 animos
664 1584 713 1632 in
752 1583 1025 1646 pulcriores
1060 1587 1220 1637 adhuc
1258 1591 1421 1639 venire
1458 1590 1615 1647 sedes,
1656 1607 1800 1656 quam
1828 1592 1998 1656 quales

215 1656 347 1700 terra
385 1667 563 1716 supera
601 1653 794 1710 habeat,
835 1671 1131 1719 quamquam
1170 1675 1251 1708 eas
1278 1660 1561 1711 describere
1586 1677 1717 1713 nunc
1744 1678 1835 1714 nec
1862 1669 2000 1714 vacet

213 1737 306 1771 nec
333 1721 565 1786 lubeat2),
594 1724 642 1774 id
669 1725 801 1775 haud
830 1729 1012 1777 scimus
1035 1744 1096 1778 an
1118 1730 1177 1779 ad
1199 1732 1477 1782 Phaedrum
1507 1732 1749 1798 dialogum
1778 1735 1997 1786 referen-

213 1793 329 1842 dum
358 1794 432 1843 sit.
486 1794 606 1844 Nam
640 1796 847 1846 multum
884 1799 1107 1862 profecto
1144 1818 1169 1850 a
1205 1809 1342 1852 recto
1370 1803 1745 1862 aberraverunt,
1785 1808 1866 1870 qui
1896 1808 1996 1870 pic-

212 1869 375 1914 turam
409 1866 626 1915 universi
660 1866 957 1926 fabularem‚
997 1871 1152 1935 qualis
1191 1874 1241 1921 in
1277 1873 1358 1923 illo
1394 1874 1521 1924 libro
1560 1876 1844 1934 exhibetur,
1885 1894 1996 1927 cum

210 1935 425 1999 imagine
460 1937 532 1986 rei
566 1938 617 1986 in
653 1938 917 1990 Phaedone
954 1945 1203 2006 proposita
1241 1947 1317 1994 vix
1355 1946 1607 1995 conciliari
1644 1962 1786 2008 posse
1813 1949 1993 1998 iudica-

214 2011 402 2056 verunt.
451 2007 713 2058 Enimvero
741 2012 1031 2073 significavit
1055 2014 1192 2064 Plato
1218 2015 1314 2065 hoc
1338 2017 1615 2067 Phaedonis
1642 2017 1749 2067 loco
1776 2016 1993 2081 philoso-

211 2077 425 2140 phorum
459 2080 650 2128 animos
687 2082 832 2131 etiam
871 2083 1121 2135 divinioris
1158 2085 1288 2135 illius
1324 2089 1447 2137 vitae
1485 2089 1589 2138 fieri
1627 2105 1770 2153 posse
1797 2092 1994 2152 partici-

210 2162 322 2210 peS‚
362 2164 488 2214 quae
513 2152 560 2199 in
588 2151 814 2202 Phaedro
843 2155 899 2204 iis
927 2157 1100 2205 animis
1127 2157 1385 2221 obtingere
1421 2160 1686 2216 indicatur,
1724 2162 1807 2225 qui
1832 2162 1994 2212 Iovem

211 2218 387 2269 ducem
414 2221 464 2269 in
493 2221 691 2271 coelesti
717 2222 892 2274 itinere
920 2225 1048 2276 felici
1076 2243 1225 2278 cursu
1253 2232 1507 2279 consecuti
1533 2231 1644 2284 sint.
1692 2231 1832 2290 Quod
1860 2234 1901 2282 si
1927 2234 1992 2283 ita

211 2297 308 2347 est,
349 2297 483 2341 certe
522 2292 845 2357 philosophus
882 2312 979 2346 non
1009 2298 1220 2349 obscure
1257 2301 1485 2350 indicavit
1511 2317 1605 2365 qua
1634 2304 1993 2354 necessitudine

209 2362 362 2426 mythi
387 2363 438 2412 in
466 2369 676 2429 utroque
704 2365 831 2416 libro
860 2371 1072 2419 enarrati
1098 2372 1226 2420 inter
1253 2387 1305 2421 se
1333 2374 1691 2423 contineantur.

352 2433 581 2485 Socrates
619 2437 718 2486 istis
755 2440 983 2490 omnibus
1019 2442 1257 2491 enarratis
1295 2443 1503 2507 denique
1539 2459 1720 2508 paucas
1756 2445 1989 2510 quasdam

209 2503 566 2556 admonitiones
602 2507 853 2573 subiungit
867 2507 930 2575 3),
970 2527 1095 2575 quae
1131 2528 1365 2576 quorsum
1405 2517 1681 2579 pertineant
1716 2522 1888 2580 sponte
1914 2518 1988 2565 in-

207 2573 467 2637 tellegitur.

347 2645 676 2710 Exposuimus
710 2651 858 2711 igitur
886 2653 1027 2702 etiam
1069 2653 1128 2703 de
1165 2654 1256 2702 hac
1283 2661 1421 2715 parte
1449 2655 1625 2718 dialogi
1653 2655 1873 2706 fabulosa
1901 2658 1986 2715 sic,

209 2720 261 2764 ut
294 2716 388 2765 iam
425 2717 485 2765 de
524 2719 627 2767 eius
662 2723 900 2771 sententia
938 2724 1159 2774 videatur
1187 2725 1374 2774 facilius
1403 2741 1510 2775 esse
1546 2727 1793 2777 iudicium.
1846 2729 1988 2778 Vide-

208 2801 319 2834 mur
355 2792 515 2837 autem
554 2804 685 2839 nunc
722 2796 856 2841 tanto
893 2795 1215 2844 confidentius
1253 2811 1533 2846 asseverare
1568 2813 1712 2861 posse
1737 2798 1856 2847 nihil
1883 2800 1988 2850 fere

206 2858 438 2921 reperiri,
479 2861 608 2923 quod
644 2862 960 2925 peculiariter
996 2866 1055 2914 ad
1092 2867 1351 2928 imaginem
1388 2870 1620 2931 sapientis
1666 2870 1712 2918 in
1759 2875 1988 2920 aeternae

206 2929 422 2978 veritatis
458 2930 771 2983 meditatione
809 2934 953 2984 defixi
990 2942 1135 3001 atque
1162 2936 1441 3003 philosophi
1469 2941 1691 3001 germani
1718 2955 1856 2990 more
1882 2957 1987 2990 mo-

205 2998 408 3050 ribundi
433 3002 532 3051 sive
561 3004 921 3055 informandam
951 3008 1050 3056 sive
1078 3010 1514 3059 consunnnandam
1542 3010 1798 3073 pertineat.
1846 3012 1986 3070 Quod

206 3071 335 3119 enim
372 3072 575 3122 docetur
610 3074 1127 3142 benefactis‘·praemia
1156 3086 1202 3129 ct
1230 3079 1495 3131 malefactis
1523 3097 1705 3145 poenas
1733 3097 1838 3132 esse
1868 3098 1982 3132 con-

321 3265 362 3318 1)
395 3267 567 3319 Ritter,
602 3269 767 3310 Gesch.
801 3271 843 3310 d.
876 3271 1047 3315 Philos.
1081 3274 1141 3315 Il.
1176 3286 1216 3324 p.
1249 3274 1331 3314 427
1364 3287 1443 3327 sq„
1479 3274 1718 3326 SusemihL
1752 3276 1981 3317 Prodrom.

204 3337 247 3375 p.
282 3324 355 3375 19,
390 3323 552 3365 Genet.
587 3326 832 3370 Entwickl.
864 3327 903 3367 d.
937 3329 1050 3380 plat.
1092 3328 1262 3373 Philos.
1297 3332 1330 3371 I.
1365 3344 1406 3385 p.
1439 3334 1543 3384 461,
1584 3331 1836 3384 Steinhart‚
1874 3334 1979 3374 Ein-

202 3379 383 3433 leitung
414 3393 512 3420 zum
546 3382 712 3426 phaed.
751 3397 788 3436 p.
823 3385 918 3425 455.

318 3435 360 3486 2)
394 3437 505 3490 Pag.
539 3439 619 3478 114
643 3440 692 3479 C.

317 3490 358 3544 3)
392 3492 505 3547 Pag.
544 3496 623 3534 114
644 3496 750 3539 DE.
