2222 3762
1626 145 1745 196 XX
1753 145 1799 196 V

108 290 417 344 coniectura
457 290 541 358 ²¹²),
598 287 723 341 inde
762 288 829 341 ab
870 287 971 341 hoc
1009 285 1348 357 potissimum
1386 292 1625 356 tempore
1665 286 1796 338 scri-

107 362 236 416 bere
263 358 367 413 'aut
400 361 589 413 saltem
627 358 783 411 edere
820 359 1002 428 coepit
1039 356 1421 424 Theaetetum,
1464 356 1796 428 Sophistam,

109 431 426 499 Politicum,
469 429 882 491 Parmenidem,
920 432 976 483 in
1014 429 1213 498 quibus
1251 427 1401 480 libris
1441 427 1796 481 scientiae

106 503 451 557 rationem
491 502 910 571 explicavit,
961 508 1125 570 atque
1165 498 1560 552 doctrinam
1611 498 1797 550 idea-

106 595 248 627 rum
301 573 727 645 argumentis
777 573 1197 626 confirmare
1251 579 1305 623 et
1352 570 1419 623 ab
1457 570 1796 624 adversario-

105 665 244 713 rum,
283 645 542 716 imprimis
580 644 1003 716 Megaricorum,
1043 641 1479 698 dubitationibus
1517 641 1796 694 vindicare

107 716 319 771 studuit
366 716 462 785 Μ’).
550 714 875 785 Quanquam
923 714 1041 767 fieri
1087 722 1299 786 potest,
1351 721 1413 764 ut
1461 712 1562 766 hos
1609 713 1794 777 libros,

106 788 272 840 sicuti
309 786 609 842 Theaeteto
647 788 848 839 factum
889 786 1132 854 videtur,
1184 786 1290 837 iam
1330 784 1575 856 Megaris
1616 784 1672 836 in
1709 783 1797 835 lit-

105 867 250 912 teras
289 859 562 923 retulerit3
602 859 748 929 quod
783 866 963 911 tamen
1004 857 1178 915 minus
1217 856 1485 908 affirmare
1512 855 1699 910 licebit
1730 854 1797 907 de

106 930 340 983 Politico
380 937 436 982 et
473 929 812 997 parmenide,
861 930 955 998 qui
995 928 1337 999 disciplinam
1376 927 1798 999 Pythagoricam

108 1002 346 1073 sapiunt.
423 1001 594 1055 Porro
632 1000 758 1053 inde
796 1001 862 1054 ab
902 1000 1006 1053 hoc
1043 1007 1284 1070 tempore
1324 999 1558 1052 animum
1600 997 1800 1053 adiecit

108 1073 269 1131 etiam
321 1071 390 1125 ad
437 1070 787 1128 illustrandas
839 1089 931 1124 eas
968 1069 1345 1142 philosophiae
1385 1069 1596 1140 partes»,
1639 1087 1796 1140 quae,

109 1143 365 1214 quoniam
413 1141 482 1197 ad
535 1144 702 1195 vitam
736 1142 1023 1195 humanam
1063 1149 1225 1210 atque
1263 1160 1440 1195 rerum
1479 1141 1800 1193 universita-

106 1222 214 1269 tem
250 1214 582 1282 referuntur,
634 1214 825 1266 merito
872 1211 1183 1266 iudicantur
1229 1213 1391 1283 longe
1433 1212 1799 1282 gravissimae.

109 1283 295 1353 Quum
330 1285 471 1339 enim
507 1285 564 1338 in
600 1285 724 1353 illis,
773 1304 910 1354 quas
951 1283 1017 1337 de
1053 1284 1298 1340 idearum
1336 1283 1586 1336 doctrina
1625 1282 1800 1352 deque

108 1356 339 1414 scientia
373 1356 712 1425 instituerat,
753 1355 1203 1410 meditationibus
1242 1363 1296 1408 et
1334 1354 1802 1410 commentationi-

108 1428 210 1481 bus
244 1426 472 1481 ideam
510 1427 746 1481 summi
785 1427 948 1481 boni
986 1427 1278 1498 reperisset
1312 1426 1494 1493 talem,
1538 1445 1676 1495 quae
1715 1444 1796 1478 ce-

107 1508 253 1552 teras
291 1519 476 1553 omnes
514 1500 712 1552 virtute
753 1518 816 1552 ac
853 1498 1188 1570 praestantia
1226 1518 1325 1551 sua
1362 1505 1643 1566 superaret
1683 1497 1802 1549 lon-

107 1571 326 1642 gissime
365 1569 612 1640 adeoque
650 1589 740 1636 eas
789 1571 998 1624 ambitu
1037 1589 1137 1623 suo
1178 1570 1629 1641 complecteretur
1667 1569 1801 1639 ***),

108 1641 241 1711 quid
286 1644 341 1695 in
391 1642 535 1695 vita
593 1642 1038 1714 singulorum
1105 1641 1483 1700 hominum,
1554 1641 1610 1693 in
1674 1659 1804 1694 con—

109 1712 399 1767 stituendis
467 1712 832 1786 regendisque
899 1713 1364 1780 civitatibus,
1450 1711 1683 1782 denique
1747 1713 1803 1764 in

108 1785 438 1839 universa
471 1805 696 1838 rerum
736 1796 983 1838 natura
1020 1786 1284 1855 optimum
1322 1791 1496 1851 esset,
1556 1783 1800 1854 peculia-

108 1857 261 1910 ribus
299 1856 554 1927 operibus
595 1855 974 1927 explicandum
1015 1856 1118 1910 sibi
1157 1857 1377 1922 sumsit,
1417 1854 1582 1925 idque
1620 1874 1685 1908 eo
1725 1855 1804 1908 fe-

110 1928 185 1981 cit
221 1927 418 1995 mod0,
473 1935 530 1980 ut
567 1947 688 1981 cum
723 1947 900 1981 rerum
928 1927 1166 1994 civilium
1205 1927 1573 1999 cognitionem
1610 1947 1713 1980 usu
1752 1935 1806 1979 et

114 1999 447 2071 experientia
484 2007 869 2070 comparatam,
907 2007 1023 2052 tum
1061 1998 1280 2052 decreta
1315 1998 1805 2070 Pythagoreorum,

112 2090 342 2140 quorum
396 2070 693 2141 pleniorem
740 2072 988 2124 notitiam
1034 2071 1090 2123 in
1140 2071 1300 2124 Italia
1349 2071 1679 2140 accepisset,
1737 2069 1807 2123 ad

112 2161 203 2194 eas
243 2140 639 2211 disputationes
679 2141 979 2195 adhiberet.
1054 2141 1289 2212 Scripsit
1336 2142 1504 2213 igitur
1540 2141 1634 2194 illo
1672 2153 1808 2194 tem-

153 2232 243 2265 ore
293 2213 456 2264 etiam
504 2212 825 2279 Philebum,
883 2212 1163 2280 Politiam,
1217 2213 1526 2279 Timaeum,
1580 2231 1809 2281 quorum

112 2233 371 2336 librorum
409 2291 519 2335 tam
557 2291 706 2336 arcta
744 2283 1055 2335 coniunctio
1098 2293 1212 2350 est,
1252 2292 1315 2337 ut
1352 2284 1488 2336 alius
1526 2283 1689 2338 alium
1725 2284 1807 2335 in-

114 2362 200 2406 tra
248 2355 509 2423 temporis
557 2355 793 2424 spatium
842 2373 951 2412 non
988 2352 1123 2406 adeo
1164 2354 1478 2408 diuturnum
1527 2354 1807 2425 excepisse

115 2423 378 2478 videatur.
465 2425 606 2479 Nam
656 2426 711 2478 in
762 2424 994 2479 Philebo
1055 2425 1274 2494 quidem
1322 2425 1578 2494 docetur,
1633 2425 1806 2494 qualis

180 2683 221 2733 ⁶)
253 2681 376 2731 Quae
406 2682 478 2723 hic
509 2688 552 2722 et
581 2682 687 2722 alibi
720 2682 772 2721 de
804 2687 1013 2733 tempore,
1047 2694 1131 2733 quo
1164 2680 1313 2731 scripti
1344 2680 1431 2720 sint
1460 2684 1560 2724 libri
1583 2683 1805 2734 Platonis,

256 2747 299 2781 et
327 2742 380 2781 de
411 2741 579 2786 ordine,
612 2753 696 2792 quo
729 2752 775 2780 se
807 2740 1081 2791 exceperint,
1121 2739 1462 2791 disputavimus,
1506 2754 1557 2782 ea
1596 2742 1806 2794 quoniam

257 2799 496 2850 longiorem
527 2799 756 2850 requirunt
785 2798 1126 2848 disputationem
1157 2808 1287 2847 quam
1325 2801 1374 2835 ut
1413 2797 1495 2838 hoc
1533 2800 1633 2840 loeo
1665 2799 1808 2851 possit

255 2857 539 2908 pertractari,
574 2856 677 2895 alibi
711 2856 931 2907 copiosius
962 2854 1298 2903 inusti-abimus,
1339 2857 1488 2905 paucis
1523 2870 1638 2896 nunc
1670 2869 1806 2908 expo-

256 2927 360 2954 nere
400 2915 541 2954 visum
581 2920 671 2963 est,
710 2919 759 2952 ut
798 2925 1157 2963 cognosceremus
1194 2911 1358 2951 iudicia
1388 2915 1581 2954 virorum
1612 2916 1806 2955 erudito—

255 2985 367 3022 rum,
400 2972 472 3023 qui
505 2976 547 3010 et
579 2971 803 3011 Platonem
836 2971 1068 3022 diligenter
1098 2970 1478 3019 lectitassent,
1509 2985 1652 3024 neque
1682 2985 1808 3024 prae·

259 3030 472 3069 iudicatas
504 3029 585 3068 hac
615 3029 660 3068 in
691 3041 848 3067 caussa
877 3033 1161 3080 sequerentur
1196 3027 1440 3079 opiniones.

164 3086 224 3137 **)
254 3086 562 3126 Parmenidem
599 3099 687 3126 non
724 3086 920 3137 potuisse
962 3086 1094 3125 scribi
1133 3093 1234 3126 ante
1273 3085 1441 3138 Olymp.
1482 3086 1647 3125 XCIV.
1686 3087 1721 3126 Ι.
1767 3099 1806 3125 a.

260 3143 361 3187 404.
394 3157 433 3184 a.
468 3144 571 3182 Chr.
602 3157 645 3183 n.
676 3149 795 3195 patet
826 3156 848 3182 e
880 3144 975 3182 loco
1006 3156 1046 3195 p.
1081 3143 1178 3186 127.
1214 3145 1279 3194 D.‚
1312 3145 1386 3183 ubi
1417 3145 1578 3183 mentio
1611 3144 1809 3184 iniicitur

259 3203 445 3254 triginta
481 3207 777 3253 tyrannorum.
845 3201 915 3240 Ex
957 3201 1109 3241 eodem
1152 3206 1295 3241 autem
1338 3202 1431 3242 loco
1479 3202 1661 3253 colligas
1711 3212 1808 3242 eum

262 3261 487 3313 aliquanto
519 3264 621 3311 post
649 3271 742 3298 esse
773 3258 1084 3309 compositum.'

148 3315 232 3365 '‘¹''*)
268 3317 314 3358 V.
352 3318 406 3357 de
441 3316 622 3369 Republ.
663 3316 737 3355 VI.
783 3329 823 3368 p.
854 3315 953 3359 506.
988 3317 1045 3355 A.
1078 3329 1171 3368 sqq.
1203 3315 1305 3356 VII.
1336 3328 1378 3366 p.
1410 3313 1508 3358 417.
1539 3313 1590 3353 Β.
1631 3327 1725 3366 sqq.
1767 3318 1808 3351 et

267 3374 469 3426 Prolegg.
501 3375 557 3414 ad
592 3373 756 3414 Phileb.
793 3387 831 3425 p.
851 3373 1089 3415 LXXVII.
1110 3386 1206 3426 sqq.
1241 3380 1282 3412 et
1315 3369 1411 3413 XC.
1435 3381 1500 3424 sq⁴
1532 3372 1601 3411 ad.
1635 3371 1666 3410 Ι.
1684 3368 1804 3419 Lips.
