2158 3718
809 98 1071 143 PHAEno
1102 113 1147 156 p.
1169 101 1239 143 74.
1808 98 1907 152 147

137 260 250 309 τοι,
298 239 434 294 ὅταν
479 260 562 303 τις
604 241 770 292 τοῦτο
818 238 973 310 πάθῃ
1019 237 1148 308 περὶ
1197 238 1412 307 ἐκεῖνα,
1465 235 1502 290 α’
1549 235 1660 290 ὑπὸ
1698 238 1908 307 χρόνου

106 325 231 377 ’καὶ
266 328 369 378 τοῦ
405 322 479 394 μὴ
519 324 846 378 ἐπισκοπεῖν
889 323 996 393 ἤδη
1037 323 1394 392 έπελέληστο;
1435 322 1603 375 Πάνυ
1640 323 1744 392 μὲν
1781 316 1907 390 οὖν,

132 410 256 478 ἔφη.
342 411 412 461 Τί
454 408 539 472 δέ;
588 401 626 477 ἦ
662 406 714 460 δ’
755 407 839 471 ὃς·
882 410 1035 462 ἔστιν
1070 408 1244 461 ἵππον
1288 407 1677 477 γεγραμμένον
1715 406 1908 460 ἰδόντα

132 492 226 545 καὶ
274 491 456 562 λύραν
499 493 891 562 γεγραμμένην
943 491 1254 564 άνθρσόπου
1302 490 1735 562 ἀναμνησθῆναι
1749 532 1765 560 ,
1815 491 1908 544 καὶ

132 578 382 646 Σιμμίαν
437 575 631 630 ἰδόντα
685 580 1073 648 γεγραμμένον
1127 578 1375 646 Κέβητος
1440 574 1904 646 ἄναμνησθῆναι;

130 660 299 713 Πάνυ
334 679 416 729 γε.
473 659 704 714 Οὐκοῦν
742 663 835 715 καὶ
861 665 1110 733 Σιμμίαν
1149 660 1343 716 ἰδόντα
1378 660 1766 732 γεγραμμένον
1803 658 1910 714 αὐ-

131 748 234 798 τοῦ
274 746 522 815 Σιμμίου
560 743 1020 817 άναμνησθῆναι;
1044 746 1203 800 ’Ἐστι
1240 747 1457 816 μέντοι,
1498 748 1625 816 ἔφη.

272 832 387 899 Cap.
427 833 551 884 XIX.
596 823 712 897 Ἆρ’
754 824 860 885 οὖν
898 831 967 885 οὐ
1004 829 1146 885 κατὰ
1181 830 1363 884 πάντα
1399 834 1576 884 ταῦτα
1615 830 1907 901 ξυμβαίνει

128 911 233 984 τὴν
279 914 595 985 άνάμνησιν
651 912 794 969 εἶναι
841 917 945 986 μὲν
982 915 1084 985 ἀφ’
1124 913 1352 985 ὁμοίων,
1394 911 1639 968 εἷναιδὲ
1677 915 1770 968 καὶ
1809 912 1905 968 ἀπ’

130 996 439 1069 άνομοίων;
485 1001 812 1069 Ξυμβαίνει.
884 999 1032 1053 Ἀλλ’
1083 998 1220 1053 ὅταν
1266 1019 1331 1067 γε
1377 996 1486 1052 άπὸ
1533 1003 1650 1052 τῶν
1696 997 1908 1069 ὁμοίων

128 1082 617 1154 άναμιμνήσκηταί
659 1087 740 1147 τίς
784 1104 866 1154 τι,
916 1078 1010 1155 ἆρ’
1061 1082 1168 1138 οὐκ
1216 1083 1526 1152 άναγκαῖον
1571 1083 1701 1137 τόδε
1737 1101 1908 1154 προς-

129 1167 384 1237 πάσχειν,
426 1169 665 1238 ἐννοεῖν,
706 1173 816 1222 εἴτε
852 1189 905 1222 τι
945 1170 1190 1223 ἐλλείπει
1215 1171 1382 1222 τοῦτο
1410 1165 1550 1221 κατὰ
1574 1165 1678 1237 τὴν
1717 1165 1908 1238 ὁμοιό-

127 1271 264 1322 τητα
321 1256 430 1306 εἴτε
485 1251 558 1323 μὴ
617 1254 840 1307 ἐκείνου
853 1294 869 1322 ,
927 1245 1001 1306 οὗ
1055 1251 1408 1323 άνεμνήσθη;
1465 1252 1720 1322 Ἀνάγκη,
1778 1254 1904 1322 ἔφη.

129 1337 344 1391 Σκόπει
393 1331 575 1408 δή,.ἧ
613 1337 665 1391 δ’
706 1336 796 1407 ὅς,
849 1338 899 1391 εἰ
931 1341 1108 1391 ταῦτα
1146 1335 1328 1400 οὕτως
1365 1339 1493 1406 ἔχει.
1572 1337 1758 1407 φαμέν
1794 1337 1908 1391 πού

127 1441 181 1475 τι
219 1418 363 1476 εἶναι
402 1427 555 1492 ἴσον,
604 1421 673 1476 οὐ
720 1423 891 1487 ξυζλον
930 1422 1072 1491 λέγω
1112 1421 1296 1494 ξύλῳ,
1346 1419 1480 1476 οὐδὲ
1526 1424 1695 1475 λίθον
1740 1424 1905 1493 λίθῳ,

241 1581 290 1622 Ε.
338 1572 448 1636 ἤδη
479 1575 852 1636 ἐπελέληστο]
885 1583 992 1624 Ven.
1017 1582 1177 1623 HPar.
1202 1583 1219 1622 I
1243 1574 1518 1635 ἐπιλέληστο
1541 1586 1770 1634 augmento
1791 1592 1907 1621 more

128 1639 362 1679 Atticorum
393 1639 571 1688 omisso;
601 1639 713 1679 conf.
745 1652 788 1692 p.
813 1640 867 1680 68
888 1640 942 1680 Α.
982 1639 1087 1679 Dein
1115 1638 1248 1682 Bekk.
1280 1652 1303 1679 e
1332 1637 1462 1679 Coisl.
1495 1638 1622 1679 vind.
1647 1637 1687 1679 Φ
1717 1638 1832 1679 dedit
1860 1637 1911 1679 τί

129 1693 241 1749 δαίς
266 1694 352 1736 Sed
372 1695 484 1735 clare
504 1695 623 1738 Bodl.
643 1697 747 1737 Tub.
770 1696 842 1736 alii
863 1691 935 1738 δέ.

240 1766 287 1810 P.
310 1767 376 1807 74.
411 1759 565 1807 εἶναι
594 1779 699 1832 μεν
712 1759 826 1832 αφ’
850 1759 934 1820 ὀμ.
939 1764 954 1817 ]
978 1765 1125 1819 Steph.
1149 1779 1246 1806 cum
1266 1766 1360 1809 Par.
1382 1766 1415 1805 E
1439 1760 1566 1807 εἶναι
1587 1758 1677 1819 τὴν
1697 1778 1788 1819 μεν
1807 1756 1906 1818 ἀφ’

131 1814 326 1887 ὁμοίων,
348 1816 436 1876 τὴν
458 1818 512 1865 δὲ
533 1820 617 1864 καὶ
639 1815 725 1863 απ’
748 1836 825 1865 αν.
868 1823 1074 1866 Pessime.

243 1871 416 1931 ξύλον
446 1875 587 1934 λέγω
617 1873 782 1935 ξύλῳ]
809 1879 956 1933 Steph.
980 1892 1075 1919 cum
1096 1879 1190 1922 Par.
1213 1880 1246 1918 E
1269 1872 1412 1930 ξύλον
1435 1872 1556 1931 ξύλῳ
1579 1874 1711 1943 λέγω,
1753 1878 1856 1918 Dein
1883 1892 1904 1917 e

128 1935 246 1976 Bodl.
278 1936 374 1976 Vat.
395 1894 541 1980 Vinci:y
549 1936 587 1978 Φ
616 1938 709 1979 Par.
736 1937 770 1978 G
799 1937 945 1979 Ambr.
966 1936 1078 1978 Flor.
1101 1936 1128 1976 d
1160 1942 1305 1976 etiec.
1331 1937 1438 1976 Ven.
1464 1935 1626 1976 Hdedi
1653 1926 1763 1975 οὐδ’
1786 1925 1902 1976 ἄλλο

128 2006 189 2033 τι.
229 1991 370 2045 Vulgo
392 2006 437 2034 τι
459 1994 594 2037 abest.
618 2006 661 2038 v.
685 1993 739 2033 ad
759 2006 857 2047 pag.
880 1994 933 2034 65
957 1993 1004 2032 Ε.
1047 1992 1194 2034 Omisit
1215 2006 1259 2033 τι
1280 1992 1420 2035 Herm.
1443 2004 1538 2031 cum
1561 1991 1769 2045 Bodl.p1

1061 2133 1157 2185 equi
1188 2134 1251 2173 vel
1282 2134 1422 2186 pictae
1450 2132 1566 2185 lyrae
1594 2132 1903 2173 reminiscimur

183 2133 232 2173 E.
264 2125 373 2174 ὑπὸ
403 2126 612 2188 χρόνου
640 2131 739 2175 καὶ
767 2132 866 2175 τοῦ
898 2127 970 2187 μὴ

1059 2190 1235 2230 alicuius
1257 2189 1441 2229 hominis
1475 2198 1515 2228 et
1532 2188 1729 2229 Simmiae
1750 2189 1903 2242 imagi-

130 2182 370 2243 ἑπισκᾙ
370 2203 399 2230 1.
421 2203 462 2231 e.
483 2191 972 2243 proptertemporis

130 2247 537 2287 diuturnitatem
594 2253 641 2287 et
687 2254 972 2300 propterea

129 2303 266 2368 quod
299 2311 378 2346 ete

187 2351 368 2412 αύτοῦ
429 2357 711 2414 Σιμμίου]
774 2359 972 2400 Simmias

128 2416 220 2468 ipse
249 2417 386 2481 pictae
416 2417 507 2457 eius
531 2417 707 2469 imagini
728 2417 968 2481 opponitur.

130 2472 237 2512 Male
258 2473 384 2525 igitur
405 2473 528 2514 codd.
554 2473 745 2513 nonnulli
766 2461 830 2513 αὖ
849 2471 947 2515 τοῦ.

187 2528 290 2600 Cap.
301 2528 418 2572 XIX.
439 2530 484 2572 Ρ.
495 2531 561 2572 74.
583 2532 736 2571 ειναι
754 2542 856 2583 μεν
873 2542 948 2582 αφ

129 2578 342 2652 ὁμοίῳν
362 2607 415 2616 --
438 2578 772 2640 άνομοίωνς]
806 2586 970 2626 Etenim

128 2634 220 2695 ἀφ’
260 2636 436 2696 ὁμοίων
484 2643 530 2683 fit
578 2643 826 2694 recordatio,
877 2655 970 2683 cum

131 2699 319 2739 eiusdem
339 2701 414 2751 rei,
438 2711 548 2751 quae
568 2700 764 2740 sensibus
788 2706 851 2740 est
871 2712 970 2764 per—

131 2762 264 2808 cepta,
294 2757 490 2824 cogitatio
520 2757 612 2796 sive
639 2757 734 2797 idea
764 2757 805 2796 in
828 2757 970 2796 animo

132 2813 304 2877 oritur,
307 2813 372 2853 vel
405 2805 488 2854 ἐάν
515 2812 588 2860 τίς
617 2827 661 2854 τι
682 2808 911 2876 πρότερον
940 2802 971 2865 ἢ

132 2859 304 2909 maiust*
272 2881 302 2920 η
325 2861 533 2932 ακούσας
554 2861 586 2922 ἥ
607 2883 715 2911 τινα
733 2861 880 2937 α”λλην
898 2867 970 2909 αἴ-

131 2923 311 2992 σθησιν
353 2917 513 2978 λαβὼν
534 2919 730 2994 μόνον
779 2919 971 2967 έκεῖνο

132 2978 242 3035 γνῷ
267 2972 471 3032 (εκείνου
492 2974 581 3033 τὴν
602 2977 794 3023 ἔννοιαν
815 2976 970 3036 λάβῃ),

134 3044 179 3076 ut
206 3044 290 3103 ’,εει
312 3049 440 3089 supra
474 3048 515 3088 p.
538 3040 590 3078 73
614 3037 659 3082 C
703 3038 787 3078 Sed
824 3039 971 3078 eadem

133 3085 218 3134 απ’
260 3091 500 3147 ανομοιων
540 3093 833 3157 proficiscitur,
875 3107 972 3134 cum

134 3148 232 3203 (per
259 3150 393 3202 legem
431 3150 724 3190 associationis
759 3150 972 3204 idearum)

135 3206 311 3246 alicuius
334 3207 395 3246 rei
425 3206 697 3260 perceptione
717 3208 911 3259 cogitatio
936 3220 970 3250 s,

134 3263 229 3302 idea
250 3263 311 3302 rei
332 3263 526 3303 diversae
549 3263 774 3314 excitatur,
804 3271 850 3303 ut
878 3277 972 3303 cum

135 3319 257 3371 lyrae
288 3319 489 3372 adspectu
531 3321 572 3359 iu
614 3325 754 3359 mente
790 3321 975 3359 nascitur

134 3376 274 3428 imago
316 3388 364 3415 ac
404 3377 570 3430 species
611 3376 749 3429 pueri,
793 3377 861 3426 qui
903 3376 975 3416 illa

135 3444 240 3472 usus
262 3442 344 3481 est,
375 3441 447 3473 aut
469 3446 560 3473 cum
585 3434 624 3472 in
647 3432 849 3485 adspectu
873 3432 973 3484 picti

1060 2259 1156 2285 nem
1186 2246 1497 2311 conspicientes
1528 2257 1611 2285 non
1641 2246 1766 2286 modo
1790 2245 1903 2286 Sim-

1058 2303 1167 2342 miae
1203 2303 1338 2355 ipsius
1371 2302 1448 2342 sed
1481 2302 1607 2341 etiam
1631 2302 1798 2342 Cebetis
1833 2314 1900 2341 re-

1059 2359 1304 2410 cordamur,
1335 2358 1448 2426 quod
1476 2357 1671 2399 Socrates
1699 2370 1835 2424 supra
1855 2371 1897 2424 p

1061 2417 1112 2456 73
1135 2414 1167 2456 C
1196 2416 1360 2456 dicebat
1378 2407 1550 2480 ε’τερόν
1579 2403 1745 2467 τι,οὖ
1774 2407 1840 2468 μὴ
1869 2408 1899 2468 ἡ

1058 2464 1179 2539 αὐτὴ
1222 2465 1469 2538 ἐπιστήμη.
1519 2471 1580 2511 De
1622 2446 1747 2512 εἶναι
1786 2473 1902 2524 apud

1057 2525 1145 2582 μέν
1175 2551 1226 2556 -
1257 2523 1312 2569 δέ
1354 2529 1530 2581 repetito
1572 2541 1613 2570 v
1638 2528 1816 2581 Viger.
1861 2540 1899 2580 p.

1058 2587 1140 2627 534
1162 2593 1201 2625 et
1222 2597 1321 2626 ann.
1346 2585 1519 2624 Reizii
1541 2596 1582 2628 n.
1606 2585 1703 2627 335.

1114 2662 1248 2711 τόδε
1283 2662 1704 2737 προςπάσχειν,
1737 2661 1899 2710 ἒννο-

1060 2740 1080 2768 ε
1092 2743 1108 2768 ι
1096 2725 1161 2793 ν]
1181 2727 1241 2767 De
1257 2726 1337 2767 hoc
1353 2725 1558 2766 infinitivo
1577 2718 1901 2779 ἐπεξηγήσεως

1058 2778 1197 2838 χάριν
1221 2784 1411 2824 subiecto
1432 2782 1530 2822 vide
1552 2782 1604 2822 ad
1628 2795 1671 2835 p.
1698 2783 1749 2822 72
1771 2782 1817 2830 Β,
1847 2782 1901 2821 ad

1059 2840 1240 2894 Apolog.
1262 2853 1304 2892 p.
1329 2838 1382 2880 37
1405 2839 1439 2879 D
1463 2846 1502 2879 et
1523 2839 1578 2879 ad
1600 2838 1755 2879 Criton.
1780 2851 1821 2891 p.
1844 2839 1901 2878 45

1058 2897 1104 2937 E.
1146 2897 1253 2936 Male
1284 2895 1587 2949 Stephanus
1628 2888 1681 2936 τὸ
1717 2887 1900 2936 ἐννοεῖν

1059 2953 1186 2993 scribi
1206 2953 1391 2994 volebat.

1118 3035 1237 3078 εἴτε
1274 3051 1326 3078 τι
1363 3030 1619 3078 ἐλλείπει
1655 3033 1900 3074 τοῦτο-

1060 3087 1306 3146 ἐκείνου]
1339 3094 1380 3136 11.
1407 3107 1442 3133 e.
1474 3091 1731 3138 namhoc,
1764 3090 1900 3141 quod

1059 3151 1120 3190 ad
1142 3151 1545 3190 similitudinem
1567 3146 1898 3199 attinet,illo

1062 3206 1299 3246 nonnihil
1351 3206 1590 3247 deterius
1643 3204 1725 3243 sit.
1794 3202 1899 3243 Nam

1061 3257 1613 3308 ε’λλείπειντίτινος
1636 3267 1700 3300 est
1721 3259 1898 3310 aliquo

1062 3333 1179 3359 esse
1219 3320 1266 3358 in
1307 3319 1482 3370 aliqua
1511 3330 1564 3357 re
1594 3316 1899 3356 inferiorem

1062 3375 1127 3415 vel
1161 3376 1488 3415 deteriorem.
1520 3388 1559 3415 v.
1583 3373 1675 3413 Alc.
1702 3374 1730 3413 1.
1753 3385 1794 3423 p.
1822 3371 1899 3410 122

1065 3432 1093 3471 c
1106 3432 1150 3473 ι).

1457 3499 1563 3550 10*

1938 758 1992 799 74
