2158 3718
1775 128 1874 187 109

769 133 1027 186 PHAEDO
1047 129 1104 194 p.
1134 138 1204 179 64.

107 262 221 336 των
258 279 351 335 και
386 277 517 343 τοὺς
563 276 768 341 ἄλλους
815 273 1245 347 καλλωπισμούς
1289 273 1417 337 τοὺς
1454 274 1582 344 περὶ
1617 271 1679 328 τὸ
1718 277 1876 344 σῶμα

109 367 352 437 πότερον
389 368 554 436 τιμᾶν
581 380 673 418 σοι
699 363 902 416 δοκεῖ
878 363 912 432 η’
939 360 1233 432 ἀτιμάζειν,
1273 358 1408 413 καθ’
1437 358 1572 413 ὅσον
1598 357 1670 429 μὴ
1698 358 1877 428 πολλὴ
1901 376 1932 415 Ε

109 449 322 521 ἀνάγκη
359 450 605 521 μετέχειν
642 445 857 513 αὐτῶν,
894 447 1191 517 Ἀτιμάζειν
1228 447 1413 515 ἔμοιγε
1451 445 1631 513 δοκεῖ,
1671 446 1876 513 ἔφη,ο

109 556 174 604 γε
210 557 285 599 ως
321 533 544 604 ἀληθῶς
582 533 911 603 φιλόσοφος.
969 530 1197 605 Οὐκοῦν
1234 529 1378 605 ὅλως
1414 530 1572 583 δοκεῖ
1605 543 1711 598 σοι,
1750 531 1877 598 ἔφη,

109 618 142 690 ἡ
181 623 284 674 τοῦ
321 619 582 673 τοιούτου
620 620 967 688 πραγματεία
993 615 1062 671 οὐ
1088 613 1302 686 περὶτὰ
1341 618 1498 684 σῶμα
1538 610 1699 684 εἶναι,
1738 611 1880 666 ἀλλά

111 703 244 758 καθ’
283 702 420 757 ὅσον
459 703 694 756 δυ’ναται
733 702 1045 772 ἀφεστάναι
1082 699 1277 769 αὐτοῦ,
1317 700 1457 769 πρὸς
1483 698 1672 769 δὲτὴν
1697 695 1881 767 ψυχὴν

111 789 450 860 τετράφθαι;
492 787 735 858 ’Ἐμοιγε

112 873 298 937 ούτοις
343 873 511 942 δῆλός
559 873 712 926 ἐστιν
760 871 789 925 ὁ
838 871 1150 940 φιλόσοφος
1188 869 1454 923 ἀπολύων
1492 867 1524 922 ὅ
1559 891 1611 922 τι
1647 869 1883 939 μάλιστα

111 956 214 1027 τὴν
250 956 436 1027 ψυχὴν
474 955 581 1010 ἀπὸ
619 961 715 1025 τῆς
751 961 851 1009 τοῦ
890 956 1141 1024 σώματος
1168 951 1463 1016 κοινωνίας
1502 955 1883 1024 διαφερόντως

111 1062 227 1096 των
263 1040 453 1095 ἄλλων
489 1040 836 1110 ἀνθρώπων;
888 1042 1170 1093 Φαίνεται.
1248 1039 1358 1091 Και
1397 1039 1556 1091 δοκεῖ
1588 1039 1799 1108 δήπου,
1839 1031 1885 1090 ω

114 1129 343 1197 Σιμμία,
381 1134 496 1190 τοῖς
533 1129 760 1188 πολλοις
797 1123 1138 1195 ἀνθρώποις,
1178 1115 1223 1195 ᾧ
1258 1124 1433 1193 μηδεν
1470 1120 1580 1194 ἡδὺ
1615 1143 1730 1176 των
1767 1143 1884 1177 τοι-

227 1287 275 1328 Ρ.
297 1287 365 1330 65.
399 1279 604 1340 δήπου]
629 1284 698 1325 Sic
719 1285 837 1327 Bodl.
861 1297 913 1338 γε
935 1277 1092 1338 δήπου
1113 1284 1217 1326 Tub.
1270 1282 1405 1323 Ceteri
1427 1296 1520 1323 eum
1545 1283 1657 1326 editt.
1682 1279 1734 1336 γέ
1753 1295 1862 1324 που.

229 1359 352 1406 τοῖς
390 1357 631 1404 πολλοῖς
672 1348 1036 1407 ἀνθρώποις]
1078 1356 1128 1396 V.
1149 1347 1435 1407 ἀνθρώπων,
1459 1355 1574 1406 quod
1597 1367 1618 1393 e
1639 1354 1757 1395 Bodl.
1778 1354 1884 1396 Tub.

115 1415 211 1456 Vat.
234 1416 341 1455 Ven.
366 1412 460 1460 ΛΞ
480 1414 605 1453 vind.
631 1412 669 1453 Φ
690 1413 783 1452 Par.
810 1412 954 1452 CHIL
976 1412 1121 1451 Ambr.
1143 1412 1325 1463 August
1349 1411 1459 1451 Flor.
1481 1424 1506 1450 a
1528 1413 1551 1452 b
1573 1425 1594 1451 ο
1616 1411 1643 1477 d
1664 1412 1676 1449 i
1700 1411 1883 1453 Vindob.

117 1478 295 1525 septem,
317 1471 414 1510 Zitt.
437 1478 478 1510 et
500 1470 565 1513 ed.
586 1469 684 1511 Bas.
706 1471 731 1509 2
755 1469 1021 1508 emendatum
1041 1481 1081 1508 v.
1105 1480 1202 1507 ann.
1244 1467 1347 1507 Dein
1376 1463 1499 1521 μηδε
1518 1463 1733 1521 μετέχειν
1756 1466 1885 1507 Coisl.

115 1529 223 1569 Ven.
252 1526 355 1569 ΛΠ
378 1527 505 1567 Vind.
539 1528 560 1566 1
592 1526 617 1565 8
647 1525 684 1566 Φ
722 1526 812 1567 Par.
844 1524 1121 1565 ACEGHIL
1153 1525 1346 1564 Ambros.
1382 1525 1490 1564 Flor.
1528 1525 1734 1564 aheim
1772 1527 1883 1575 Aug.

116 1585 222 1626 Tub.
245 1584 340 1625 Zitt.
370 1585 577 1636 probante
597 1582 841 1634 Bemhardy
863 1581 1041 1634 Syntax.
1069 1594 1112 1635 p.
1135 1583 1231 1633 304,
1261 1582 1331 1631 qui
1361 1574 1457 1635 ἡδύ
1486 1581 1669 1634 supplet.
1711 1580 1795 1621 Sed
1824 1589 1887 1620 te-

118 1641 257 1681 nenda
279 1641 444 1680 videtur
467 1640 721 1693 optimorum
743 1639 958 1692 librorum,
988 1639 1109 1679 Bodl.
1130 1638 1242 1686 vat„
1272 1639 1492 1691 scriptura

117 1782 212 1823 XII.
244 1795 286 1836 p.
318 1783 400 1822 534
429 1781 460 1822 C
499 1780 731 1821 Alcibiadis
762 1788 961 1821 notantur

118 1839 266 1879 calcei.
308 1839 507 1889 Idemque
549 1838 591 1876 in
630 1837 715 1877 alio
752 1838 962 1891 vituperat

117 1896 280 1937 Aelian.
302 1896 354 1937 V.
379 1894 428 1934 H.
450 1894 522 1934 IX.
542 1896 581 1943 3,
605 1894 673 1933 ubi
696 1894 793 1933 vide
815 1902 956 1934 aucto-

117 1965 187 1992 res
216 1964 241 1990 a
261 1952 479 1991 Perizonio
509 1951 713 1999 laudatos,
745 1951 816 2002 qui
837 1952 959 1991 etiam

118 2009 279 2051 L.111.
322 2009 373 2048 19
424 2006 673 2061 περίεργον
722 2008 960 2047 Aristotelis

118 2064 361 2119 philosophi
438 2071 639 2103 memorat
715 2057 959 2106 ὑπόδεσιν.

119 2120 266 2174 (Adde
293 2120 512 2161 Boeekh.
551 2119 889 2160 Staatshanshalt
929 2122 960 2160 I.

119 2189 164 2230 p.
187 2175 303 2228 116.)
344 2177 492 2216 Varias
530 2176 764 2215 calceorum
799 2177 960 2229 species

122 2239 338 2274 enumerat
367 2232 519 2272 Pollux
543 2232 722 2274 V11.22.
768 2233 962 2272 Socrates

121 2302 220 2331 velo
243 2290 357 2343 ipse,
388 2297 434 2329 ut
462 2301 514 2327 ex
541 2288 651 2327 Xen.
674 2287 795 2329 Mem.
820 2290 852 2328 Ι.
874 2291 912 2336 6,
936 2290 960 2328 2

122 2355 163 2387 et
202 2347 274 2387 Ar.
315 2345 422 2386 Nub.
464 2347 543 2386 103
591 2345 734 2395 liquet,
785 2337 961 2386 ἀνυπό

123 2401 265 2456 δητος
305 2413 472 2454 semper
511 2409 609 2450 erat,
651 2402 764 2453 quod
799 2407 840 2441 et
867 2401 961 2442 aliis

123 2461 235 2500 vitae
256 2459 482 2499 severioris
505 2457 748 2499 hominibus
774 2459 962 2498 solemne

122 2516 216 2557 fuit.
261 2514 324 2556 cf.
365 2515 627 2555 Meursius
669 2515 723 2555 ad
754 2515 962 2568 Lyeophr.

123 2572 351 2614 Alexandr.
382 2585 424 2613 v,
455 2572 551 2612 635.
585 2570 879 2612 Casaubon.
910 2572 963 2612 ad

123 2628 400 2682 Theophrast.
441 2628 495 2670 X.
537 2641 581 2682 p.
609 2630 677 2669 97.
718 2628 962 2669 Boohart.

123 2685 357 2726 Hierozoic.
397 2685 444 2728 P.
487 2686 520 2724 Ι.
561 2685 608 2724 L.
650 2685 701 2727 ΙΙ.
741 2698 782 2738 p.
813 2686 894 2726 599
925 2692 964 2724 et

124 2743 328 2782 Kuster.
380 2742 433 2781 ad
473 2743 546 2781 Ar.
588 2741 698 2782 Nub.
743 2743 820 2781 loe.
861 2741 964 2784 cit.“

126 2798 429 2840 FORSTER.

183 2876 648 2945 καλλωπισμούς]
730 2883 966 2924 καλλωπι-

128 2934 242 2992 σμός
264 2939 350 2977 iere
379 2939 421 2977 iu
447 2940 695 2978 detetiorem
719 2949 877 2992 panem
901 2941 965 2979 di·

128 2998 233 3035 citur
261 2995 314 3034 de
343 2995 469 3034 nimio
499 2995 612 3034 culm
635 3003 674 3035 et
703 3003 851 3036 ornatu
874 3010 963 3037 cor-

129 3052 257 3106 poris.

187 3136 232 3178 E.
257 3129 431 3188 δῆλός
454 3128 609 3175 ἐστιν
631 3127 963 3202 απολύων-]

129 3192 295 3233 Liberat
336 3193 443 3231 enim
475 3191 752 3245 philosophus
783 3195 970 3235 animum

131 3262 156 3289 a
176 3261 312 3289 rerum
336 3255 591 3288 terrenarum
614 3258 653 3288 et
674 3261 971 3302 corporeaium

130 3306 320 3346 ludibriis
350 3318 529 3356 eumque
558 3306 739 3345 traducit
760 3306 812 3345 ad
833 3320 970 3347 rerum

131 3363 466 3415 incorporearum
479 3362 768 3409 constantiam,
783 3375 863 3402 uon
874 3364 971 3416 plus

134 3431 186 3458 ex
207 3419 393 3472 corporis
423 3431 644 3459 assumens
672 3418 970 3472 voluptatibus,

133 3487 255 3530 quam
281 3487 444 3516 summa
467 3476 578 3529 cogit
602 3476 846 3517 necessitas.
880 3476 969 3525 Quo

1046 1778 1105 1830 fit,
1136 1786 1181 1820 ut
1202 1778 1268 1820 vel
1290 1779 1407 1832 vulgi
1433 1780 1588 1820 iudicio
1618 1779 1888 1832 philosophia

1048 1836 1104 1875 nil
1127 1837 1242 1877 aliud
1265 1849 1359 1877 esse
1378 1837 1458 1876 nisi
1473 1836 1740 1890 praeparatio
1763 1849 1888 1887 quae-

1048 1893 1143 1932 dam
1184 1906 1233 1932 ac
1261 1893 1475 1933 meditatio
1506 1892 1651 1933 mortis
1680 1892 1886 1932 videatur.

1046 1949 1106 1988 De
1126 1950 1219 2002 ipsa
1241 1950 1449 1990 sententia
1470 1949 1580 1989 conf.
1601 1949 1685 1991 Cio.
1704 1949 1827 1989 Tuso.
1857 1950 1886 1989 1.

1047 2008 1115 2046 31.
1157 2006 1266 2055 Quid
1293 2011 1375 2046 tum
1404 2008 1574 2059 aqimus,
1605 2007 1688 2045 nisi
1715 2008 1890 2046 animum

1046 2064 1105 2102 ad
1122 2075 1168 2102 se
1186 2064 1320 2115 ipsum
1341 2064 1609 2113 advocamus,
1640 2075 1777 2103 secum
1797 2075 1890 2103 esse

1046 2120 1226 2171 cogimus
1255 2121 1516 2172 maximeque
1546 2133 1572 2158 α
1602 2132 1784 2172 corpore
1815 2119 1890 2159 ab·

1047 2177 1256 2216 ducimus?
1306 2176 1542 2216 Seeernere
1572 2182 1708 2216 autem
1737 2190 1765 2217 a
1793 2189 1888 2217 cor-

1043 2245 1152 2284 pore
1191 2234 1366 2272 animum
1402 2245 1478 2272 nee
1517 2234 1738 2286 quidquam
1775 2234 1891 2273 aliud

1047 2293 1111 2328 est
1159 2290 1266 2329 mori
1313 2291 1491 2330 discere.
1567 2288 1758 2330 Ceterum
1810 2277 1888 2342 ἆρ’

1047 2341 1133 2385 οὐν
1174 2351 1237 2385 est
1285 2358 1496 2398 ergone,
1539 2353 1584 2385 ut
1630 2358 1672 2399 p.
1713 2348 1767 2387 76
1797 2345 1889 2386 DE.

1046 2400 1279 2455 Euthyphr.
1322 2404 1346 2443 5
1375 2404 1426 2444 A.
1472 2402 1637 2443 Charm.
1670 2415 1710 2456 p.
1743 2403 1823 2443 159
1842 2401 1888 2450 Β,

1047 2458 1181 2501 ubiv
1203 2471 1316 2524 amun
1342 2459 1477 2499 Prave
1497 2459 1759 2513 Hirschig.
1784 2459 1890 2498 scri-

1047 2516 1133 2568 psit
1146 2503 1236 2567 AQ’
1260 2528 1345 2557 ουν
1367 2528 1438 2559 ου.

1104 2600 1151 2640 Ρ.
1163 2601 1229 2641 65.
1254 2593 1651 2666 διαφεροντως
1673 2616 1780 2642 των
1803 2592 1891 2642 αλ-

1052 2649 1890 2711 lmvoev13ooewmvjpraereliquis

1052 2715 1314 2765 omnibus,
1339 2722 1384 2755 ut
1407 2714 1562 2755 Οιίῐοιι.
1584 2728 1625 2768 p.
1650 2714 1760 2757 5213.
1784 2715 1888 2767 Rep.

1052 2772 1134 2811 llI.
1146 2783 1188 2825 p.
1210 2772 1292 2811 387
1314 2772 1346 2811 E
1367 2771 1422 2812 al.

1109 2858 1231 2904 τοῖς
1268 2856 1508 2904 πολλοῖς
1539 2849 1888 2910 ἀνθρώποις]

1052 2913 1159 2952 Aliis
1200 2913 1302 2952 locis
1342 2913 1491 2953 dicitur
1520 2914 1763 2966 simpliciter
1794 2915 1892 2960 τοῖς

1053 2969 1261 3016 πολλοῖς.
1304 2969 1387 3009 Sed
1428 2970 1518 3038 pari
1559 2971 1684 3010 modo
1714 2969 1822 3009 infra
1850 2982 1892 3022 p.

1054 3027 1108 3066 80
1128 3026 1162 3065 D
1191 3018 1252 3073 ὡς
1282 3037 1430 3091 φασιν
1452 3021 1501 3067 οἵ
1517 3023 1683 3067 πολλοὶ
1705 3018 1895 3079 ἄνθρω-

1054 3095 1152 3123 ποι.
1185 3095 1226 3135 p
1257 3084 1309 3123 92
1331 3083 1363 3122 D
1393 3075 1515 3123 ὅθεν
1543 3079 1625 3124 καὶ
1656 3085 1754 3130 τοῖς
1782 3083 1894 3123 πολ-

1058 3140 1156 3187 λοῖς
1182 3138 1317 3181 δοκεῖ
1342 3133 1443 3180 ἀνθ
1445 3132 1630 3203 ρερποις.
1660 3138 1893 3205 Euthyplu·

1056 3208 1099 3248 p.
1123 3197 1148 3236 5
1172 3197 1205 3235 A
1237 3189 1353 3236 οὐδέ
1375 3210 1437 3249 τῳ
1459 3186 1520 3236 ὂίν
1549 3191 1777 3261 διαφέροι
1799 3188 1894 3236 Εὖ-

1056 3245 1260 3305 θύφρων
1282 3252 1374 3293 τῶν
1403 3250 1589 3293 πολλῶν
1610 3245 1891 3305 ἀνθρώπων.

1057 3310 1100 3348 Iu
1143 3309 1297 3373 quibus
1339 3309 1441 3349 locis
1483 3309 1593 3358 quod
1631 3308 1889 3359 Hi1sehig

1056 3376 1147 3405 voe.
1179 3357 1306 3418 ἅνθρ
1311 3378 1428 3406 ωποι
1458 3365 1706 3404 eliciendum
1734 3372 1892 3415 censet,

1053 3420 1216 3461 fiuatur
1243 3422 1313 3461 ille
1341 3421 1420 3461 hoc
1457 3422 1627 3461 invento
1666 3433 1756 3461 5110.
1808 3420 1891 3460 Nos

1055 3483 1164 3517 certe
1187 3477 1343 3518 saliam
1370 3491 1463 3519 esse
1492 3478 1687 3518 lib101um
1712 3477 1892 3531 sc1iptu-

805 780 1066 856 ³Ap'=o‘5v
1104 789 1327 856 πρῶτον
1373 784 1475 854 μὲν
1515 785 1577 838 ἐν
1616 792 1731 847 τοῖς
1766 804 1882 837 τοι-
1958 809 1961 811 ’

1913 973 1967 1014 65

1690 0 1714 17 ω
1758 2 1770 16 ,ι
1818 7 1822 15 .
1857 0 1910 21 --w
1938 0 2158 35 §F’Rfflp'
