2158 3718
255 121 324 172 22
899 107 1392 166 PROLEGOMENA

259 263 489 314 tribuisse
526 263 793 329 plurimum
838 263 911 314 vel
949 281 1004 314 ex
1043 280 1101 314 eo
1136 263 1460 328 intellegitur,
1499 267 1627 331 quod
1657 267 1715 316 iis
1751 281 1849 316 non
1884 267 2031 316 modo

259 337 305 383 in
334 335 596 385 Phaedone
631 335 985 398 amplissimum
1022 336 1232 400 spatium
1269 338 1511 387 concessit
1535 367 1603 372 —-—
1630 339 1879 402 pertinent
1904 338 2033 387 enim

257 406 372 455 inde
400 422 425 454 a
461 421 569 470 pag.
599 403 667 456 70
692 408 731 455 A
760 421 914 467 usque
942 406 1001 454 ad
1028 421 1137 470 pag.
1169 403 1269 456 107
1297 408 1334 456 A
1367 437 1444 465 —,
1474 408 1558 457 sed
1588 407 1783 458 casdem
1812 409 1956 457 etiam
1983 410 2033 457 in

257 475 364 524 aliis
398 476 537 525 libris
574 477 868 539 gravissimis
904 475 1050 524 simili
1076 476 1222 524 modo
1260 477 1487 536 instituit,
1526 485 1578 527 ut
1614 479 1661 527 in
1697 478 1946 534 Phaedro,
1983 479 2032 527 in

257 546 551 610 Republica,
580 548 630 594 in
658 546 887 609 LegibuS.
939 545 1040 595 Nec
1064 561 1181 595 vero
1210 546 1320 596 illae
1348 548 1445 597 ullo
1473 549 1618 597 modo
1648 549 2034 598 contemnendae

258 623 393 673 sunt,
423 618 462 666 si
491 617 685 681 quidem
714 631 887 665 revera
914 622 1010 665 tam
1041 623 1155 666 sunt
1180 624 1348 666 acutae
1377 625 1572 683 tamque
1598 619 1824 677 subtileS,
1862 626 1916 669 ut
1943 634 2035 669 nec

260 696 569 752 posterorum
608 686 920 736 saeculorum
945 688 1205 752 sapientia,
1245 687 1328 736 ubi
1354 689 1723 739 discesserimus
1750 706 1775 739 a
1804 690 2035 739 Christia-

259 773 350 807 nae
387 757 636 821 religionis
675 756 925 815 doctrina,
965 760 1147 807 certius
1183 759 1413 822 quiddam
1449 776 1505 809 ac
1540 761 1726 808 firmius
1759 760 1926 810 hocin
1954 776 2035 825 ge-

260 843 379 877 nere
415 828 644 877 extulisse
684 828 917 877 videatur.
969 828 1022 878 Id
1060 829 1188 893 quod
1225 835 1360 878 tanto
1397 830 1720 879 confidentius
1756 846 2037 880 asseverare

258 898 396 955 licet,
435 899 666 963 quoniam
706 914 928 948 summus
956 899 1303 963 philosophuS‚
1341 901 1485 950 sicuti
1511 907 1678 964 postea
1707 897 2035 956 ostendemus,

258 970 615 1033 sapientissimo
654 969 855 1018 consilio
883 985 994 1018 cum
1033 969 1295 1020 dialecticis
1331 973 1634 1034 argumentis
1662 973 1806 1022 etiam
1834 988 1939 1022 eam
1966 973 2038 1021 rei

259 1041 682 1090 confirmationem
722 1042 997 1097 coniunxit,
1037 1056 1160 1104 quae
1197 1057 1223 1089 a
1260 1043 1451 1091 virtutis
1489 1041 1721 1092 colendae
1749 1043 2038 1092 necessitate

258 1114 406 1175 atque
447 1111 638 1160 divinae
675 1113 887 1160 iustitiae
927 1112 1282 1161 existimatione
1332 1119 1405 1161 est
1447 1114 1669 1177 repetita.
1735 1113 2037 1179 Quamquam

259 1180 340 1231 ille
375 1180 508 1231 nullo
549 1182 692 1231 modo
729 1181 898 1231 celavit
935 1184 1242 1247 quaestiones
1281 1184 1397 1232 istas
1434 1185 1597 1247 utique
1636 1199 1741 1233 esse
1766 1185 1946 1234 arduas
1983 1199 2039 1232 ac

259 1251 480 1301 difficiles
517 1251 760 1316 explicatu
777 1250 827 1315 1).
891 1255 949 1302 At
987 1254 1114 1302 enim
1152 1254 1503 1318 experiendum
1543 1260 1677 1303 certe
1718 1257 1850 1303 omni
1892 1255 2038 1303 modo

260 1324 449 1372 censuit
476 1338 608 1381 esse,
647 1323 762 1387 quid
789 1323 1003 1372 humana
1029 1325 1152 1373 ratio
1181 1324 1272 1373 hac
1301 1325 1348 1372 in
1377 1339 1519 1373 causa
1557 1329 1724 1389 posset
1760 1340 1920 1390 neque
1957 1325 2038 1375 de·

258 1394 560 1458 sperandum
595 1394 826 1443 iudicavit
863 1395 922 1444 de
950 1396 1053 1443 veri
1077 1395 1359 1461 reperiendi
1395 1392 1686 1460 facultate2).
1739 1395 1879 1452 Quod
1907 1401 2040 1445 certe

259 1479 357 1512 non
406 1471 479 1512 est
521 1465 732 1513 hominis
777 1480 895 1514 suae
939 1466 1089 1529 ipsius
1134 1467 1309 1515 rationi
1354 1465 1617 1514 diffidentis
1662 1473 1745 1515 aut
1781 1481 1886 1516 eam
1923 1481 2038 1515 con-

261 1537 536 1585 temnentis.

401 1605 503 1655 Nec
538 1621 653 1654 vero
691 1606 749 1655 ab
792 1606 884 1656 hac
921 1607 1071 1656 Bauri
1107 1608 1298 1656 ratione
1336 1607 1543 1657 multum
1583 1607 1781 1658 deflexit
1815 1607 1904 1657 Fr.
1933 1607 2037 1657 Iul.

261 1674 759 1742 Guttmannus3)‚
798 1678 878 1742 qui
915 1677 1029 1726 licet
1065 1678 1317 1727 doctrinae
1353 1679 1413 1727 de
1449 1680 1728 1728 animorum
1753 1677 2038 1728 immortali-

262 1752 357 1796 tate
398 1748 448 1796 in
475 1747 739 1797 Phaedone
777 1747 1043 1811 explicatae
1069 1751 1307 1798 maiorem
1336 1749 1499 1814 paullo
1528 1750 1775 1813 impertiat
1801 1750 2040 1814 dignatio·

261 1833 395 1875 nem,
425 1823 589 1868 tamen
617 1818 730 1867 libri
756 1834 997 1869 summam
1025 1820 1236 1883 denique
1264 1836 1321 1869 eo
1348 1820 1511 1869 redire
1539 1820 1832 1877 arbitratur,
1871 1828 1923 1870 ut
1946 1820 2040 1869 hoc

261 1904 411 1937 unum
456 1890 667 1938 maxime
713 1890 947 1940 doceatur
1007 1892 1364 1955 sapientissimo
1426 1892 1600 1955 cuique
1655 1893 1933 1941 firmissime
1981 1891 2041 1941 de

262 1961 410 2008 animi
447 1960 813 2009 immortalitate
853 1976 1144 2025 persuasum
1184 1976 1291 2011 esse
1319 1961 1515 2011 debere.
1570 1962 1710 2020 Quod
1738 1968 1872 2011 certe
1898 1962 2042 2012 facile

261 2035 466 2094 apparet
500 2045 610 2079 cum
662 2031 1102 2081 Schleiermacheri
1152 2034 1340 2081 ratione
1391 2031 1671 2097 planissime
1720 2033 2039 2090 concordare,

259 2107 606 2166 praeterquam
644 2103 773 2166 quod
810 2118 836 2151 a
877 2103 1183 2152 Guttmanno
1211 2105 1263 2151 in
1301 2103 1462 2152 locum
1501 2103 1782 2168 philosophi
1829 2111 2039 2153 mortem

261 2173 634 2221 commentantis
661 2173 952 2223 substitutus
980 2180 1051 2222 est
1090 2173 1434 2238 pliilosophUS‚
1476 2176 1555 2223 cui
1582 2175 1641 2224 de
1668 2175 1816 2224 animi
1841 2175 2041 2224 immor-

262 2242 443 2291 talitate
479 2244 672 2305 penitus
707 2259 998 2307 persuasum
1036 2245 1110 2293 sit.
1163 2245 1264 2294 Nec
1291 2261 1405 2294 vero
1433 2245 1512 2294 ille
1552 2246 1610 2294 de
1649 2246 1858 2294 arctiore
1884 2245 2038 2294 Phae-

261 2313 400 2361 donis
439 2319 486 2362 et
524 2314 767 2378 Symposii
809 2315 1152 2364 coniunctione
1187 2315 1325 2365 aliter
1371 2331 1514 2381 quam
1559 2316 2042 2366 Schleiermacherus

259 2384 439 2434 statuit.

401 2455 501 2504 Iam
543 2471 659 2504 vero
704 2455 1122 2506 Hermannum
1168 2456 1626 2522 Schmidtium4)
1669 2457 1753 2506 ubi
1798 2457 2038 2514 audimus,

263 2525 457 2575 Phaedo
496 2527 707 2590 scriptus
745 2534 817 2577 est
845 2544 902 2576 eo
931 2528 1160 2586 consili0‚
1199 2534 1251 2577 ut
1276 2530 1545 2593 sapientem
1573 2528 1883 2592 intellegatur
1908 2544 2039 2578 mor-

263 2605 357 2645 tem
406 2611 505 2645 non
551 2597 759 2646 horrere
804 2614 858 2646 ac
904 2598 1256 2655 reformidare,
1303 2600 1388 2647 sed
1428 2601 1586 2662 potius
1626 2600 1740 2647 sorti
1776 2598 2043 2663 fidentique

262 2667 422 2715 animo
465 2674 749 2730 exspectare
787 2674 1074 2732 propterea,
1113 2670 1243 2733 quod
1280 2670 1373 2733 ipsi
1417 2672 1610 2734 penitus
1646 2671 1708 2718 sit
1751 2684 2041 2734 persuasum

262 2737 339 2785 illa
367 2736 619 2786 subeunda
647 2753 810 2787 veram
838 2738 1265 2803 immortalemque
1304 2740 1447 2789 vitam
1486 2746 1832 2805 recuperatum
1858 2741 1935 2788 iri.
1986 2741 2040 2789 In

262 2823 359 2871 qno
387 2808 490 2870 ipse
518 2822 714 2872 quoque
743 2810 897 2857 tenuit
923 2808 1027 2865 illa,
1057 2825 1180 2873 quae
1208 2810 1690 2860 Schleierinacherus
1717 2810 1776 2860 de
1805 2812 2041 2860 interiore

263 2877 475 2942 quodam
501 2877 613 2926 libri
641 2894 751 2927 cum
782 2880 1036 2943 Symposio
1065 2895 1192 2929 nexu
1220 2881 1505 2945 disputavit,
1553 2889 1698 2947 atque
1724 2882 1770 2930 id
1797 2883 2041 2945 imprimis

265 2950 387 3010 egit,
435 2954 485 2997 ut
533 2963 745 3012 quonam
772 2955 1018 3014 tamquam
1063 2952 1260 3000 unitatis
1298 2952 1487 3001 vinculo
1533 2952 1752 3015 singulae
1799 2954 2040 3002 sermonis

267 3026 430 3084 partes
457 3020 586 3068 inter
611 3021 742 3084 ipsas
779 3022 1068 3070 coniunctae
1107 3023 1225 3079 sint,
1256 3022 1436 3071 clarius
1464 3025 1807 3087 perspiciatur.
1860 3023 2039 3082 Quam-

378 3174 423 3227 1)
456 3176 566 3227 Pag.
600 3175 653 3214 84
678 3173 841 3227 Ο--Ε,
874 3177 926 3218 85
951 3175 1000 3227 C,
1034 3180 1087 3218 90
1109 3177 1160 3225 Ε,
1193 3179 1242 3218 91
1269 3177 1431 3228 Α-Ο,
1470 3179 1547 3218 107
1580 3191 1646 3230 sq.

375 3231 418 3283 2)
452 3232 563 3283 Pag.
597 3233 651 3272 90
672 3232 709 3271 E
741 3245 809 3284 sq.

377 3287 788 3371 3)oCommentatio
821 3289 875 3329 de
908 3289 1115 3331 Platonis
1146 3290 1407 3331 Phaedone.
1449 3292 1604 3343 Progr.
1641 3289 1800 3342 Gymn.
1835 3290 2038 3334 Suidnic.

265 3359 305 3388 a·
343 3345 669 3454 1Z3ui3eitritge
701 3414 779 3441 zur
808 3402 1070 3455 1⁴21·kl²‹irung
1100 3416 1189 3444 von
1212 3403 1387 3444 Plato‘s
1409 3403 1641 3446 Phaedon.
1674 3402 1882 3455 Miitzell,
1914 3404 2038 3444 Zeit-

265 3458 382 3502 sehr.
414 3457 489 3498 fiir
519 3458 599 3499 das
631 3458 958 3510 Gymnasialvv.
994 3461 1115 3501 1852.
1148 3460 1284 3502 Fasc.
1319 3460 1524 3502 V—VII.

2153 3521 2158 3611 l

2141 3614 2158 3718 ’1
