2158 3718
329 138 427 188 102
926 138 970 190 P
985 136 1298 190 LATON
1319 135 1402 190 IS

324 281 664 354 ἄνθρωπυις
709 282 810 338 Μὰ
856 284 966 348 Δί’,
1010 276 1050 338 ὦ
1095 280 1292 382 ἄνδρες
1335 287 1607 351 δικασταί,
1651 286 1762 338 ἐπει
1789 281 1887 338 τὸν
1909 287 2011 354 μὲν

322 364 482 433 ἥλιον
525 370 698 422 λίθον
739 371 910 444 φησὶν
955 367 1123 432 εἶναι,
1169 365 1272 433 τὴν
1315 370 1371 422 δὲ
1413 365 1647 435 σελήνην
1690 370 1812 436 γῆν.
1850 365 2013 423 Ἀνα-

325 449 563 523 ξαγόρου
613 454 715 507 οιέι
758 463 1113 522 κατηγορεῖν,
1168 455 1378 527 ωφίλε
1422 455 1670 524 Μέλητε,
1731 455 1825 507 καὶ
1867 450 2012 507 οὕτω

326 547 694 610 καταφρονεῖς
749 538 919 591 τῶνδε
973 540 1065 590 καὶ
1119 536 1220 590 οἴει
1275 533 1485 599 αὐτοὺς
1536 534 1800 607 ἀπείρους
1839 557 2016 607 γραμ-

324 618 518 689 μάτων
564 619 732 683 εἶναι,
777 617 909 683 dign
954 619 1055 676 οὐκ
1101 623 1326 684 εἰδέναι,
1388 618 1477 674 ὅτι
1519 619 1589 674 τὰ
1635 618 2014 692 Ἀναξαγόρου

323 705 511 774 βιβλία
559 707 657 759 τοῦ
704 707 1116 774 Κλαζομενίου,
1175 710 1335 772 γέμει
1375 702 1590 758 τούτων
1645 707 1757 758 τῶν
1801 703 2015 775 λόγων,·

325 791 419 842 καὶ
461 784 528 854 δὴ
574 791 666 843 καὶ
711 793 764 844 οἱ
812 794 924 844 νέοι
979 791 1160 843 ταῦτα
1205 785 1342 858 παρ’
1408 791 1540 858 ἐμοῦ
1594 789 2015 858 μανθάνουσιν,

325 869 362 925 ἂ
406 871 610 938 ἔξεστιν
646 876 848 937 ἐνίοτε,
906 878 953 928 εἰ
1007 871 1154 928 πάνυ
1211 874 1452 936 πολλοῦ,
1509 871 1754 944 δραχμῆς
1816 879 1873 928 ὲκ
1917 874 2017 939 τῆς

442 1064 549 1118 Cap.
595 1065 707 1109 le.
781 1066 829 1108 Ε
901 1068 984 1108 καὶ
1033 1068 1199 1107 ταῦτα
1251 1065 1467 1119 μέντοι]
1522 1067 1643 1108 vett.
1682 1063 1805 1106 editt.
1847 1070 2018 1118 praeter

325 1121 427 1163 Bas.
455 1122 498 1164 2.
530 1124 733 1164 omittunt
767 1123 933 1176 μέντοι,
972 1126 1086 1178 quod
1126 1129 1246 1165 recte
1283 1129 1507 1165 servarunt
1546 1123 1673 1167 codd.
1705 1135 1854 1163 omues
1887 1135 2016 1175 prae-

326 1185 393 1220 ter
428 1180 531 1223 Ven.
562 1179 609 1223 Ξ.
670 1182 836 1224 Deinde
877 1185 1006 1236 vulgo
1046 1189 1139 1223 erat
1179 1180 1271 1232 ἐμοὶ
1311 1181 1386 1232 μὲν
1416 1179 1498 1235 γὰρ
1531 1181 1668 1223 δοκεῖε
1711 1179 1787 1221 sed
1819 1178 1896 1230 μὲν
1927 1194 2014 1223 om.

326 1323 565 1374 praesentis
587 1325 808 1377 temporis,
841 1326 911 1366 ἵνα
939 1327 982 1365 τί
1006 1323 1128 1378 γένη-

327 1393 415 1429 ται;
452 1382 493 1421 in
535 1382 853 1424 constructione
890 1383 1127 1436 praeteriti,

327 1437 398 1477 ἵνα
444 1441 488 1478 τί
526 1437 745 1492 γένοιτο;“
786 1462 843 1470 -—-
918 1441 1124 1481 Ceterum

325 1497 419 1536 Sol
460 1502 588 1550 atque
636 1497 785 1538 Luna
826 1511 904 1553 pro
936 1498 1019 1538 diis
1053 1498 1124 1538 ha-

327 1553 401 1593 biti
433 1560 476 1593 et
511 1556 615 1595 culti
649 1562 747 1596 sunt
789 1568 872 1597 non
908 1562 1071 1597 tantum
1101 1569 1125 1597 a

324 1611 473 1652 Persis
514 1614 690 1666 aliisque
729 1614 936 1666 gentibus
967 1613 1126 1653 barba-

325 1669 411 1719 ris,
455 1669 530 1710 sed
579 1671 706 1712 etiam
748 1684 771 1711 a
814 1671 996 1712 Graecis
1046 1671 1124 1711 sub

323 1725 494 1767 nomine
536 1730 746 1780 Apollinis
787 1735 916 1782 atque
951 1729 1121 1769 Dianae.

325 1783 454 1826 Quod
496 1798 722 1827 monemus
774 1788 850 1827 viri
902 1786 1119 1826 cuiusdam

323 1840 440 1881 docti
479 1843 644 1894 gratia,
686 1856 813 1896 quem
856 1845 1037 1885 vidimus
1071 1844 1124 1884 de

327 1897 451 1939 huius
502 1900 584 1941 loci
635 1900 987 1955 interpretatione
1032 1915 1122 1942 ma-

322 1969 427 2009 gnas
461 1959 650 2000 excitare
681 1957 990 2001 dubitationes

383 2015 432 2054 Ι).
484 2013 568 2056 Μὰ
599 2012 703 2065 Δί’,
735 2041 791 2047 —
821 2015 939 2057 ἐπεὶ
968 2031 998 2056 τ.
1033 2013 1124 2070 ὕλη]

323 2072 398 2112 Ad
426 2069 482 2122 μὰ
512 2074 604 2114 Διά
635 2089 657 2115 e
685 2075 981 2120 superioribus
1006 2075 1125 2115 intel-

324 2130 540 2182 ligendum
583 2137 652 2174 est
695 2128 749 2173 ου’
783 2133 941 2185 νομίζει
970 2128 1126 2173 θεούς.

320 2185 428 2228 Nam
451 2189 677 2232 verissime
697 2190 858 2231 iudicat
874 2191 943 2231 Bu
958 2190 1016 2231 da
1031 2203 1127 2231 eus

321 2239 376 2294 μὰ
406 2246 497 2286 Δία
528 2260 605 2300 per
635 2262 684 2289 se
716 2260 799 2289 non
832 2260 1013 2301 negare,
1048 2247 1125 2288 sed

321 2315 596 2356 suppressam
623 2307 896 2359 negationem
930 2319 981 2346 ex
1002 2319 1125 2359 prae-

320 2362 483 2412 gressis
515 2375 828 2416 saepenumero
867 2376 966 2404 esse
998 2377 1125 2416 repe-

322 2420 509 2463 tendam.
545 2433 582 2460 ν.
624 2421 806 2473 Viger.
839 2435 880 2474 p.
912 2419 1013 2464 450.

379 2454 819 2532 Ἀναξαγόρου
870 2479 1005 2518 οἱέι
1047 2478 1124 2533 -]

324 2537 501 2576 Anaxa
517 2550 579 2587 go
595 2549 612 2576 r
630 2549 684 2576 as
707 2534 1029 2583 Clazomenius,
1047 2548 1126 2576 au-

322 2597 442 2633 ctore
480 2569 711 2634 Laertio
743 2594 797 2634 ll.
829 2592 895 2642 8.,
938 2593 1127 2634 docebat

321 2651 457 2691 solem
521 2663 618 2691 esse
677 2647 845 2704 μύδρον
895 2647 1125 2704 διάπυρον,

321 2707 438 2759 quod
493 2709 559 2749 alii
611 2708 674 2749 de
737 2722 921 2750 massa
979 2709 1125 2750 ferri

321 2764 620 2806 candentis
677 2766 920 2819 accipiunt,
961 2765 1031 2807 alii
1071 2764 1125 2806 de

322 2823 535 2876 lapide,
576 2829 625 2864 ut
666 2824 759 2877 ipse
800 2823 1009 2864 Socrates
1055 2837 1124 2876 ap.

320 2878 562 2933 Xenoph.
598 2880 729 2922 Mem.
761 2880 832 2923 lv.
867 2882 916 2931 7,
951 2883 1015 2929 7.‚
1055 2881 1123 2922 nbi

322 2936 430 2979 hanc
465 2943 747 2991 Anaxagorae
779 2938 1020 2992 opinionem
1056 2953 1125 2979 re—

320 2995 465 3038 futare
500 2995 665 3037 studet.
723 2994 846 3036 Idem
882 2997 1022 3037 aiebat
1062 2998 1121 3037 lu—

322 3066 416 3095 nam
451 3053 608 3096 habere
641 3051 848 3107 οἰκήσεις,
880 3050 1050 3106 λόφους
1081 3058 1125 3094 et

323 3109 574 3166 φάραγγας,
626 3110 663 3151 h.
703 3126 739 3153 e.
778 3124 876 3153 esse
907 3113 1003 3166 γῆν.
1037 3111 1120 3151 vid.

321 3176 493 3223 praeter
531 3169 702 3211 doctam
740 3168 990 3211 Fischeri
1034 3169 1123 3210 dis-

321 3227 584 3281 putationem
630 3226 683 3267 ad
718 3224 755 3269 h.
788 3226 814 3267 l.
844 3226 882 3269 1.
923 3226 1121 3269 Schau—

322 3284 472 3327 bach.
525 3285 587 3327 de
632 3289 957 3337 Anaxagora
999 3283 1120 3326 Cla-

325 3343 574 3387 zomenio
621 3355 656 3383 s.
707 3340 771 3383 de
830 3342 946 3385 vita
1003 3343 1121 3385 eius

327 3406 492 3454 atque
544 3397 911 3454 philosophia
972 3414 1013 3454 p.
1062 3399 1120 3443 30

1214 1337 1311 1376 sqq.
1344 1338 1383 1374 p.
1405 1323 1461 1368 70
1481 1336 1545 1376 sq.
1606 1321 1732 1364 Haec
1759 1321 1890 1373 igitur
1919 1322 2016 1374 pla-

1215 1383 1299 1422 cita
1340 1381 1528 1422 Meletos
1568 1379 1740 1421 Socrati
1782 1379 2015 1430 tribuebat,

1213 1452 1344 1491 quem
1402 1439 1598 1480 novisset
1658 1435 1880 1487 Archelai,
1944 1437 2015 1490 qui

1214 1499 1518 1549 Anaxagoram
1575 1495 1825 1544 audiverat,
1883 1498 2015 1546 atque

1211 1554 1322 1595 adeo
1373 1555 1507 1605 ipsius
1545 1554 1835 1604 Anaxagorae
1887 1551 2016 1592 disci-

1210 1614 1354 1666 pulum
1378 1611 1523 1654 fuisse.
1570 1610 1774 1652 Ceterum
1808 1606 1913 1649 &eze
1935 1623 2017 1650 ουκ

1210 1667 1391 1717 εἰδέναι,
1432 1681 1510 1710 nec
1551 1682 1654 1710 vero
1687 1663 1791 1707 ‹iis-te
1821 1664 1878 1720 μὴ
1908 1665 2015 1708 εἰδέ-

1208 1742 1276 1768 ναι
1308 1726 1488 1779 dicitur,
1530 1726 1631 1779 quia
1673 1739 1755 1766 ουκ
1785 1723 1943 1765 εἰδέναι
1973 1725 2016 1766 in

1208 1798 1332 1826 unam
1360 1785 1448 1825 coit
1467 1786 1684 1825 notionem
1722 1783 1801 1823 τοῦ
1831 1778 2017 1837 αγνοεῖν,

1210 1843 1264 1884 de
1309 1855 1391 1895 qua
1440 1855 1487 1883 re
1537 1842 1603 1882 hic
1642 1841 1806 1895 primus
1846 1841 2017 1882 monuit

1211 1900 1472 1950 nemius,
1516 1899 1586 1951 qni
1636 1905 1862 1952 comparat
1915 1898 2015 1951 Ly-

1211 1959 1347 1998 siam
1382 1957 1476 1998 adv.
1509 1956 1720 1999 Theomn.
1741 1956 1878 2008 §.152
1911 1953 2017 1996 ὥστε

1212 2030 1266 2056 ου
1299 2012 1519 2056 δύνασθαι
1552 2014 1728 2065 μαθεῖν,
1769 2013 1807 2055 h.
1839 2028 1876 2056 e.
1911 2009 2014 2054 ἀδύ-

1214 2088 1343 2114 νατον
1373 2068 2015 2142 afva1.11ycurg.ad‡⁷.[e-

1213 2145 1303 2175 ocr.
1336 2131 1371 2183 9.
1403 2133 1451 2176 2:
1492 2154 1546 2160 —-
1580 2127 1684 2172 ὥςτε
1713 2154 1770 2160 -
1803 2125 1858 2170 ου’
1890 2126 2014 2182 φιλό-

1214 2190 1338 2229 πολιν
1369 2220 1409 2231 ..
1433 2187 1619 2230 ,δοκεῖν
1647 2182 1781 2236 εἶναι,
1810 2189 1841 2228 i.
1874 2201 1912 2228 e.
1950 2186 2014 2240 ἑχ-

1211 2245 1332 2301 θρὸν
1363 2247 1437 2300 τῆς
1461 2246 1640 2288 πολεως.
1672 2259 1711 2287 ν.
1738 2247 1791 2287 ad
1812 2259 1854 2300 p.
1871 2245 1998 2289 25ss

1272 2305 1358 2345 καὶ
1411 2300 1471 2358 δὴ
1519 2305 1606 2344 καὶ
1650 2304 1703 2345 οἱ
1734 2302 1852 2344 νέοι
1895 2303 2015 2344 ταῦ-

1214 2378 1270 2404 τα
1299 2363 1380 2416 -]
1417 2363 1712 2404 Enimvero
1745 2362 1908 2403 etiam
1941 2362 2016 2402 iu-

1211 2433 1385 2462 venes
1435 2420 1544 2460 ista
1583 2434 1607 2461 a
1653 2433 1729 2461 me
1778 2420 2014 2460 discunt.

1209 2477 1316 2520 Nam
1366 2478 1551 2530 loquitur
1591 2478 1802 2518 Socrates
1851 2476 2016 2518 ironice

1212 2541 1256 2576 et
1295 2547 1347 2575 ex
1386 2546 1572 2588 persona
1611 2534 1780 2576 Meleti.
1849 2534 2016 2575 Heiu-

1210 2591 1344 2633 dorf.
1395 2593 1742 2644 interpunctione
1796 2597 1898 2633 ante
1947 2591 2015 2630 καὶ

1210 2647 1264 2704 δὴ
1295 2649 1363 2689 καὶ
1395 2651 1561 2690 sublata
1585 2648 1689 2690 haec
1708 2661 1884 2702 quoque
1903 2661 2014 2717 pen-

1210 2708 1315 2749 dere
1353 2707 1528 2748 volebat
1573 2721 1594 2747 a
1637 2719 1894 2760 praegresso
1935 2702 2015 2755 ὅτι,

1211 2778 1322 2818 quae
1365 2765 1475 2806 ratio
1519 2763 1620 2806 mihi
1660 2764 1835 2816 quidem
1868 2763 2014 2806 admo-

1211 2823 1313 2864 dum
1377 2827 1574 2863 contortu
1647 2821 1832 2862 videtur.
1920 2820 2015 2863 Nec

1211 2891 1319 2932 opus
1351 2885 1454 2931 puto
1487 2879 1680 2920 scribere
1712 2881 1887 2920 τοιαῦτα
1918 2874 2014 2932 παρ’

1211 2936 1317 2988 ἐμοῦ
1346 2936 1664 2987 μανθάνουσιν.

1269 2994 1509 3048 δραχμῆς
1575 2993 1632 3036 ἐκ
1705 2997 1800 3048 τῆς
1860 2989 2012 3048 δοκή-

1213 3065 1378 3107 στρας
1419 3055 1503 3107 —]
1558 3052 1842 3094 Dacierius
1908 3053 2014 3094 haec

1208 3111 1265 3151 ita
1305 3111 1527 3165 iutelligit,
1576 3124 1627 3152 ac
1665 3110 1700 3150 si
1749 3111 1843 3152 libri
1894 3110 2013 3152 hisce

1210 3174 1492 3222 Anaxagorae
1533 3168 1705 3223 placitis
1755 3168 1902 3210 referti
1956 3180 2010 3209 ex

1207 3226 1427 3267 orchestra
1465 3226 1693 3269 drachmae
1737 3226 1877 3278 pretio
1924 3225 2007 3266 erni

1206 3285 1453 3337 potuerint,
1504 3285 1628 3338 eique
1665 3285 1902 3324 assentitur
1954 3286 2007 3323 A.

1207 3342 1244 3382 B
1269 3354 1296 3382 o
1316 3342 1426 3384 eck
1446 3342 1470 3385 h
1497 3342 1557 3384 iu
1581 3355 1602 3384 s
1655 3339 1822 3382 Oecon.
1872 3338 2004 3394 Reip.

1207 3397 1363 3442 Athen.
1405 3400 1496 3445 Vol.
1534 3399 1564 3441 1.
1598 3412 1638 3453 p.
1671 3396 1740 3442 68.
1774 3396 1841 3441 ed.
1877 3397 1917 3441 2.
1948 3409 2004 3438 ··.:
