2158 3718
410 140 540 178 XXII
1024 137 1256 178 PROLEG
1265 138 1470 178 OMENA

410 265 551 320 Nam
587 274 670 321 est
705 266 838 320 haec
873 264 1104 328 omnino,
1149 264 1325 320 iudice
1360 265 1599 330 Platone,
1646 265 1839 320 amoris
1879 266 2096 338 propria

407 346 614 402 natura,
650 346 709 391 ut
731 356 839 390 non
862 335 1018 390 modo
1042 334 1287 408 pulcrum
1311 346 1546 408 appetat,
1583 355 1769 390 verum
1793 336 1951 392 etiam
1972 337 2095 408 pul-

408 418 559 462 crum
595 426 662 460 ex
698 407 884 478 pulcro
920 424 1177 476 generare
1202 406 1411 477 gestiat.
1450 406 1813 474 Quamobrem
1835 407 1927 477 qui
1949 426 2097 461 more

406 478 892 562 philosophantium
929 485 1127 541 amant,
1165 476 1204 529 ii
1239 496 1344 531 non
1381 479 1550 532 solum
1582 478 1948 532 lubentissime
1987 478 2098 532 suis

406 569 426 601 1
469 549 513 603 si
567 548 756 602 animis
813 546 1101 618 sapientiae
1155 555 1425 617 tamquam
1477 550 1618 602 fetus
1674 549 1815 603 susci
1856 549 1974 602 iunt
2010 549 2096 618 (v.

457 619 638 673 haedr.
665 637 718 689 p.
746 618 867 671 249.
895 615 943 670 C
966 663 1035 671 .-.
1062 617 1182 671 253.
1210 616 1279 671 Ε.
1307 619 1421 672 coll.
1486 619 1574 676 De
1599 620 1737 692 Rep.
1765 569 1869 674 VR.
1895 638 1950 690 p.
1974 620 2097 674 490.

406 689 521 760 Β.),
568 707 756 742 verum
792 688 954 742 etiam
991 688 1333 759 cupidissime
1374 689 1431 742 id
1479 691 1709 756 student,
1755 699 1816 744 ut
1859 690 2101 762 pulcram

410 759 703 842 sapientiae
727 760 932 831 prolem
958 778 1026 812 ex
1049 759 1250 831 pulcris
1275 759 1502 831 gignant
1528 769 1581 815 et
1603 771 1904 832 procreent,
1943 761 2101 884 plane

404 830 511 883 ilhs
550 830 766 894 similes,
814 830 906 900 qui
948 830 1195 901 pulcrum
1241 849 1436 902 corpus
1472 840 1711 886 amantes
1745 832 1870 885 inde
1903 832 1941 884 li
1981 850 2102 885 eros

407 900 633 973 cupiunt
677 920 956 974 generare,
1004 901 1096 970 qui
1141 901 1370 955 nominis
1419 901 1502 955 sui
1546 901 1997 980 immortalitatem
2031 901 2102 954 ad

410 991 584 1025 seram
618 991 790 1042 usque
825 972 1188 1043 posteritatem
1226 982 1439 1026 servent
1473 981 1632 1042 atque
1706 981 1995 1044 ropagent3
2035 972 2102 1026 de

406 1060 514 1111 qua
542 1061 676 1100 rev.
713 1041 965 1113 SymPOS.
991 1061 1045 1113 p.
1073 1043 1371 1097 204-209.
1395 1043 1487 1107 D.‚
1522 1043 1616 1098 ubi
1651 993 1895 1098 lgiotima
1930 1051 2103 1097 totum

404 1113 549 1167 hunc
571 1113 748 1168 locum
767 1113 1042 1184 ,copiosius
1066 1132 1221 1184 perse
1260 1113 1422 1178 uitur,
1448 1122 1606 1184 atque
1630 1114 1919 1168 contendas
1943 1113 2105 1168 etiam

405 1183 638 1238 Phaedr.
673 1204 726 1256 p.
765 1185 885 1238 250.
919 1185 977 1237 A
1001 1230 1070 1238 -..
1095 1132 1309 1238 253.qE.
1375 1183 1644 1251 Quocirca
1686 1203 1835 1239 amor
1887 1185 2102 1238 divinus

406 1255 642 1326 pertinet
676 1256 838 1309 etiam
873 1255 943 1308 ad
977 1255 1143 1309 vitam
1186 1256 1464 1309 mortalem
1510 1255 1775 1329 habetque
1821 1274 1939 1309 eam
1974 1255 2101 1319 vim,

405 1334 469 1378 ut
503 1325 641 1379 inter
675 1326 915 1380 homines
954 1326 1243 1396 sapientiae
1281 1326 1515 1379 studium
1559 1326 1880 1380 incendatur
1927 1334 1980 1380 et
2013 1326 2101 1379 in-

406 1396 724 1462 flammetur,
761 1397 1031 1450 nutriatur
1056 1406 1108 1450 et
1132 1397 1501 1468 amplificetur,
1538 1415 1644 1467 quo
1669 1397 1778 1450 vita
1799 1396 2104 1450 mortalium

407 1467 604 1521 existat
641 1486 802 1538 quam
835 1468 1161 1522 beatissima.
1221 1466 1403 1537 Atque
1438 1467 1570 1521 haec
1618 1468 1739 1539 ipsa
1773 1486 1964 1522 caussa
2001 1475 2101 1533 est,

407 1557 504 1592 cur
538 1537 632 1607 qui
669 1557 732 1592 eo
766 1539 969 1593 incensi
1007 1547 1148 1603 sunt,
1193 1537 1232 1590 ii
1270 1538 1506 1592 studiose
1542 1539 1827 1609 anquirant
1862 1546 1913 1593 et
1946 1538 2101 1592 inve-

411 1609 612 1680 stigent
645 1609 1011 1663 adolescentes
1047 1609 1118 1661 ad
1155 1627 1271 1662 eam
1307 1627 1422 1663 rem
1456 1609 1692 1664 idoneo&
1741 1608 1894 1678 Quos
1933 1608 2103 1664 sicubi

405 1680 748 1745 invenerunt,
796 1680 938 1733 omni
983 1699 1085 1751 ope
1131 1679 1189 1731 id
1233 1689 1426 1751 agunt,
1476 1689 1538 1733 ut
1581 1680 1729 1752 ipsos
1775 1698 1988 1750 quoque
2033 1679 2104 1733 ad

407 1750 654 1806 coelestis
691 1751 982 1820 sapientiae
1007 1769 1240 1804 amorem
1269 1751 1569 1821 perducant
1603 1760 1657 1805 et
1689 1751 1884 1835 partici
1923 1770 1981 1804 es
2017 1751 2102 1805 fa-

408 1820 552 1875 ciant
577 1822 702 1875 ‘eius
739 1821 1030 1886 felicitatis,
1077 1840 1215 1891 quae
1261 1840 1329 1874 ex
1371 1821 1514 1876 illius
1561 1823 1738 1877 studio
1773 1823 1831 1876 in
1864 1841 1901 1893 p
1943 1822 2104 1876 ‘loso-

406 1891 565 1963 phiae
602 1901 841 1946 amantes
879 1892 1171 1946 certissime
1194 1892 1485 1955 redundat3
1525 1893 1593 1946 de
1631 1912 1738 1963 qua
1759 1913 1820 1948 re
1846 1893 2103 1947 classicus

405 1964 561 2016 locus
586 1971 670 2016 est
691 1962 924 2017 Phaedr.
949 1983 1001 2035 p.
1029 1964 1326 2018 246-256.
1362 1962 1438 2017 Et
1471 1963 1529 2016 in
1564 1963 1666 2018 hoc
1700 1963 1917 2034 quidem
1952 1973 2102 2017 utro-

408 2052 513 2103 que
548 2052 769 2088 munere
806 2043 913 2087 tam
951 2034 1352 2106 amplectendae
1389 2043 1444 2089 et
1480 2035 1917 2106 contemplandae
1942 2053 2104 2105 quam

406 2105 789 2176 propagandae
825 2114 879 2159 et
908 2105 965 2158 in
1000 2106 1175 2175 ipsam
1199 2105 1365 2158 vitam
1388 2104 1722 2160 inducendae
1746 2105 1987 2160 veritatis
2011 2124 2102 2159 ae-

407 2186 591 2229 ternae
627 2185 770 2230 recte
808 2195 872 2230 ac
907 2176 1133 2230 feliciter
1168 2175 1415 2231 obeundo
1441 2196 1575 2248 opus
1612 2184 1692 2230 est
1726 2176 2103 2242 dialectica,

409 2246 563 2300 cuius
599 2245 826 2302 facultas
861 2247 991 2301 item
1028 2247 1219 2301 animis
1255 2246 1504 2301 humanis
1542 2247 1796 2301 divinitus
1832 2247 2104 2318 impertita

409 2325 509 2381 est,
550 2317 708 2371 sicuti
745 2336 910 2387 quum
948 2318 1092 2382 alibi,
1132 2327 1246 2371 tum
1280 2317 1529 2389 inprimis
1552 2317 1782 2372 Phaedr.
1807 2337 1861 2390 p.
1889 2319 2009 2371 249.
2037 2316 2103 2371 C.

412 2406 527 2457 sqq.
565 2396 620 2442 et
641 2387 850 2442 Phileb.
918 2429 930 2442 .
958 2390 1040 2441 16.
1069 2387 1132 2443 C.
1172 2389 1409 2442 docetur.
1470 2389 1555 2442 Ea
1589 2389 1732 2443 enim
1769 2389 1927 2443 sicuti
1961 2388 2103 2442 veri-

407 2458 532 2512 tatis
569 2408 971 2530 cognoscengae
1008 2468 1280 2529 tamquam
1321 2460 1732 2514 instrumentum
1777 2459 2102 2532 suppeditat,

408 2529 561 2583 cuius
610 2530 770 2584 unius
816 2550 920 2584 usu
969 2530 1264 2585 inextincto
1310 2531 1387 2584 illi
1435 2540 1681 2585 aeternae
1724 2530 2103 2602 pulcritudinis

408 2600 673 2655 desiderio
712 2601 1073 2665 subveniatur,
1110 2601 1186 2654 ita
1223 2602 1382 2655 etiam
1419 2602 1488 2654 ad
1517 2602 1860 2673 explicandas
1885 2600 2100 2672 sapien-

408 2670 512 2723 tiae
550 2671 731 2741 copias
766 2672 1295 2753 patefaciendamque
1332 2672 1500 2724 divini
1545 2672 1742 2726 amoris
1788 2671 1899 2726 vim
1940 2671 2102 2744 plane

408 2749 488 2792 est
510 2759 831 2806 necessama,
857 2742 1288 2810 quandoquidem
1313 2742 1383 2793 ad
1407 2741 1720 2806 disserendi,
1747 2741 2101 2812 colloquendi,

409 2811 800 2863 sermocinandi
840 2830 992 2864 usum
1029 2821 1080 2864 ct
1125 2812 1565 2866 consuetudinem
1599 2813 1757 2867 unice
1791 2811 2100 2884 requiritur.

406 2880 508 2934 Est
543 2881 708 2951 igitur
742 2881 833 2934 illa
868 2900 954 2935 ars
990 2882 1149 2952 plane
1185 2883 1458 2948 amatoria,
1508 2884 1708 2955 quippe
1751 2902 1888 2954 quae
1933 2882 2101 2936 amori

406 2952 464 3004 in
501 2960 728 3021 utroque
764 2971 958 3023 genere
997 2962 1266 3022 tamquam
1301 2953 1667 3008 obstetriciam
1707 2963 1940 3026 praestet
1970 2973 2097 3025 ope-

407 3042 523 3076 ram
548 3022 895 3104 inprimisque
919 3022 976 3075 id
1000 3023 1211 3089 efficiat,
1249 3033 1309 3076 ut
1347 3026 1638 3095 sapientiae
1661 3026 1800 3079 fetus
1824 3034 1876 3078 et
1907 3024 2098 3078 animis

410 3093 776 3164 conciplantur
813 3103 865 3148 et
902 3095 1145 3165 concepti
1169 3096 1492 3165 quaerendo,
1529 3096 1856 3161 disserendo,
1895 3115 2095 3149 sermo-

411 3164 636 3218 cinando
659 3164 884 3218 feliciter
907 3166 962 3218 in
987 3166 1157 3219 lucem
1182 3167 1503 3230 educantur3
1543 3188 1592 3220 v,
1621 3165 1871 3238 Sympos.
1895 3186 1950 3237 p.
1977 3167 2094 3219 208.

412 3235 459 3286 Ε
484 3281 552 3288 ..-
579 3237 698 3290 209.
725 3235 793 3288 Ε.
840 3236 926 3290 De
951 3235 1183 3307 Republ.
1210 3237 1307 3292 VI.
1376 3278 1389 3291 .
1408 3240 1530 3292 490.
1551 3237 1618 3290 Β.
1655 3237 1882 3291 Phaedr.
1902 3257 1954 3310 p.
1975 3237 2094 3289 249.

410 3305 476 3359 Ε.
505 3325 635 3377 sqq„
663 3308 727 3362 al.
768 3305 1128 3374 Quamobrem
1155 3257 1446 3364 secundum
1470 3308 1745 3367 Platonem
1783 3327 1939 3363 verus
1977 3306 2094 3378 phi-
