2158 3718
485 156 1235 222 SYMPosltJM.p;.178
1275 158 1349 206 st.
1699 157 1772 208 39

77 301 143 358 εἴ·
173 321 226 356 τι
269 299 500 376 αἰσχρὸν
544 303 737 358 ποιῶν
794 298 1108 368 κατάδηλος
1165 304 1409 371 γίγνοιτο
1468 324 1503 369 η
1547 294 1791 373 πάσχων“

78 383 191 442 ὑπό
253 407 389 452 του,
442 384 514 441 δι’
577 384 888 456 ἀνανδρίαν
947 383 1023 456 μὴ
1067 383 1446 455 ἀμυνόμενος,
1505 380 1623 440 οὔτ’
1692 382 1767 441 ἂν

77 467 188 526 ὑπὸ
234 468 448 540 πατρὸς
475 468 761 546 ὀφθέντα
807 466 982 533 οὕτως
1023 468 1264 538 ἀλγῆσαι
1305 467 1431 525 οὔτε
1477 466 1586 525 ὑπὸ
1615 473 1761 524 ἑταί-

68 563 190 629 ραῖν
233 551 367 609 οὔτεΙ
403 552 504 608 ’ὑπ’
554 550 729 608 ἄλλον
771 551 1009 617 οὐδενός,
1053 551 1125 618 ὡς
1150 551 1258 609 ὑπὸ
1293 556 1579 612 παιδικῶν.
1625 551 1761 608 ταύ-

77 635 182 694 τὸν
242 641 298 693 δὲ
351 640 519 693 τοῦτο
579 640 670 692 καὶ
730 635 830 693 τὸν
872 635 1145 709 ἐρώμενον
1188 636 1402 712 ὁρῶμεν
1446 636 1533 694 ὅτι
1573 640 1765 712 διαφε-

78 719 289 794 ρόντως
327 719 461 786 τοὺς
503 720 741 793 ἐραστὰς
783 720 1136 792 αἰσχύνεται,
1177 719 1319 778 ὅταν
1364 722 1530 799 ὀφθῇ
1576 728 1634 776 ὲν
1678 727 1765 775 αὶ-

76 807 223 878 σχρῷ
267 825 377 860 τινι
423 803 519 861 ὤν.
565 812 610 860 εὶ
655 798 757 860 οὖν
798 802 1017 876 μηχανή
1061 826 1143 871 τις
1184 813 1427 874 γένοιτο,
1485 804 1618 869 ὥςτε
1661 803 1766 860 πό-

77 893 166 945 λιν
207 893 475 959 γενέσθαι
518 886 551 957 ἢ
607 890 984 961 στρατόπεδον
1042 893 1287 962 ἐραστῶν
1348 912 1403 946 τε
1449 893 1541 946 καὶ
1584 892 1770 944 παιδι-

79 975 217 1040 κῶν,
263 972 366 1029 οὐκ
406 977 556 1029 ἔστιν
597 970 747 1038 ὅπως
780 970 854 1028 ἂν
897 969 1127 1044 ἄμεινον
1173 973 1450 1042 οἰκήσειαν
1492 970 1595 1041 τὴν
1641 978 1769 1028 ἑαυ-
1847 966 1853 973 ’

78 1061 192 1114 τῶν
233 1053 265 1124 ἢ
310 1056 643 1130 ἀπεχόμενοι
704 1056 931 1112 πάντων
974 1060 1086 1112 τῶν
1129 1061 1370 1132 αἰσχρῶν
1415 1060 1506 1114 καὶ
1552 1060 1770 1133 φιλοτι-

81 1250 241 1291 tinetur
283 1248 565 1302 cognatione,
617 1252 664 1288 ut
703 1246 797 1289 huic
835 1253 953 1289 recte
998 1246 1181 1289 honores
1229 1252 1273 1289 et
1325 1261 1432 1303 opes
1479 1252 1769 1303 opponantur,

80 1307 221 1348 minus
252 1307 471 1358 eleganter
502 1305 744 1358 pulcritudo
777 1319 800 1347 e
831 1306 1010 1357 regione
1042 1307 1291 1348 coilocetur.

197 1364 246 1405 Ι).
309 1365 434 1416 λέγω
466 1363 518 1404 δὲ
548 1361 604 1415 δὴ
639 1364 915 1411 τίτοῦτοΙ
959 1363 1005 1403 δὲ
1037 1375 1122 1403 0111.
1154 1363 1257 1405 Par.
1288 1363 1436 1404 DFK.
1472 1363 1568 1403 Vat.
1600 1376 1643 1416 p.
1679 1362 1770 1403 Ba-

83 1421 192 1462 stius
223 1422 410 1463 malebat
440 1418 492 1472 δη
523 1436 567 1460 τι
608 1424 770 1473 τοῦτο,
814 1425 861 1461 ut
893 1425 960 1461 est
993 1420 1036 1461 in
1068 1418 1192 1462 Vind.
1231 1421 1268 1465 1.
1301 1419 1342 1463 2.
1377 1420 1417 1463 7.
1452 1421 1553 1462 Par.
1583 1421 1654 1472 K.;
1686 1432 1771 1460 non

82 1491 194 1533 opus
225 1478 476 1520 mutatione.

199 1537 326 1589 ἔργα
375 1531 834 1589 ἐξεργάζεσθαι]
856 1532 1122 1589 ἐργάζεσθαι
1178 1535 1280 1577 Par.
1336 1534 1436 1578 ΒΚ.
1484 1535 1583 1578 Vat.
1639 1547 1682 1588 p,
1727 1537 1773 1576 et

122 1605 238 1634 reuz.

83 1593 118 1658 ς
202 1650 255 1691 Ε.
316 1665 379 1692 wc
407 1664 510 1691 vno
543 1648 835 1717 παιδικῶν]
870 1647 959 1689 Pro
991 1644 1045 1693 ὥς
1074 1647 1174 1689 Par.
1209 1648 1305 1690 DK-
1347 1648 1444 1689 vat.
1477 1662 1516 1702 p
1556 1646 1596 1699 ἤ.

200 1705 289 1746 καὶ
319 1703 792 1760 φιλοτιμούμενοι
822 1705 958 1758 πρὸς
987 1703 1124 1758 αλλ]
1163 1706 1312 1747 Astius
1342 1706 1452 1745 coni.
1485 1705 1554 1744 καὶ
1584 1703 1653 1746 ἐπὶ
1682 1707 1774 1753 τοῖς

84 1763 229 1813 καλοῖς
259 1765 424 1817 quium,
457 1763 520 1805 uti
552 1763 592 1804 in
623 1762 918 1816 superioribus
949 1762 1160 1815 scriptum
1202 1762 1270 1802 ἐπὶ
1307 1767 1400 1809 τοῖς
1430 1760 1574 1810 καλοῖς
1605 1761 1774 1818 φιλοτι-

84 1823 201 1878 μίαν.
259 1819 355 1865 Nec
385 1825 530 1863 tamen
559 1819 627 1862 hic
657 1832 765 1876 opus
797 1825 865 1862 est
891 1821 976 1862 isto
1007 1819 1315 1862 additamento.

86 1962 241 2006 modo·
284 1962 333 2004 τί
360 1961 406 2003 δὲ
436 1959 486 2014 δὴ
522 1959 659 2001 τοῦτο’
691 1961 827 2014 ἐστιν,
859 1957 885 2002 δ’

87 2022 216 2075 λέγως

142 2077 361 2129 πάσχων
413 2073 518 2116 ὖπό
569 2089 666 2116 του
709 2097 767 2105 —
814 2072 881 2128 μὴ

87 2133 460 2189 ἀμυνόμενος]
521 2131 633 2174 Nam
676 2132 757 2173 viri
798 2132 888 2172 sor—

88 2194 143 2234 tis
186 2205 282 2234 esse
323 2191 550 2244 putabatur
584 2189 777 2230 iniuriam
816 2202 888 2230 ac-

89 2255 259 2304 ceptam
290 2248 436 2289 ulcisci
479 2252 524 2288 et
562 2246 728 2300 punire,
758 2259 798 2288 v.
834 2244 889 2286 ad

91 2308 252 2349 Criton.
307 2319 349 2359 p.
386 2303 457 2348 49.
511 2303 561 2344 C.
614 2302 737 2344 huius
787 2302 887 2344 edit.

90 2367 311 2407 annotata.

149 2422 200 2463 E.
263 2415 468 2460 ταυτόν
508 2416 560 2457 δὲ
599 2417 768 2457 τοῦτο
800 2415 890 2456 καὶ

90 2479 155 2533 τ.]
202 2479 248 2520 In
289 2477 351 2518 his
391 2473 556 2516 ταύτὸν
586 2479 719 2514 τοῦτο
759 2474 890 2515 abso—

89 2539 178 2580 lute
216 2535 408 2589 positum
440 2537 521 2573 est.
563 2531 613 2572 cf.
649 2531 811 2573 Phileb.
845 2544 888 2584 p.

90 2593 161 2637 37.
196 2593 253 2634 D·
286 2595 375 2645 μῶν
418 2588 498 2630 ουκ
529 2585 679 2643 ὅρθὴν
709 2593 782 2643 μὲν
814 2587 889 2629 δό-

91 2653 166 2698 ξαν
195 2652 395 2703 ἐροῦμεν,
427 2662 479 2686 αν
513 2644 747 2701 ὀρθότητα
779 2646 891 2701 ίσχη,

29 2707 35 2714 '
91 2706 259 2750 mahar
299 2709 340 2746 ὸὲ
377 2701 560 2757 ἦὸουίν,
612 2705 683 2744 ubi
729 2701 893 2744 ταυτὸν

93 2767 140 2808 δέ
166 2765 365 2806 absolute
397 2761 717 2814 accipiendum,
758 2760 894 2814 pari-

95 2828 290 2874 terque
331 2821 684 2889 voiuptatem.
731 2818 891 2870 Crntyi.

95 2877 271 2933 p..404
308 2877 370 2918 Ε·
403 2874 568 2916 ταύτόν
608 2876 652 2916 δὲ
690 2875 761 2915 καὶ
798 2874 895 2929 περὶ

98 2951 177 2976 τον
202 2932 409 2975 ’Ληολλω
451 2932 682 2985 Protagor.
715 2947 757 2986 p·
791 2931 892 2975 344

99 2993 160 3034 1)·
191 3007 261 3030 και
278 2986 463 3060 γεωργὸν
482 2988 642 3039 χαλεπὴ
663 2987 754 3043 ω’ρα
773 2989 896 3029 ἐπελ-

101 3053 252 3090 θοῦσα
282 3043 574 3098 ἅμήχανονᾶν
597 3049 696 3096 θείη
730 3045 798 3085 καὶ
827 3046 896 3084 ἰα-

101 3105 208 3159 τρὸν
246 3100 384 3144 ταυτὰ
427 3104 584 3142 ταῦτα.
641 3102 811 3144 Menon
858 3116 898 3155 p.

103 3165 174 3209 90.
215 3162 278 3202 D·
327 3157 486 3200 οὐκοῦν
523 3158 595 3198 καὶ
632 3160 730 3211 περί
765 3157 904 3209 αὐλή-

105 3235 208 3264 σεως
239 3217 308 3258 καὶ
329 3221 412 3257 τῶν
435 3213 568 3255 ἄλλων
588 3214 726 3256 ταύτὰ
758 3220 902 3255 ταῦτα

105 3276 237 3327 πολλὴ
273 3272 396 3314 &vomi
438 3274 579 3324 ἐστιν,
617 3274 903 3325 βουλομένους

106 3352 129 3375 κ
175 3351 215 3377 τ.
247 3350 282 3372 κ.
321 3331 555 3384 Politic.p
528 3344 571 3384 p.
613 3330 710 3373 308.
745 3329 799 3370 E.
838 3329 903 3371 De

108 3393 222 3446 Rep.
250 3390 305 3433 X.
337 3402 376 3443 p.
409 3387 503 3433 605.
541 3388 589 3429 Β.
630 3387 717 3429 Vll.
745 3400 786 3441 p.
806 3386 903 3431 535.

970 1961 1040 2012 D.‚
1073 1960 1143 2002 ubi
1163 1973 1205 2002 v.
1239 1972 1354 2011 ann.‚
1374 1958 1655 2002 Demosth.
1683 1959 1767 2000 Mi-

973 2018 1083 2059 dian.
1124 2031 1168 2071 p.
1209 2016 1306 2061 526.
1349 2023 1458 2061 extr.
1508 2017 1577 2059 ed.
1619 2017 1769 2058 Reisk.

971 2073 1117 2117 ἔπειθ’
1174 2073 1197 2114 o‘
1246 2074 1416 2126 πληγεὶς
1470 2075 1626 2121 ἐκεῖνος
1681 2071 1766 2123 ,ὑπὸ

972 2138 1055 2175 τοῦ
1113 2131 1369 2182 Πολιζήλου
1430 2131 1567 2172 ταύτὸ
1635 2135 1770 2170 τοῦτο

971 2191 1060 2231 ἰδία
1103 2188 1414 2241 διαλυοοῖμειος
1441 2212 1497 2218 —
1529 2186 1628 2229 ουδ’
1655 2186 1772 2238 ‘leq'-

971 2263 1074 2303 γαγε
1105 2246 1183 2286 τὸν
1220 2244 1488 2298 Πολύζηλον.
1547 2245 1773 2297 loquendi

974 2317 1110 2359 genus
1141 2312 1236 2344 cu'm
1269 2303 1390 2353 alibi,
1434 2308 1522 2344 tum
1562 2302 1642 2343 hoc
1673 2303 1771 2342 loco

972 2363 1088 2403 viros
1119 2360 1272 2401 doctos
1298 2360 1491 2415 iefeilit.)
1515 2357 1583 2399 Ἐν
1613 2359 1773 2413 αἰσχρῷ

973 2434 1061 2460 τινι
1122 2417 1232 2458 εἶναι
1290 2422 1357 2459 est
1415 2417 1465 2458 in
1515 2430 1573 2458 re
1621 2417 1772 2470 turpi

974 2475 1197 2518 versata

1032 2530 1314 2584 οἰκήσειαν
1392 2528 1487 2582 τὴν
1544 2529 1771 2584 ἑαυτῶν]

974 2591 1114 2632 lnteii.
1143 2587 1282 2630 πόλιν.
1349 2588 1605 2640 Quanquam
1643 2588 1774 2630 etiam

976 2661 1074 2689 voc.
1106 2645 1371 2700 σρατόπεδον
1402 2646 1663 2698 cogitatione
1692 2645 1776 2686 ite-

977 2703 1156 2746 randum
1191 2708 1270 2745 est.
1333 2703 1535 2744 Ceterum
1579 2716 1682 2744 cave
1713 2703 1777 2742 οἰ-

977 2766 1065 2803 κεῖν
1090 2774 1184 2802 cum
1208 2760 1376 2808 οἰκίζειν
1398 2758 1777 2812 confundas,qu0d

978 2831 1143 2871 nupero
1176 2817 1299 2858 huius
1323 2817 1419 2859 libri
1452 2817 1673 2870 interpreti
1705 2830 1778 2857 ac-

980 2876 1138 2918 cidisse
1163 2875 1318 2926 video,
1360 2879 1435 2915 aut
1475 2874 1651 2928 ἅμεινον
1677 2887 1778 2914 cum

979 2932 1289 2974 Hommelio
1351 2931 1581 2973 deiendum
1640 2936 1780 2984 putes.

979 2990 1092 3032 Nam
1129 3002 1205 3043 pro
1238 3002 1314 3040 eo,
1358 2988 1472 3042 quod
1512 2990 1573 3030 sic
1604 2993 1777 3042 poterat

982 3046 1085 3088 dici:
1127 3047 1338 3099 optime
1391 3057 1572 3087 eorum
1614 3044 1777 3085 admi-

983 3103 1325 3144 nistrabitur
1356 3103 1572 3153 civitas,
1605 3103 1667 3141 sic
1696 3114 1779 3153 po-

984 3160 1071 3200 tius
1118 3161 1322 3213 loquitur:
1384 3172 1482 3200 non
1527 3159 1631 3201 erit
1673 3169 1778 3209 qua

984 3217 1206 3259 ratione
1253 3217 1463 3258 melius
1502 3228 1645 3255 suam
1689 3226 1781 3266 ge-

986 3277 1108 3315 rant
1167 3273 1557 3328 rempublicam
1619 3282 1778 3322 quam

987 3331 1244 3385 turpibus
1303 3330 1467 3371 rebus
1525 3328 1780 3369 omnibus

987 3387 1328 3431 abstinentes
1371 3389 1457 3428 etc.
1488 3385 1673 3439 repetita
1705 3397 1780 3425 su-
