<?xml version="1.0" encoding="UTF-8"?>
<!DOCTYPE html PUBLIC "-//W3C//DTD XHTML 1.0 Transitional//EN"
    "http://www.w3.org/TR/xhtml1/DTD/xhtml1-transitional.dtd">
<html xmlns="http://www.w3.org/1999/xhtml" xml:lang="en" lang="en">
 <head>
  <title>
</title>
<meta http-equiv="Content-Type" content="text/html;charset=utf-8" />
  <meta name='ocr-system' content='tesseract 3.04.00' />
  <meta name='ocr-capabilities' content='ocr_page ocr_carea ocr_par ocr_line ocrx_word'/>
</head>
<body>
  <div class='ocr_page' id='page_1' title='image "./operaomniarecens01platuoft/operaomniarecens01platuoft_0659.png"; bbox 0 0 2158 3718; ppageno 0'>
   <div class='ocr_carea' id='block_1_1' title="bbox 694 178 1772 219">
    <p class='ocr_par' dir='ltr' id='par_1_1' title="bbox 694 178 1772 219">
     <span class='ocr_line' id='line_1_1' title="bbox 694 178 1772 219; baseline 0.002 -4"><span class='ocrx_word' id='word_1_1' title='bbox 694 179 775 215; x_wconf 86' lang='lat' dir='ltr'>AD</span> <span class='ocrx_word' id='word_1_2' title='bbox 815 178 1171 219; x_wconf 86' lang='lat' dir='ltr'>SYMPOSIUM.</span> <span class='ocrx_word' id='word_1_3' title='bbox 1638 178 1772 217; x_wconf 83' lang='lat' dir='ltr'><strong>XVII</strong></span> 
     </span>
    </p>
   </div>
   <div class='ocr_carea' id='block_1_2' title="bbox 9 303 1781 1787">
    <p class='ocr_par' dir='ltr' id='par_1_2' title="bbox 54 303 1772 447">
     <span class='ocr_line' id='line_1_2' title="bbox 54 303 1772 389; baseline -0.001 -29"><span class='ocrx_word' id='word_1_4' title='bbox 54 318 60 323; x_wconf 83' lang='lat'>&#39;</span> <span class='ocrx_word' id='word_1_5' title='bbox 91 304 254 360; x_wconf 90' lang='lat' dir='ltr'>Hunc</span> <span class='ocrx_word' id='word_1_6' title='bbox 289 305 455 389; x_wconf 78' lang='lat' dir='ltr'>igitur</span> <span class='ocrx_word' id='word_1_7' title='bbox 487 306 562 358; x_wconf 88' lang='lat' dir='ltr'>ita</span> <span class='ocrx_word' id='word_1_8' title='bbox 595 305 826 369; x_wconf 70' lang='lat' dir='ltr'>laudat,</span> <span class='ocrx_word' id='word_1_9' title='bbox 857 313 917 357; x_wconf 90' lang='lat' dir='ltr'>ut</span> <span class='ocrx_word' id='word_1_10' title='bbox 950 305 1006 358; x_wconf 90' lang='lat' dir='ltr'>in</span> <span class='ocrx_word' id='word_1_11' title='bbox 1043 304 1295 359; x_wconf 86' lang='lat' dir='ltr'>ebrietate</span> <span class='ocrx_word' id='word_1_12' title='bbox 1337 304 1412 359; x_wconf 92' lang='lat' dir='ltr'>nil</span> <span class='ocrx_word' id='word_1_13' title='bbox 1448 303 1551 356; x_wconf 88' lang='lat' dir='ltr'>nisi</span> <span class='ocrx_word' id='word_1_14' title='bbox 1588 323 1772 358; x_wconf 89' lang='lat' dir='ltr'>verum</span> 
     </span>
     <span class='ocr_line' id='line_1_3' title="bbox 87 377 959 447; baseline -0.002 -17"><span class='ocrx_word' id='word_1_15' title='bbox 87 386 427 447; x_wconf 79' lang='lat' dir='ltr'>pronuntlare</span> <span class='ocrx_word' id='word_1_16' title='bbox 462 395 583 429; x_wconf 92' lang='lat' dir='ltr'>eum</span> <span class='ocrx_word' id='word_1_17' title='bbox 618 385 873 446; x_wconf 80' lang='lat' dir='ltr'>appareat</span> <span class='ocrx_word' id='word_1_18' title='bbox 891 377 959 443; x_wconf 68' lang='lat'><strong>³¹⁶).</strong></span> 
     </span>
    </p>

    <p class='ocr_par' dir='ltr' id='par_1_3' title="bbox 85 443 1776 941">
     <span class='ocr_line' id='line_1_4' title="bbox 155 443 1771 516; baseline 0 -17"><span class='ocrx_word' id='word_1_19' title='bbox 155 447 429 502; x_wconf 84' lang='lat' dir='ltr'><strong>Describit</strong></span> <span class='ocrx_word' id='word_1_20' title='bbox 474 446 665 499; x_wconf 85' lang='lat' dir='ltr'>faciem</span> <span class='ocrx_word' id='word_1_21' title='bbox 701 446 814 499; x_wconf 90' lang='lat' dir='ltr'>eius</span> <span class='ocrx_word' id='word_1_22' title='bbox 850 455 903 499; x_wconf 90' lang='lat' dir='ltr'>et</span> <span class='ocrx_word' id='word_1_23' title='bbox 937 446 1165 510; x_wconf 89' lang='lat' dir='ltr'>vultum,</span> <span class='ocrx_word' id='word_1_24' title='bbox 1218 464 1373 516; x_wconf 88' lang='lat' dir='ltr'>quem</span> <span class='ocrx_word' id='word_1_25' title='bbox 1413 464 1535 498; x_wconf 89' lang='lat' dir='ltr'>cum</span> <span class='ocrx_word' id='word_1_26' title='bbox 1571 443 1771 499; x_wconf 89' lang='lat' dir='ltr'>Silenis</span> 
     </span>
     <span class='ocr_line' id='line_1_5' title="bbox 86 516 1769 589; baseline -0.002 -18"><span class='ocrx_word' id='word_1_27' title='bbox 86 527 374 589; x_wconf 87' lang='lat' dir='ltr'>comparat.</span> <span class='ocrx_word' id='word_1_28' title='bbox 433 516 499 569; x_wconf 91' lang='lat' dir='ltr'>In</span> <span class='ocrx_word' id='word_1_29' title='bbox 544 517 658 570; x_wconf 90' lang='lat' dir='ltr'>eius</span> <span class='ocrx_word' id='word_1_30' title='bbox 701 517 872 569; x_wconf 90' lang='lat' dir='ltr'>ironia</span> <span class='ocrx_word' id='word_1_31' title='bbox 918 525 1118 586; x_wconf 88' lang='lat' dir='ltr'>quanta</span> <span class='ocrx_word' id='word_1_32' title='bbox 1151 516 1234 581; x_wconf 57' lang='lat' dir='ltr'>xsit</span> <span class='ocrx_word' id='word_1_33' title='bbox 1271 516 1534 586; x_wconf 81' lang='lat' dir='ltr'>sapientia</span> <span class='ocrx_word' id='word_1_34' title='bbox 1569 525 1623 569; x_wconf 91' lang='lat' dir='ltr'>et</span> <span class='ocrx_word' id='word_1_35' title='bbox 1660 517 1769 569; x_wconf 91' lang='lat' dir='ltr'>elo-</span> 
     </span>
     <span class='ocr_line' id='line_1_6' title="bbox 87 586 1775 659; baseline -0.002 -18"><span class='ocrx_word' id='word_1_36' title='bbox 87 589 328 658; x_wconf 79' lang='lat' dir='ltr'>quentia,</span> <span class='ocrx_word' id='word_1_37' title='bbox 381 587 562 651; x_wconf 88' lang='lat' dir='ltr'>docet,</span> <span class='ocrx_word' id='word_1_38' title='bbox 618 588 926 659; x_wconf 89' lang='lat' dir='ltr'>patientiam</span> <span class='ocrx_word' id='word_1_39' title='bbox 976 597 1029 641; x_wconf 91' lang='lat' dir='ltr'>et</span> <span class='ocrx_word' id='word_1_40' title='bbox 1073 587 1436 640; x_wconf 87' lang='lat' dir='ltr'>fortitudinem</span> <span class='ocrx_word' id='word_1_41' title='bbox 1481 587 1538 639; x_wconf 90' lang='lat' dir='ltr'>in</span> <span class='ocrx_word' id='word_1_42' title='bbox 1587 586 1775 640; x_wconf 88' lang='lat' dir='ltr'>militia</span> 
     </span>
     <span class='ocr_line' id='line_1_7' title="bbox 85 657 1776 728; baseline -0.001 -17"><span class='ocrx_word' id='word_1_43' title='bbox 85 659 282 723; x_wconf 88' lang='lat' dir='ltr'>laudat,</span> <span class='ocrx_word' id='word_1_44' title='bbox 320 658 635 711; x_wconf 82' lang='lat' dir='ltr'>immortalia</span> <span class='ocrx_word' id='word_1_45' title='bbox 669 658 735 711; x_wconf 90' lang='lat' dir='ltr'>de</span> <span class='ocrx_word' id='word_1_46' title='bbox 774 657 857 711; x_wconf 91' lang='lat' dir='ltr'>sui</span> <span class='ocrx_word' id='word_1_47' title='bbox 894 666 947 711; x_wconf 91' lang='lat' dir='ltr'>et</span> <span class='ocrx_word' id='word_1_48' title='bbox 970 659 1192 711; x_wconf 90' lang='lat' dir='ltr'>aliorum</span> <span class='ocrx_word' id='word_1_49' title='bbox 1214 658 1467 711; x_wconf 91' lang='lat' dir='ltr'>iuvenum</span> <span class='ocrx_word' id='word_1_50' title='bbox 1492 657 1776 728; x_wconf 82' lang='lat' dir='ltr'>disciplina</span> 
     </span>
     <span class='ocr_line' id='line_1_8' title="bbox 85 728 1775 800; baseline -0.001 -18"><span class='ocrx_word' id='word_1_51' title='bbox 85 729 358 800; x_wconf 86' lang='lat' dir='ltr'>praedicat</span> <span class='ocrx_word' id='word_1_52' title='bbox 408 729 614 782; x_wconf 89' lang='lat' dir='ltr'>merita.</span> <span class='ocrx_word' id='word_1_53' title='bbox 683 729 974 782; x_wconf 87' lang='lat' dir='ltr'>Praeterea</span> <span class='ocrx_word' id='word_1_54' title='bbox 1020 729 1134 782; x_wconf 91' lang='lat' dir='ltr'>eius</span> <span class='ocrx_word' id='word_1_55' title='bbox 1185 729 1452 782; x_wconf 79' lang='lat' dir='ltr'>sanctitati</span> <span class='ocrx_word' id='word_1_56' title='bbox 1496 728 1552 780; x_wconf 91' lang='lat' dir='ltr'>in</span> <span class='ocrx_word' id='word_1_57' title='bbox 1597 746 1775 795; x_wconf 86' lang='lat' dir='ltr'>amore</span> 
     </span>
     <span class='ocr_line' id='line_1_9' title="bbox 85 797 1771 869; baseline -0.001 -16"><span class='ocrx_word' id='word_1_58' title='bbox 85 798 436 853; x_wconf 79' lang='lat' dir='ltr'>clarissimum</span> <span class='ocrx_word' id='word_1_59' title='bbox 471 799 564 852; x_wconf 89' lang='lat' dir='ltr'>dat</span> <span class='ocrx_word' id='word_1_60' title='bbox 599 800 975 863; x_wconf 87' lang='lat' dir='ltr'>testimonium,</span> <span class='ocrx_word' id='word_1_61' title='bbox 1016 818 1178 869; x_wconf 88' lang='lat' dir='ltr'>seque</span> <span class='ocrx_word' id='word_1_62' title='bbox 1216 819 1248 852; x_wconf 91' lang='lat' dir='ltr'>a</span> <span class='ocrx_word' id='word_1_63' title='bbox 1285 797 1505 853; x_wconf 89' lang='lat' dir='ltr'>Socrate</span> <span class='ocrx_word' id='word_1_64' title='bbox 1540 818 1646 853; x_wconf 91' lang='lat' dir='ltr'>non</span> <span class='ocrx_word' id='word_1_65' title='bbox 1686 817 1771 852; x_wconf 87' lang='lat' dir='ltr'>se-</span> 
     </span>
     <span class='ocr_line' id='line_1_10' title="bbox 85 870 1551 941; baseline 0 -18"><span class='ocrx_word' id='word_1_66' title='bbox 85 889 181 924; x_wconf 87' lang='lat' dir='ltr'>cus</span> <span class='ocrx_word' id='word_1_67' title='bbox 218 889 281 924; x_wconf 89' lang='lat' dir='ltr'>ac</span> <span class='ocrx_word' id='word_1_68' title='bbox 315 870 482 933; x_wconf 90' lang='lat' dir='ltr'>filium</span> <span class='ocrx_word' id='word_1_69' title='bbox 518 889 551 923; x_wconf 92' lang='lat' dir='ltr'>a</span> <span class='ocrx_word' id='word_1_70' title='bbox 585 880 738 941; x_wconf 89' lang='lat' dir='ltr'>patre</span> <span class='ocrx_word' id='word_1_71' title='bbox 777 879 1013 924; x_wconf 88' lang='lat' dir='ltr'>amatum</span> <span class='ocrx_word' id='word_1_72' title='bbox 1050 889 1167 924; x_wconf 91' lang='lat' dir='ltr'>esse</span> <span class='ocrx_word' id='word_1_73' title='bbox 1191 871 1431 923; x_wconf 83' lang='lat' dir='ltr'>affirmat</span> <span class='ocrx_word' id='word_1_74' title='bbox 1449 870 1551 937; x_wconf 78' lang='lat'><em>**).</em></span> 
     </span>
    </p>

    <p class='ocr_par' dir='ltr' id='par_1_4' title="bbox 83 938 1777 1224">
     <span class='ocr_line' id='line_1_11' title="bbox 157 938 1774 1011; baseline 0 -18"><span class='ocrx_word' id='word_1_75' title='bbox 157 938 444 995; x_wconf 86' lang='lat' dir='ltr'>Sodalibus</span> <span class='ocrx_word' id='word_1_76' title='bbox 482 941 596 995; x_wconf 90' lang='lat' dir='ltr'>eius</span> <span class='ocrx_word' id='word_1_77' title='bbox 633 941 868 995; x_wconf 87' lang='lat' dir='ltr'>oratione</span> <span class='ocrx_word' id='word_1_78' title='bbox 904 941 1247 1004; x_wconf 71' lang='lat' dir='ltr'>exhilaratis,</span> <span class='ocrx_word' id='word_1_79' title='bbox 1281 959 1407 994; x_wconf 85' lang='lat' dir='ltr'>mox</span> <span class='ocrx_word' id='word_1_80' title='bbox 1451 939 1540 993; x_wconf 91' lang='lat' dir='ltr'>alii</span> <span class='ocrx_word' id='word_1_81' title='bbox 1587 959 1774 1011; x_wconf 84' lang='lat' dir='ltr'>super-</span> 
     </span>
     <span class='ocr_line' id='line_1_12' title="bbox 85 1011 1774 1082; baseline -0.001 -18"><span class='ocrx_word' id='word_1_82' title='bbox 85 1011 306 1064; x_wconf 88' lang='lat' dir='ltr'>veniunt</span> <span class='ocrx_word' id='word_1_83' title='bbox 342 1011 731 1076; x_wconf 79' lang='lat' dir='ltr'>comissatoreS,</span> <span class='ocrx_word' id='word_1_84' title='bbox 782 1011 952 1065; x_wconf 91' lang='lat' dir='ltr'>turbis</span> <span class='ocrx_word' id='word_1_85' title='bbox 986 1011 1241 1082; x_wconf 76' lang='lat' dir='ltr'>repletur¹</span> <span class='ocrx_word' id='word_1_86' title='bbox 1260 1011 1579 1074; x_wconf 86' lang='lat' dir='ltr'>convivium,</span> <span class='ocrx_word' id='word_1_87' title='bbox 1617 1019 1774 1081; x_wconf 83' lang='lat' dir='ltr'>pota—</span> 
     </span>
     <span class='ocr_line' id='line_1_13' title="bbox 86 1080 1777 1152; baseline -0.001 -18"><span class='ocrx_word' id='word_1_88' title='bbox 86 1090 190 1147; x_wconf 91' lang='lat' dir='ltr'>tur,</span> <span class='ocrx_word' id='word_1_89' title='bbox 227 1080 419 1151; x_wconf 83' lang='lat' dir='ltr'>reliqui</span> <span class='ocrx_word' id='word_1_90' title='bbox 454 1081 729 1152; x_wconf 87' lang='lat' dir='ltr'>paullatim</span> <span class='ocrx_word' id='word_1_91' title='bbox 764 1082 851 1136; x_wconf 86' lang='lat' dir='ltr'>vel</span> <span class='ocrx_word' id='word_1_92' title='bbox 875 1082 1092 1134; x_wconf 92' lang='lat' dir='ltr'>domum</span> <span class='ocrx_word' id='word_1_93' title='bbox 1120 1081 1398 1134; x_wconf 88' lang='lat' dir='ltr'>discedunt</span> <span class='ocrx_word' id='word_1_94' title='bbox 1432 1081 1519 1135; x_wconf 86' lang='lat' dir='ltr'>vel</span> <span class='ocrx_word' id='word_1_95' title='bbox 1552 1080 1629 1133; x_wconf 92' lang='lat' dir='ltr'>ibi</span> <span class='ocrx_word' id='word_1_96' title='bbox 1664 1100 1777 1133; x_wconf 89' lang='lat' dir='ltr'>ma-</span> 
     </span>
     <span class='ocr_line' id='line_1_14' title="bbox 83 1148 1776 1224; baseline 0 -20"><span class='ocrx_word' id='word_1_97' title='bbox 83 1160 268 1205; x_wconf 85' lang='lat' dir='ltr'>nentes</span> <span class='ocrx_word' id='word_1_98' title='bbox 307 1170 491 1206; x_wconf 88' lang='lat' dir='ltr'>somno</span> <span class='ocrx_word' id='word_1_99' title='bbox 537 1152 833 1223; x_wconf 87' lang='lat' dir='ltr'>sopiuntur.</span> <span class='ocrx_word' id='word_1_100' title='bbox 891 1150 1132 1224; x_wconf 77' lang='lat' dir='ltr'>Agatho,</span> <span class='ocrx_word' id='word_1_101' title='bbox 1185 1148 1435 1205; x_wconf 82' lang='lat' dir='ltr'>Socrates</span> <span class='ocrx_word' id='word_1_102' title='bbox 1474 1159 1528 1204; x_wconf 89' lang='lat' dir='ltr'>et</span> <span class='ocrx_word' id='word_1_103' title='bbox 1563 1150 1776 1204; x_wconf 56' lang='lat' dir='ltr'>Aristo*</span> 
     </span>
    </p>

    <p class='ocr_par' dir='ltr' id='par_1_5' title="bbox 9 1221 1781 1787">
     <span class='ocr_line' id='line_1_15' title="bbox 121 1221 1779 1294; baseline -0.001 -20"><span class='ocrx_word' id='word_1_104' title='bbox 121 1222 288 1276; x_wconf 91' lang='lat' dir='ltr'>hanes</span> <span class='ocrx_word' id='word_1_105' title='bbox 350 1222 448 1276; x_wconf 92' lang='lat' dir='ltr'>soli</span> <span class='ocrx_word' id='word_1_106' title='bbox 505 1222 722 1294; x_wconf 88' lang='lat' dir='ltr'>longam</span> <span class='ocrx_word' id='word_1_107' title='bbox 781 1230 992 1275; x_wconf 88' lang='lat' dir='ltr'>noctem</span> <span class='ocrx_word' id='word_1_108' title='bbox 1055 1240 1227 1290; x_wconf 88' lang='lat' dir='ltr'>usque</span> <span class='ocrx_word' id='word_1_109' title='bbox 1289 1222 1368 1274; x_wconf 45' lang='lat' dir='ltr'>ad&gt;</span> <span class='ocrx_word' id='word_1_110' title='bbox 1419 1221 1543 1275; x_wconf 90' lang='lat' dir='ltr'>solis</span> <span class='ocrx_word' id='word_1_111' title='bbox 1603 1229 1779 1275; x_wconf 89' lang='lat' dir='ltr'>ortum</span> 
     </span>
     <span class='ocr_line' id='line_1_16' title="bbox 83 1241 1780 1365; baseline -0.001 -19"><span class='ocrx_word' id='word_1_112' title='bbox 83 1241 317 1347; x_wconf 57' lang='lat' dir='ltr'>bibendo</span> <span class='ocrx_word' id='word_1_113' title='bbox 363 1293 684 1365; x_wconf 72' lang='lat' dir='ltr'>transigunt,</span> <span class='ocrx_word' id='word_1_114' title='bbox 762 1292 1014 1359; x_wconf 86' lang='lat' dir='ltr'>Socrates</span> <span class='ocrx_word' id='word_1_115' title='bbox 1042 1292 1297 1363; x_wconf 48' lang='lat' dir='ltr'>xdisputat</span> <span class='ocrx_word' id='word_1_116' title='bbox 1344 1292 1412 1346; x_wconf 92' lang='lat' dir='ltr'>de</span> <span class='ocrx_word' id='word_1_117' title='bbox 1458 1291 1670 1364; x_wconf 88' lang='lat' dir='ltr'>poetica</span> <span class='ocrx_word' id='word_1_118' title='bbox 1727 1301 1780 1345; x_wconf 89' lang='lat' dir='ltr'>et</span> 
     </span>
     <span class='ocr_line' id='line_1_17' title="bbox 84 1362 1780 1435; baseline -0.001 -19"><span class='ocrx_word' id='word_1_119' title='bbox 84 1363 413 1418; x_wconf 84' lang='lat' dir='ltr'>demonstrat</span> <span class='ocrx_word' id='word_1_120' title='bbox 448 1364 687 1417; x_wconf 90' lang='lat' dir='ltr'>eiusdem</span> <span class='ocrx_word' id='word_1_121' title='bbox 724 1382 841 1417; x_wconf 89' lang='lat' dir='ltr'>esse</span> <span class='ocrx_word' id='word_1_122' title='bbox 876 1371 1069 1434; x_wconf 88' lang='lat' dir='ltr'>poetae</span> <span class='ocrx_word' id='word_1_123' title='bbox 1105 1362 1339 1417; x_wconf 86' lang='lat' dir='ltr'>officium</span> <span class='ocrx_word' id='word_1_124' title='bbox 1376 1371 1428 1416; x_wconf 89' lang='lat' dir='ltr'>et</span> <span class='ocrx_word' id='word_1_125' title='bbox 1451 1362 1780 1435; x_wconf 87' lang='lat' dir='ltr'>tragoediam</span> 
     </span>
     <span class='ocr_line' id='line_1_18' title="bbox 84 1433 1781 1489; baseline -0.002 -1"><span class='ocrx_word' id='word_1_126' title='bbox 84 1443 140 1488; x_wconf 90' lang='lat' dir='ltr'>et</span> <span class='ocrx_word' id='word_1_127' title='bbox 191 1434 516 1489; x_wconf 85' lang='lat' dir='ltr'>comoediam</span> <span class='ocrx_word' id='word_1_128' title='bbox 571 1433 820 1489; x_wconf 89' lang='lat' dir='ltr'>scribere.</span> <span class='ocrx_word' id='word_1_129' title='bbox 889 1434 978 1489; x_wconf 90' lang='lat' dir='ltr'>Illi</span> <span class='ocrx_word' id='word_1_130' title='bbox 1035 1433 1340 1487; x_wconf 90' lang='lat' dir='ltr'>semisomni</span> <span class='ocrx_word' id='word_1_131' title='bbox 1388 1452 1510 1487; x_wconf 91' lang='lat' dir='ltr'>eum</span> <span class='ocrx_word' id='word_1_132' title='bbox 1554 1433 1781 1486; x_wconf 89' lang='lat' dir='ltr'>audiunt</span> 
     </span>
     <span class='ocr_line' id='line_1_19' title="bbox 86 1503 1779 1576; baseline -0.002 -17"><span class='ocrx_word' id='word_1_133' title='bbox 86 1513 140 1559; x_wconf 88' lang='lat' dir='ltr'>et</span> <span class='ocrx_word' id='word_1_134' title='bbox 174 1505 386 1559; x_wconf 86' lang='lat' dir='ltr'>tandem</span> <span class='ocrx_word' id='word_1_135' title='bbox 423 1504 779 1569; x_wconf 90' lang='lat' dir='ltr'>obdormiunt,</span> <span class='ocrx_word' id='word_1_136' title='bbox 816 1503 1021 1576; x_wconf 86' lang='lat' dir='ltr'>primus</span> <span class='ocrx_word' id='word_1_137' title='bbox 1058 1504 1468 1575; x_wconf 76' lang='lat' dir='ltr'>AristophaneS,</span> <span class='ocrx_word' id='word_1_138' title='bbox 1509 1504 1779 1557; x_wconf 86' lang='lat' dir='ltr'>secundus</span> 
     </span>
     <span class='ocr_line' id='line_1_20' title="bbox 84 1574 1780 1649; baseline -0.001 -20"><span class='ocrx_word' id='word_1_139' title='bbox 84 1575 321 1649; x_wconf 85' lang='lat' dir='ltr'>Agatho.</span> <span class='ocrx_word' id='word_1_140' title='bbox 386 1574 637 1629; x_wconf 87' lang='lat' dir='ltr'>Socrates</span> <span class='ocrx_word' id='word_1_141' title='bbox 681 1576 860 1630; x_wconf 88' lang='lat' dir='ltr'>lautus</span> <span class='ocrx_word' id='word_1_142' title='bbox 909 1595 1032 1629; x_wconf 91' lang='lat' dir='ltr'>cum</span> <span class='ocrx_word' id='word_1_143' title='bbox 1064 1575 1406 1629; x_wconf 88' lang='lat' dir='ltr'>Aristodemo</span> <span class='ocrx_word' id='word_1_144' title='bbox 1441 1575 1499 1628; x_wconf 92' lang='lat' dir='ltr'>in</span> <span class='ocrx_word' id='word_1_145' title='bbox 1534 1574 1780 1645; x_wconf 87' lang='lat' dir='ltr'>Lyceum</span> 
     </span>
     <span class='ocr_line' id='line_1_21' title="bbox 86 1645 1781 1717; baseline -0.002 -17"><span class='ocrx_word' id='word_1_146' title='bbox 86 1664 144 1700; x_wconf 89' lang='lat' dir='ltr'>se</span> <span class='ocrx_word' id='word_1_147' title='bbox 196 1647 406 1700; x_wconf 88' lang='lat' dir='ltr'>confert</span> <span class='ocrx_word' id='word_1_148' title='bbox 461 1646 644 1717; x_wconf 91' lang='lat' dir='ltr'>ibique</span> <span class='ocrx_word' id='word_1_149' title='bbox 693 1654 804 1700; x_wconf 89' lang='lat' dir='ltr'>toto</span> <span class='ocrx_word' id='word_1_150' title='bbox 849 1646 935 1700; x_wconf 90' lang='lat' dir='ltr'>die</span> <span class='ocrx_word' id='word_1_151' title='bbox 977 1654 1194 1717; x_wconf 90' lang='lat' dir='ltr'>peracto</span> <span class='ocrx_word' id='word_1_152' title='bbox 1241 1665 1358 1700; x_wconf 88' lang='lat' dir='ltr'>sero</span> <span class='ocrx_word' id='word_1_153' title='bbox 1406 1646 1624 1700; x_wconf 86' lang='lat' dir='ltr'>domum</span> <span class='ocrx_word' id='word_1_154' title='bbox 1668 1645 1781 1699; x_wconf 87' lang='lat' dir='ltr'>abit</span> 
     </span>
     <span class='ocr_line' id='line_1_22' title="bbox 9 1716 521 1787; baseline 0.002 -18"><span class='ocrx_word' id='word_1_155' title='bbox 9 1761 14 1765; x_wconf 92' lang='lat'>.</span> <span class='ocrx_word' id='word_1_156' title='bbox 83 1716 369 1772; x_wconf 90' lang='lat' dir='ltr'>dormitum</span> <span class='ocrx_word' id='word_1_157' title='bbox 391 1716 521 1787; x_wconf 78' lang='lat'><em>***).</em></span> 
     </span>
    </p>
   </div>
   <div class='ocr_carea' id='block_1_3' title="bbox 84 1888 1778 2160">
    <p class='ocr_par' dir='ltr' id='par_1_6' title="bbox 84 1888 1778 2160">
     <span class='ocr_line' id='line_1_23' title="bbox 153 1888 1778 1966; baseline -0.002 -21"><span class='ocrx_word' id='word_1_158' title='bbox 153 1891 276 1946; x_wconf 93' lang='lat' dir='ltr'>Hoc</span> <span class='ocrx_word' id='word_1_159' title='bbox 305 1893 472 1965; x_wconf 86' lang='lat' dir='ltr'>igitur</span> <span class='ocrx_word' id='word_1_160' title='bbox 495 1901 575 1946; x_wconf 92' lang='lat' dir='ltr'>est</span> <span class='ocrx_word' id='word_1_161' title='bbox 604 1893 730 1948; x_wconf 90' lang='lat' dir='ltr'>libri</span> <span class='ocrx_word' id='word_1_162' title='bbox 764 1902 1139 1966; x_wconf 86' lang='lat' dir='ltr'>argumentum</span> <span class='ocrx_word' id='word_1_163' title='bbox 1173 1888 1363 1945; x_wconf 87' lang='lat' dir='ltr'>leviter</span> <span class='ocrx_word' id='word_1_164' title='bbox 1387 1888 1778 1954; x_wconf 86' lang='lat' dir='ltr'>adumbratum,</span> 
     </span>
     <span class='ocr_line' id='line_1_24' title="bbox 85 1961 1774 2033; baseline -0.002 -17"><span class='ocrx_word' id='word_1_165' title='bbox 85 1962 411 2018; x_wconf 87' lang='lat' dir='ltr'>circumcisis</span> <span class='ocrx_word' id='word_1_166' title='bbox 446 1964 631 2019; x_wconf 89' lang='lat' dir='ltr'>multis</span> <span class='ocrx_word' id='word_1_167' title='bbox 666 1963 1054 2028; x_wconf 86' lang='lat' dir='ltr'>venustatibus,</span> <span class='ocrx_word' id='word_1_168' title='bbox 1095 1963 1287 2032; x_wconf 90' lang='lat' dir='ltr'>quibus</span> <span class='ocrx_word' id='word_1_169' title='bbox 1325 1962 1568 2033; x_wconf 84' lang='lat' dir='ltr'>dialogus</span> <span class='ocrx_word' id='word_1_170' title='bbox 1606 1961 1675 2013; x_wconf 92' lang='lat' dir='ltr'>ad</span> <span class='ocrx_word' id='word_1_171' title='bbox 1702 1961 1774 2014; x_wconf 92' lang='lat' dir='ltr'>si-</span> 
     </span>
     <span class='ocr_line' id='line_1_25' title="bbox 84 2031 1778 2105; baseline -0.001 -19"><span class='ocrx_word' id='word_1_172' title='bbox 84 2033 436 2088; x_wconf 88' lang='lat' dir='ltr'>militudinem</span> <span class='ocrx_word' id='word_1_173' title='bbox 471 2034 613 2091; x_wconf 85' lang='lat' dir='ltr'>vitae</span> <span class='ocrx_word' id='word_1_174' title='bbox 649 2035 992 2105; x_wconf 89' lang='lat' dir='ltr'>quotidianae</span> <span class='ocrx_word' id='word_1_175' title='bbox 1029 2042 1083 2088; x_wconf 88' lang='lat' dir='ltr'>et</span> <span class='ocrx_word' id='word_1_176' title='bbox 1117 2034 1289 2105; x_wconf 89' lang='lat' dir='ltr'>ipsius</span> <span class='ocrx_word' id='word_1_177' title='bbox 1325 2048 1503 2086; x_wconf 87' lang='lat' dir='ltr'>rerum</span> <span class='ocrx_word' id='word_1_178' title='bbox 1536 2031 1778 2086; x_wconf 86' lang='lat' dir='ltr'>veritatis</span> 
     </span>
     <span class='ocr_line' id='line_1_26' title="bbox 87 2104 579 2160; baseline 0.002 -3"><span class='ocrx_word' id='word_1_179' title='bbox 87 2104 446 2159; x_wconf 89' lang='lat' dir='ltr'>conformatus</span> <span class='ocrx_word' id='word_1_180' title='bbox 483 2114 579 2160; x_wconf 88' lang='lat' dir='ltr'>est.</span> 
     </span>
    </p>
   </div>
   <div class='ocr_carea' id='block_1_4' title="bbox 0 2278 1779 3128">
    <p class='ocr_par' dir='ltr' id='par_1_7' title="bbox 86 2278 1779 2617">
     <span class='ocr_line' id='line_1_27' title="bbox 139 2278 1778 2350; baseline -0.001 -17"><span class='ocrx_word' id='word_1_181' title='bbox 139 2278 440 2350; x_wconf 78' lang='lat' dir='ltr'>Sequitur,</span> <span class='ocrx_word' id='word_1_182' title='bbox 486 2289 548 2334; x_wconf 92' lang='lat' dir='ltr'>ut</span> <span class='ocrx_word' id='word_1_183' title='bbox 575 2281 947 2350; x_wconf 17' lang='lat' dir='ltr'>*quaerendum</span> <span class='ocrx_word' id='word_1_184' title='bbox 986 2280 1053 2333; x_wconf 84' lang='lat' dir='ltr'>sit</span> <span class='ocrx_word' id='word_1_185' title='bbox 1088 2281 1154 2332; x_wconf 91' lang='lat' dir='ltr'>de</span> <span class='ocrx_word' id='word_1_186' title='bbox 1190 2278 1427 2334; x_wconf 86' lang='lat' dir='ltr'>universi</span> <span class='ocrx_word' id='word_1_187' title='bbox 1462 2279 1638 2349; x_wconf 89' lang='lat' dir='ltr'>operis</span> <span class='ocrx_word' id='word_1_188' title='bbox 1674 2279 1778 2332; x_wconf 89' lang='lat' dir='ltr'>fine</span> 
     </span>
     <span class='ocr_line' id='line_1_28' title="bbox 86 2349 1778 2422; baseline -0.001 -19"><span class='ocrx_word' id='word_1_189' title='bbox 86 2368 150 2404; x_wconf 89' lang='lat' dir='ltr'>ac</span> <span class='ocrx_word' id='word_1_190' title='bbox 191 2351 492 2422; x_wconf 89' lang='lat' dir='ltr'>proposito,</span> <span class='ocrx_word' id='word_1_191' title='bbox 542 2351 610 2405; x_wconf 90' lang='lat' dir='ltr'>de</span> <span class='ocrx_word' id='word_1_192' title='bbox 658 2369 764 2421; x_wconf 91' lang='lat' dir='ltr'>quo</span> <span class='ocrx_word' id='word_1_193' title='bbox 808 2369 978 2420; x_wconf 90' lang='lat' dir='ltr'>usque</span> <span class='ocrx_word' id='word_1_194' title='bbox 1021 2350 1090 2402; x_wconf 91' lang='lat' dir='ltr'>ad</span> <span class='ocrx_word' id='word_1_195' title='bbox 1135 2350 1277 2403; x_wconf 93' lang='lat' dir='ltr'>hunc</span> <span class='ocrx_word' id='word_1_196' title='bbox 1319 2349 1459 2403; x_wconf 92' lang='lat' dir='ltr'>diem</span> <span class='ocrx_word' id='word_1_197' title='bbox 1506 2350 1778 2402; x_wconf 89' lang='lat' dir='ltr'>hominum</span> 
     </span>
     <span class='ocr_line' id='line_1_29' title="bbox 87 2420 1779 2491; baseline -0.002 -17"><span class='ocrx_word' id='word_1_198' title='bbox 87 2421 366 2475; x_wconf 90' lang='lat' dir='ltr'>doctorum</span> <span class='ocrx_word' id='word_1_199' title='bbox 431 2422 630 2476; x_wconf 90' lang='lat' dir='ltr'>iudicia</span> <span class='ocrx_word' id='word_1_200' title='bbox 687 2422 1028 2476; x_wconf 86' lang='lat' dir='ltr'>vehementer</span> <span class='ocrx_word' id='word_1_201' title='bbox 1087 2421 1389 2491; x_wconf 83' lang='lat' dir='ltr'>discrepare</span> <span class='ocrx_word' id='word_1_202' title='bbox 1457 2420 1564 2471; x_wconf 90' lang='lat' dir='ltr'>iam</span> <span class='ocrx_word' id='word_1_203' title='bbox 1624 2428 1779 2472; x_wconf 89' lang='lat' dir='ltr'>antea</span> 
     </span>
     <span class='ocr_line' id='line_1_30' title="bbox 89 2487 1774 2574; baseline -0.001 -29"><span class='ocrx_word' id='word_1_204' title='bbox 89 2491 523 2574; x_wconf 79' lang='lat' dir='ltr'>significavimus·</span> <span class='ocrx_word' id='word_1_205' title='bbox 582 2493 669 2547; x_wconf 88' lang='lat' dir='ltr'>De</span> <span class='ocrx_word' id='word_1_206' title='bbox 712 2511 819 2562; x_wconf 90' lang='lat' dir='ltr'>qua</span> <span class='ocrx_word' id='word_1_207' title='bbox 861 2511 919 2565; x_wconf 90' lang='lat' dir='ltr'>re</span> <span class='ocrx_word' id='word_1_208' title='bbox 962 2491 1151 2562; x_wconf 89' lang='lat' dir='ltr'>paucis</span> <span class='ocrx_word' id='word_1_209' title='bbox 1199 2492 1330 2545; x_wconf 90' lang='lat' dir='ltr'>haec</span> <span class='ocrx_word' id='word_1_210' title='bbox 1365 2487 1572 2544; x_wconf 88' lang='lat' dir='ltr'>iuvabit</span> <span class='ocrx_word' id='word_1_211' title='bbox 1609 2509 1774 2562; x_wconf 85' lang='lat' dir='ltr'>expo-</span> 
     </span>
     <span class='ocr_line' id='line_1_31' title="bbox 87 2581 585 2617; baseline 0.002 -1"><span class='ocrx_word' id='word_1_212' title='bbox 87 2581 275 2617; x_wconf 81' lang='lat' dir='ltr'>sulsse.</span> <span class='ocrx_word' id='word_1_213' title='bbox 584 2588 585 2593; x_wconf 47' lang='lat'>¹</span> 
     </span>
    </p>

    <p class='ocr_par' dir='ltr' id='par_1_8' title="bbox 0 2632 1778 2985">
     <span class='ocr_line' id='line_1_32' title="bbox 158 2632 1775 2706; baseline -0.002 -19"><span class='ocrx_word' id='word_1_214' title='bbox 158 2632 483 2688; x_wconf 87' lang='lat' dir='ltr'>Contuentes</span> <span class='ocrx_word' id='word_1_215' title='bbox 519 2634 685 2706; x_wconf 89' lang='lat' dir='ltr'>igitur</span> <span class='ocrx_word' id='word_1_216' title='bbox 721 2634 897 2688; x_wconf 90' lang='lat' dir='ltr'>animo</span> <span class='ocrx_word' id='word_1_217' title='bbox 934 2652 997 2687; x_wconf 87' lang='lat' dir='ltr'>ac</span> <span class='ocrx_word' id='word_1_218' title='bbox 1034 2633 1197 2687; x_wconf 83' lang='lat' dir='ltr'>veluti</span> <span class='ocrx_word' id='word_1_219' title='bbox 1229 2633 1516 2686; x_wconf 88' lang='lat' dir='ltr'>lustrantes</span> <span class='ocrx_word' id='word_1_220' title='bbox 1544 2651 1632 2685; x_wconf 89' lang='lat' dir='ltr'>eas</span> <span class='ocrx_word' id='word_1_221' title='bbox 1657 2651 1775 2685; x_wconf 87' lang='lat' dir='ltr'>ora-</span> 
     </span>
     <span class='ocr_line' id='line_1_33' title="bbox 87 2702 1776 2774; baseline 0 -18"><span class='ocrx_word' id='word_1_222' title='bbox 87 2704 257 2758; x_wconf 86' lang='lat' dir='ltr'>tiones</span> <span class='ocrx_word' id='word_1_223' title='bbox 293 2724 494 2770; x_wconf 78' lang='lat' dir='ltr'>omneS,</span> <span class='ocrx_word' id='word_1_224' title='bbox 534 2723 666 2774; x_wconf 91' lang='lat' dir='ltr'>quas</span> <span class='ocrx_word' id='word_1_225' title='bbox 690 2704 845 2758; x_wconf 86' lang='lat' dir='ltr'>Plato</span> <span class='ocrx_word' id='word_1_226' title='bbox 883 2704 949 2757; x_wconf 91' lang='lat' dir='ltr'>de</span> <span class='ocrx_word' id='word_1_227' title='bbox 985 2723 1166 2757; x_wconf 89' lang='lat' dir='ltr'>amore</span> <span class='ocrx_word' id='word_1_228' title='bbox 1201 2703 1409 2756; x_wconf 88' lang='lat' dir='ltr'>habitas</span> <span class='ocrx_word' id='word_1_229' title='bbox 1445 2702 1618 2773; x_wconf 84' lang='lat' dir='ltr'>fingit,</span> <span class='ocrx_word' id='word_1_230' title='bbox 1655 2704 1776 2756; x_wconf 91' lang='lat' dir='ltr'>nul-</span> 
     </span>
     <span class='ocr_line' id='line_1_34' title="bbox 87 2773 1778 2846; baseline 0 -20"><span class='ocrx_word' id='word_1_231' title='bbox 87 2774 196 2828; x_wconf 90' lang='lat' dir='ltr'>lam</span> <span class='ocrx_word' id='word_1_232' title='bbox 220 2784 361 2829; x_wconf 89' lang='lat' dir='ltr'>certe</span> <span class='ocrx_word' id='word_1_233' title='bbox 385 2776 729 2846; x_wconf 88' lang='lat' dir='ltr'>reperiemus,</span> <span class='ocrx_word' id='word_1_234' title='bbox 767 2794 905 2844; x_wconf 90' lang='lat' dir='ltr'>quae</span> <span class='ocrx_word' id='word_1_235' title='bbox 930 2776 1016 2828; x_wconf 88' lang='lat' dir='ltr'>vel</span> <span class='ocrx_word' id='word_1_236' title='bbox 1041 2773 1287 2828; x_wconf 89' lang='lat' dir='ltr'>subtilius</span> <span class='ocrx_word' id='word_1_237' title='bbox 1313 2774 1578 2828; x_wconf 89' lang='lat' dir='ltr'>elaborata</span> <span class='ocrx_word' id='word_1_238' title='bbox 1602 2773 1670 2826; x_wconf 89' lang='lat' dir='ltr'>sit</span> <span class='ocrx_word' id='word_1_239' title='bbox 1693 2774 1778 2826; x_wconf 89' lang='lat' dir='ltr'>vel</span> 
     </span>
     <span class='ocr_line' id='line_1_35' title="bbox 87 2844 1777 2916; baseline 0.002 -21"><span class='ocrx_word' id='word_1_240' title='bbox 87 2844 257 2914; x_wconf 89' lang='lat' dir='ltr'>ipsius</span> <span class='ocrx_word' id='word_1_241' title='bbox 278 2845 521 2901; x_wconf 88' lang='lat' dir='ltr'>Platonis</span> <span class='ocrx_word' id='word_1_242' title='bbox 548 2846 861 2901; x_wconf 88' lang='lat' dir='ltr'>sententiam</span> <span class='ocrx_word' id='word_1_243' title='bbox 897 2846 1091 2899; x_wconf 90' lang='lat' dir='ltr'>clarius</span> <span class='ocrx_word' id='word_1_244' title='bbox 1115 2845 1418 2916; x_wconf 85' lang='lat' dir='ltr'>patefaciat,</span> <span class='ocrx_word' id='word_1_245' title='bbox 1458 2863 1618 2913; x_wconf 91' lang='lat' dir='ltr'>quam</span> <span class='ocrx_word' id='word_1_246' title='bbox 1640 2862 1777 2913; x_wconf 85' lang='lat' dir='ltr'>quae</span> 
     </span>
     <span class='ocr_line' id='line_1_36' title="bbox 0 2912 1778 2985; baseline 0.001 -20"><span class='ocrx_word' id='word_1_247' title='bbox 0 2971 1 2974; x_wconf 8' lang='grc' dir='ltr'><strong>Ἴ</strong></span> <span class='ocrx_word' id='word_1_248' title='bbox 88 2931 122 2965; x_wconf 90' lang='lat' dir='ltr'>a</span> <span class='ocrx_word' id='word_1_249' title='bbox 160 2912 379 2970; x_wconf 87' lang='lat' dir='ltr'>Socrate</span> <span class='ocrx_word' id='word_1_250' title='bbox 414 2918 683 2970; x_wconf 88' lang='lat' dir='ltr'>recitatur.</span> <span class='ocrx_word' id='word_1_251' title='bbox 729 2914 997 2983; x_wconf 82' lang='lat' dir='ltr'>Quocirca</span> <span class='ocrx_word' id='word_1_252' title='bbox 1032 2934 1101 2968; x_wconf 87' lang='lat' dir='ltr'>ex</span> <span class='ocrx_word' id='word_1_253' title='bbox 1139 2935 1202 2969; x_wconf 90' lang='lat' dir='ltr'>ea</span> <span class='ocrx_word' id='word_1_254' title='bbox 1236 2916 1467 2968; x_wconf 88' lang='lat' dir='ltr'>maxime</span> <span class='ocrx_word' id='word_1_255' title='bbox 1503 2914 1778 2985; x_wconf 90' lang='lat' dir='ltr'>probabile</span> 
     </span>
    </p>

    <p class='ocr_par' dir='ltr' id='par_1_9' title="bbox 0 2983 1777 3128">
     <span class='ocr_line' id='line_1_37' title="bbox 90 2983 1777 3057; baseline 0 -21"><span class='ocrx_word' id='word_1_256' title='bbox 90 2991 174 3036; x_wconf 90' lang='lat' dir='ltr'>est</span> <span class='ocrx_word' id='word_1_257' title='bbox 206 2983 338 3036; x_wconf 91' lang='lat' dir='ltr'>illud</span> <span class='ocrx_word' id='word_1_258' title='bbox 372 3004 432 3039; x_wconf 90' lang='lat' dir='ltr'>co</span> <span class='ocrx_word' id='word_1_259' title='bbox 509 2988 618 3040; x_wconf 90' lang='lat' dir='ltr'>osci</span> <span class='ocrx_word' id='word_1_260' title='bbox 652 3005 811 3057; x_wconf 82' lang='lat' dir='ltr'>posse</span> <span class='ocrx_word' id='word_1_261' title='bbox 857 2995 908 3040; x_wconf 89' lang='lat' dir='ltr'>et</span> <span class='ocrx_word' id='word_1_262' title='bbox 949 2986 1200 3056; x_wconf 85' lang='lat' dir='ltr'>intelligi,</span> <span class='ocrx_word' id='word_1_263' title='bbox 1247 2987 1390 3056; x_wconf 89' lang='lat' dir='ltr'>quod</span> <span class='ocrx_word' id='word_1_264' title='bbox 1435 2986 1677 3057; x_wconf 89' lang='lat' dir='ltr'>scriptori</span> <span class='ocrx_word' id='word_1_265' title='bbox 1720 2986 1777 3037; x_wconf 92' lang='lat' dir='ltr'>in</span> 
     </span>
     <span class='ocr_line' id='line_1_38' title="bbox 0 3005 1775 3128; baseline -0.001 -22"><span class='ocrx_word' id='word_1_266' title='bbox 0 3055 1 3062; x_wconf 42' lang='lat'>³</span> <span class='ocrx_word' id='word_1_267' title='bbox 92 3052 369 3107; x_wconf 88' lang='lat' dir='ltr'>scribendo</span> <span class='ocrx_word' id='word_1_268' title='bbox 431 3005 716 3127; x_wconf 40' lang='lat' dir='ltr'>Sssmposio</span> <span class='ocrx_word' id='word_1_269' title='bbox 771 3057 932 3111; x_wconf 86' lang='lat' dir='ltr'>fuerit</span> <span class='ocrx_word' id='word_1_270' title='bbox 959 3057 1331 3127; x_wconf 77' lang='lat' dir='ltr'>propositum.</span> <span class='ocrx_word' id='word_1_271' title='bbox 1404 3054 1552 3110; x_wconf 92' lang='lat' dir='ltr'>Hinc</span> <span class='ocrx_word' id='word_1_272' title='bbox 1610 3054 1775 3128; x_wconf 85' lang='lat' dir='ltr'>igitur</span> 
     </span>
    </p>
   </div>
   <div class='ocr_carea' id='block_1_5' title="bbox 97 3165 423 3172">
    <p class='ocr_par' dir='ltr' id='par_1_10' title="bbox 97 3165 423 3172">
     <span class='ocr_line' id='line_1_39' title="bbox 97 3165 423 3172; baseline 0 546"><span class='ocrx_word' id='word_1_273' title='bbox 97 3165 423 3172; x_wconf 95' lang='lat' dir='ltr'> </span> 
     </span>
    </p>
   </div>
   <div class='ocr_carea' id='block_1_6' title="bbox 112 3210 1437 3475">
    <p class='ocr_par' dir='ltr' id='par_1_11' title="bbox 112 3210 1437 3475">
     <span class='ocr_line' id='line_1_40' title="bbox 159 3210 722 3264; baseline 0.002 -12"><span class='ocrx_word' id='word_1_274' title='bbox 159 3210 204 3262; x_wconf 88' lang='grc'>*)</span> <span class='ocrx_word' id='word_1_275' title='bbox 234 3225 273 3264; x_wconf 90' lang='lat' dir='ltr'>p.</span> <span class='ocrx_word' id='word_1_276' title='bbox 296 3216 390 3252; x_wconf 85' lang='lat'>212.</span> <span class='ocrx_word' id='word_1_277' title='bbox 412 3210 446 3252; x_wconf 84' lang='lat' dir='ltr'>c</span> <span class='ocrx_word' id='word_1_278' title='bbox 469 3245 519 3252; x_wconf 72' lang='grc'>,.</span> <span class='ocrx_word' id='word_1_279' title='bbox 543 3216 637 3251; x_wconf 82' lang='grc'><strong>215.</strong></span> <span class='ocrx_word' id='word_1_280' title='bbox 667 3212 722 3253; x_wconf 87' lang='lat' dir='ltr'>A.</span> 
     </span>
     <span class='ocr_line' id='line_1_41' title="bbox 137 3279 721 3335; baseline -0.002 -13"><span class='ocrx_word' id='word_1_281' title='bbox 137 3279 204 3332; x_wconf 76' lang='grc'>**)</span> <span class='ocrx_word' id='word_1_282' title='bbox 234 3296 274 3335; x_wconf 89' lang='lat' dir='ltr'>p.</span> <span class='ocrx_word' id='word_1_283' title='bbox 297 3286 392 3322; x_wconf 85' lang='lat'>215.</span> <span class='ocrx_word' id='word_1_284' title='bbox 412 3282 456 3322; x_wconf 88' lang='lat' dir='ltr'>A</span> <span class='ocrx_word' id='word_1_285' title='bbox 478 3315 529 3322; x_wconf 61' lang='lat'>„-</span> <span class='ocrx_word' id='word_1_286' title='bbox 552 3285 645 3322; x_wconf 91' lang='grc'><strong>222.</strong></span> <span class='ocrx_word' id='word_1_287' title='bbox 666 3282 721 3322; x_wconf 82' lang='lat' dir='ltr'>A.</span> 
     </span>
     <span class='ocr_line' id='line_1_42' title="bbox 112 3351 714 3405; baseline -0.007 -10"><span class='ocrx_word' id='word_1_288' title='bbox 112 3351 202 3403; x_wconf 81' lang='grc'>***)</span> <span class='ocrx_word' id='word_1_289' title='bbox 231 3366 272 3405; x_wconf 90' lang='lat' dir='ltr'>p.</span> <span class='ocrx_word' id='word_1_290' title='bbox 294 3357 388 3394; x_wconf 83' lang='lat'><strong>222.</strong></span> <span class='ocrx_word' id='word_1_291' title='bbox 408 3353 447 3393; x_wconf 88' lang='grc' dir='ltr'>Β</span> <span class='ocrx_word' id='word_1_292' title='bbox 469 3387 520 3393; x_wconf 80' lang='grc'><strong>-</strong></span> <span class='ocrx_word' id='word_1_293' title='bbox 544 3356 638 3393; x_wconf 84' lang='grc'><strong>223.</strong></span> <span class='ocrx_word' id='word_1_294' title='bbox 658 3353 714 3392; x_wconf 88' lang='lat' dir='ltr'>D.</span> 
     </span>
     <span class='ocr_line' id='line_1_43' title="bbox 149 3408 1437 3475; baseline -0.002 -13"><span class='ocrx_word' id='word_1_295' title='bbox 149 3423 259 3463; x_wconf 77' lang='lat' dir='ltr'>Plat.</span> <span class='ocrx_word' id='word_1_296' title='bbox 293 3423 399 3475; x_wconf 82' lang='lat' dir='ltr'>Opp.</span> <span class='ocrx_word' id='word_1_297' title='bbox 432 3423 587 3464; x_wconf 86' lang='lat' dir='ltr'>v01.1.</span> <span class='ocrx_word' id='word_1_298' title='bbox 619 3423 726 3465; x_wconf 75' lang='lat' dir='ltr'>sect.</span> <span class='ocrx_word' id='word_1_299' title='bbox 750 3421 832 3462; x_wconf 88' lang='lat'>111.</span> <span class='ocrx_word' id='word_1_300' title='bbox 1372 3408 1437 3434; x_wconf 57' lang='grc' dir='ltr'>Η</span> 
     </span>
    </p>
   </div>
  </div>
 </body>
</html>
