2222 3762
359 91 506 149 VIII

358 255 593 290 summas
643 244 698 290 et
735 236 890 307 quasi
929 239 1111 309 capita
1161 236 1453 307 decerpere
1493 238 1843 306 conabimur,
1897 246 2060 307 atque

361 327 427 362 ex
470 327 634 362 onere
687 327 780 377 ea,
842 326 982 378 quae
1019 309 1182 362 huius
1219 309 1346 363 libri
1385 309 1614 363 consilio
1653 309 2063 363 accommodata

358 329 674 433 videantur:
729 398 869 449 quae
922 380 1227 452 longiorem
1278 388 1333 433 et
1382 380 1721 434 subtiliorem
1776 400 1832 433 re
1875 381 2062 434 uirunt

316 485 318 498 ι
361 450 786 523 disputationem
827 458 922 504 aut
970 451 1152 505 multis
1191 451 1370 504 adhuc
1409 452 1645 506 obnoxia
1681 460 1809 505 sunt
1884 453 2060 506 ubita-

359 523 621 591 tionibus,
653 541 716 575 ea
742 523 828 575 vel
859 522 1072 577 silentio
1097 523 1548 590 transmittemUS,
1576 524 1663 577 vel
1686 524 1880 576 leviter
1905 524 2063 592 quasi

361 595 719 666 attingemUS,
771 593 888 662 vel,
945 595 991 647 si
1039 613 1126 648 res
1177 594 1255 649 ita
1290 594 1460 663 ierat,
1513 596 1570 647 in
1608 594 2060 666 praefationibUS,

365 685 501 737 quas
541 665 771 737 singulis
809 666 963 719 libris
1002 666 1347 736 praemittere
1388 665 1614 736 placuit,
1652 666 2060 720 illustrabimus.

503 737 686 791 Natus
725 745 808 790 est
844 737 1005 789 Plato
1041 736 1275 791 Athenis
1314 737 1486 790 nobili
1523 757 1740 809 genere,
1781 757 1847 791 ex
1885 736 1984 790 Co
2006 757 2060 790 1·-

363 809 558 862 sinii*
578 807 821 875 ratione,
864 826 1002 876 quae
1041 809 1087 860 si
1125 827 1234 860 non
1272 827 1420 873 vera,
1461 817 1608 861 certe
1646 828 1776 861 vero
1814 809 2063 879 proxima

362 899 482 933 esse
528 878 776 947 videtur,
829 876 1148 950 Olympiad.
1186 879 1553 932 LXXXVII.
1593 881 1643 933 3.
1681 879 1768 932 vel
1802 884 1885 948 4.,
1924 879 1977 932 h.
2015 899 2062 933 e.

361 970 405 1005 a.
442 952 547 1002 429
586 969 632 1001 a.
675 948 804 1002 Chr.
843 969 895 1005 n.
937 950 1007 1019 ²³²).
1095 951 1359 1004 Parentes
1413 950 1605 1004 habuit
1641 951 1957 1005 Aristonem
2007 959 2064 1004 et

359 1022 762 1094 Perictyonem,
802 1020 868 1074 de
908 1022 1105 1092 quibus
1143 1021 1277 1074 nihil
1323 1022 1437 1075 fere
1475 1022 1767 1075 memoriae
1803 1020 2065 1074 traditum

363 1101 474 1161 est,
527 1100 582 1146 et
619 1112 784 1163 quum
822 1113 1018 1146 nomen
1056 1093 1382 1159 AristocliS,
1442 1095 1530 1147 avi
1568 1093 1685 1161 sui,
1734 1093 2060 1164 accepisset,

362 1171 559 1235 postea
596 1183 627 1216 a
654 1162 893 1219 ‘Socrate
931 1171 1158 1235 propter
1193 1165 1540 1218 humerorum
1578 1172 1673 1217 aut
1712 1163 2064 1217 frontislati-

360 1235 604 1290 tudinem
653 1236 815 1289 Plato
866 1237 1170 1308 appellatus
1222 1255 1342 1290 esse
1392 1235 1607 1291 dicitur.
1697 1234 2062 1303 Quemadmo-

357 1307 491 1360 dum
536 1315 717 1360 autem
766 1315 958 1360 natura
1009 1328 1130 1361 eum
1183 1307 1474 1380 praeclaris
1524 1307 1577 1359 in
1624 1306 1729 1358 enii
1790 1307 2063 1376 animique

361 1379 607 1447 dotibus,
659 1379 1032 1449 imprimisque
1083 1381 1344 1433 acerrimo
1391 1379 1536 1447 veri,
1584 1327 1719 1432 {oni
1756 1384 1811 1430 et
1848 1377 2065 1433 honesti

362 1470 526 1504 sensu
565 1459 870 1519 ornaverat,
912 1451 990 1503 ita
1029 1452 1250 1505 fortuna
1287 1470 1409 1504 eum
1439 1449 1668 1518 adiuvit,
1709 1457 1771 1502 ut
1809 1454 2064 1572 acceptas

359 1541 392 1575 a
439 1530 635 1575 natura
679 1521 835 1575 dotes
885 1521 1255 1576 doctrinarum
1305 1523 1611 1592 artiumque
1663 1540 1766 1592 ope
1827 1539 1921 1573 eru
1962 1521 2066 1573 iret

359 1601 416 1647 et
453 1593 742 1647 excoleret.
819 1593 1069 1647 Imbutus
1121 1602 1205 1648 est
1251 1595 1394 1647 enim
1441 1594 1508 1647 iis
1547 1593 1756 1646 artibus
1795 1592 2062 1659 omnibuS,

360 1666 560 1735 quibus
596 1666 836 1718 iuvenes·
859 1666 1247 1735 AthenienseS,
1285 1665 1535 1736 ingenuis
1573 1664 1892 1734 parentibus
1927 1663 2063 1731 nati,

361 1736 564 1790 erudiri
602 1737 879 1806 solebant,
930 1737 1098 1808 idque
1137 1757 1201 1790 eo
1240 1745 1516 1809 tempore,
1581 1756 1690 1806 quo
1727 1734 1828 1788 flos
1867 1735 2064 1787 artium

359 1827 424 1862 ac
472 1807 880 1879 disciplinarum
931 1809 986 1861 in
1037 1810 1256 1862 civitate
1293 1809 1632 1862 Athenarum
1681 1806 1750 1859 ad
1801 1825 2065 1860 summam

358 1899 530 1951 paene
580 1880 949 1933 maturitatem
1000 1889 1340 1951 pervenerat.
1425 1880 1676 1933 Devictis
1725 1878 1869 1931 enim
1919 1885 2066 1930 terra

359 1952 602 2021 marique
639 1951 890 2006 hostibus
929 1954 1130 2006 exteris
1180 1960 1235 2005 et
1271 1951 1558 2005 universae
1597 1949 1864 2003 Graeciae
1901 1949 2064 2002 liber-

358 2031 471 2076 tate
529 2022 834 2091 vindicata,
887 2023 1290 2092 Athenienses,
1349 2042 1527 2076 rerum
1576 2022 1892 2076 bellicarum
1944 2028 2065 2073 tan-

360 2114 521 2164 quam
562 2095 812 2147 satietate
853 2096 1030 2166 capti,
1081 2096 1232 2167 pacis
1272 2095 1480 2148 artibus
1517 2101 1672 2147 tanto
1712 2091 1894 2147 studio
1934 2111 2064 2162 ope-

360 2186 475 2219 ram
512 2185 710 2218 navare
751 2175 1072 2236 coeperant,
1114 2175 1179 2220 ut
1216 2186 1400 2220 eorum
1438 2167 1570 2219 urbs
1609 2164 1766 2219 sedes
1805 2163 1962 2233 quasi
1999 2181 2064 2216 ac

361 2237 694 2290 domicilium
743 2235 1115 2290 doctrinarum
1167 2233 1487 2291 liberalium*
1525 2237 1835 2290 haberetur.
1922 2235 2064 2287 Tum

358 2309 625 2379 praeclari
665 2309 993 2361 exstiterunt
1029 2309 1380 2362 historiarum
1419 2309 1742 2379 scriptoreS,
1783 2304 2064 2376 Thucydi-

359 2381 455 2434 des
495 2390 549 2432 et
588 2380 935 2449 Xenophon,
977 2381 1069 2449 qui
1113 2381 1331 2433 Platoni
1370 2380 1482 2431 fere
1522 2378 1775 2447 aequales
1814 2377 2061 2439 fuerunt3

358 2460 473 2503 tum
512 2454 565 2503 in
607 2470 825 2503 scenam
863 2451 1187 2521 prodierunt
1216 2450 1517 2521 Sophocles
1558 2458 1721 2517 atque
1745 2446 2060 2517 Euripides,

361 2530 416 2574 et
452 2523 506 2574 in
549 2522 766 2574 diverso
803 2540 1004 2592 genere
1045 2522 1446 2592 Aristophanes
1484 2528 1539 2572 et
1575 2518 1914 2587 Menander,
1968 2519 2063 2587 qui

359 2595 556 2646 ceteris
609 2591 785 2663 poetis
838 2611 1010 2663 paene
1047 2594 1297 2650 omnibus
1339 2592 1573 2662 palmam
1613 2591 2063 2662 praeripuerunt;

355 2675 469 2722 tum,
532 2663 843 2734 eloquentia
905 2664 980 2721 ita
1038 2665 1143 2718 coli
1194 2663 1530 2733 tractarique
1583 2670 1779 2732 coepta
1828 2669 1941 2731 est,
2001 2669 2063 2714 ut

368 2822 698 2830 ...νῆ-Μ

497 2919 795 2962 Snsemim.
829 2921 986 2962 Genet.
1022 2920 1271 2964 Entwirkeh
1306 2919 1382 2961 der
1416 2919 1527 2961 Ptat.
1552 2918 1713 2960 philos.
1747 2918 1847 2959 vol.
1868 2918 1904 2960 1.
1943 2917 2060 2969 Lips.

495 2978 620 3022 1855.
650 2977 679 3021 8
730 2978 827 3020 mai.
862 2979 978 3018 Car.
1019 2978 1334 3046 Steiphart.
1368 2979 1406 3018 in
1445 2976 1587 3019 Praef.
1627 2976 1679 3017 ad
1729 2976 1955 3019 Mulieri
1988 2976 2062 3016 In-

407 3097 446 3147 0)
479 3042 681 3135 Athis-iniri
708 3036 1209 3147 (iiiiiiib'irefierreTen=2¹=i12·t]
1242 3095 1435 3134 Aetius
1468 3107 1508 3146 p.
1545 3093 1602 3137 14
1633 3106 1695 3145 sq.
1759 3091 1815 3132 Et
1850 3104 1886 3134 v.
1921 3091 2060 3143 ipsum

489 3151 806 3193 Cominium
849 3151 1008 3204 disput.
1054 3151 1107 3193 de
1148 3152 1276 3193 natali
1319 3151 1388 3192 die
1423 3151 1640 3199 Platonis,
1696 3149 1789 3190 eius
1830 3155 1974 3190 aetate
2019 3154 2063 3188 et

487 3210 710 3251 itineribus
755 3209 798 3249 in
837 3209 935 3253 Ital.
984 3210 1021 3251 ἰιι
1071 3210 1224 3251 Gorii
1266 3209 1460 3262 Symbol.
1493 3209 1699 3250 Litterar.
1732 3207 1785 3248 T.
1825 3207 1892 3247 vl.
1930 3219 1971 3259 p.
2005 3205 2062 3248 83

486 3267 918 3367 sqq.KQorsinio
963 3268 1197 3310 assentitur
1238 3268 1427 3309 Clinto
1445 3279 1485 3309 n.
1531 3267 1650 3309 Fast.
1704 3265 1874 3308 Hellen.
1919 3278 1959 3318 p.
2004 3263 2061 3307 66

487 3339 508 3364 ο
638 3338 731 3378 fug.
