2158 3718
815 112 1078 157 PHAEDO
1110 129 1158 170 p.
1182 117 1250 159 73.

1813 119 1914 174 143
1926 121 1930 127 ’

92 243 94 245 ’
136 251 322 325 ἀληθῆ
360 252 563 320 λέγειν.
624 253 782 305 ’Ἐστι
818 252 946 321 γάρ,
985 254 1113 322 ἔφη,
1152 246 1198 306 03
1223 255 1424 324 Κέβης,
1463 252 1539 318 ὥς
1578 255 1700 324 ἐμοὶ
1739 258 1912 328 δοκεῖ,

134 335 342 401 παντὸς
377 339 592 407 μᾶλλον
630 334 807 404 οὕτω,
847 337 940 389 καὶ
977 334 1135 406 ἡμεῖς
1171 334 1314 390 αὐτοὶ
1349 341 1526 392 ταῦτα
1564 336 1668 392 οὐκ
1709 340 1916 404 ἐξαπα-

133 421 372 492 τώμενοι
409 419 813 491 ὁμολογοῦμεν,
843 418 968 473 ἀλλ’
1009 423 1125 476 ἔστι
1160 426 1237 491 τῷ
1276 420 1400 481 ὄντι
1434 424 1527 476 καὶ
1564 422 1626 477 τὸ
1668 423 1913 493 ἀναβιώ-

133 511 372 560 σκεσθαι
419 505 512 559 καὶ
562 504 624 558 ἐκ
670 508 785 557 τῶν
831 505 1160 560 τεθνεώτων
1204 505 1336 570 τούς
1373 509 1581 573 ζῶντας
1616 510 1914 577 γίγνεσθαι

131 592 225 644 καὶ
271 588 366 653 τὰς
411 593 526 643 τῶν
570 589 901 643 τεθνεώτων
946 588 1127 660 ψυχὰς
1174 587 1346 660 εἶναι,
1400 593 1517 661 [καὶ
1561 601 1682 657 ταῖς
1717 595 1819 663 μέν
1855 594 1911 662 γ’

130 671 371 742 ἀγαθαῖς
406 672 638 743 ἄμεινον
677 669 840 742 εἶναι,
879 682 998 738 ταῖς
1035 676 1096 729 δὲ
1134 684 1331 740 κακαῖς
1367 676 1608 747 κάκιον]
1756 665 1761 668 ‚
1933 701 1967 741 Ε

271 763 384 827 Cap.
418 761 591 813 XVIII.
666 761 777 812 Καὶ
822 761 960 829 μήν,
1001 761 1108 829 ἔφη
1147 758 1175 813 ὁ
1214 762 1398 831 Κέβης
1434 759 1769 831 ὑπολαβών,
1817 765 1911 816 καὶ

128 842 254 897 κατ’
313 842 536 897 ἐκεῖνόν
590 863 653 911 γε
712 841 811 897 τὸν
866 842 1068 912 λόγον,
1125 837 1170 897 03
1218 845 1544 917 Σώκρατες,
1603 848 1653 913 εἰ
1697 846 1912 918 ἀληθής

130 929 312 996 ἐστιν,
362 926 430 981 ὃν
477 926 550 981 σύ
589 932 796 991 εἴωθας
839 925 995 997 θαμὰ
1031 930 1245 998 λέγειν,
1296 929 1381 983 ὅτι
1427 929 1560 1000 ἡμῖν
1595 929 1630 1000 ἡ
1668 932 1911 1002 μάθησις

126 1012 231 1067 οὐκ
269 1011 499 1066 ἄλλο’τι
534 1012 571 1082 ἢ
607 1009 916 1081 ἀνάμνησις
951 1012 1215 1080 τυγχάνει
1253 1007 1427 1083 οὖσα,
1468 1016 1561 1067 καὶ
1598 1014 1738 1068 κατὰ
1774 1020 1909 1069 τοῦ-

125 1117 224 1152 τον
272 1096 487 1166 ἀνάγκη
533 1114 646 1150 που
691 1095 834 1175 ἡμᾶς
885 1098 949 1151 ἐν
985 1099 1239 1168 προτέρῳ
1278 1100 1389 1151 τινὶ
1435 1096 1620 1169 χρόνῳ
1655 1105 1910 1169 μεμαθη-

124 1184 283 1237 κέναι
330 1182 367 1235 δι’
401 1178 513 1235 νῦν
559 1179 1115 1251 ἀναμιμνησκόμεθα.
1193 1186 1359 1236 τοῦτο
1408 1183 1470 1236 δὲ
1507 1180 1820 1253 ἀδύνατον,
1862 1186 1913 1238 εἰ

123 1266 197 1336 μὴ
235 1260 308 1337 ἦν
344 1284 456 1320 που
492 1264 653 1337 ἡμων
689 1264 723 1336 ἡ
773 1267 951 1336 ψυχή,
991 1267 1127 1336 πριν
1167 1267 1231 1321 ἐν
1268 1268 1411 1338 τῳδε
1446 1287 1523 1337 τῳ
1562 1264 1908 1359 ἀνθρωπίνῳ
1939 1287 1992 1328 73

125 1353 261 1405 εἴδει
308 1352 602 1420 γενέσθαι·
668 1349 802 1414 ω’ςτε
858 1372 952 1406 και
997 1351 1172 1422 ταύτῃ
1222 1349 1508 1405 ἀθάνατόν
1554 1372 1608 1405 τι
1653 1354 1837 1406 εὀικεν
1874 1339 1907 1422 ἡ

124 1434 273 1505 ψυχὴ
315 1432 475 1489 εἶναι.
547 1433 716 1504 '’AM.‚
757 1455 799 1488 ω
840 1436 1042 1505 Κέβης,
1083 1438 1190 1505 ἔφη
1230 1434 1257 1489 ὁ
1299 1438 1542 1505 Σιμμίας
1578 1435 1905 1506 ὑπολαβών,

123 1528 279 1573 ποῖαι
338 1519 558 1574 τούτων
620 1519 682 1572 αἱ
738 1517 1072 1584 ἀποδείξεις;
1135 1518 1470 1589 ὑπόμνησόν
1524 1540 1615 1590 με·
1683 1519 1754 1575 οὐ
1798 1522 1906 1593 γὰρ

235 1679 285 1723 D.
321 1670 467 1720 αυτοὶ
490 1676 689 1729 ταῦτα]
714 1676 784 1718 Sic
806 1677 928 1720 Bodl.
951 1677 1057 1721 Ven.
1084 1677 1256 1722 HTub.
1279 1679 1393 1721 Vett.
1417 1679 1533 1721 editt.
1558 1672 1616 1720 τὰ
1639 1671 1776 1723 advo}

237 1734 307 1792 τῷ
348 1725 477 1776 ὄντι
519 1731 620 1775 καὶ
661 1731 721 1788 τ.]
758 1733 826 1774 Sic
855 1734 977 1776 Bodl.
998 1734 1096 1777 Vat.
1118 1734 1224 1778 Tub.
1249 1735 1356 1776 Ven.
1381 1734 1576 1780 HCoisl.
1597 1736 1726 1779 Vind.
1751 1737 1903 1778 QPar.

125 1790 203 1832 GH
223 1779 333 1842 Elor-
357 1792 398 1832 d.
438 1791 677 1857 Legebatur
698 1790 795 1831 olim
818 1787 901 1831 καὶ
922 1789 985 1847 τῷ
1007 1781 1110 1832 ὅντι
1131 1788 1215 1832 καὶ
1236 1804 1273 1831 τ.

235 1845 332 1889 καὶ
354 1848 483 1895 ταῖς
503 1843 605 1900 μέν
627 1839 672 1902 γ’
699 1832 966 1900 ἀγαθαῖς
980 1869 1036 1875 -
1056 1839 1280 1901 κάκιον]
1322 1848 1434 1888 Haec
1466 1860 1562 1888 cum
1593 1860 1731 1900 neque
1756 1862 1808 1890 ex
1830 1862 1906 1890 su-

128 1905 292 1958 periore
313 1904 682 1958 argumentatione
704 1909 1019 1955 consequantur
1048 1916 1184 1955 neque
1207 1903 1259 1944 ad
1282 1904 1477 1957 proxima
1497 1904 1720 1944 transitum
1741 1911 1904 1958 parent,

121 1961 421 2003 molestissime
448 1959 515 1999 hic
546 1960 756 2000 inculcata
785 1966 897 2002 sunt.
941 1960 1150 2000 Videntur
1179 1961 1306 2012 igitur
1333 1973 1357 2000 a
1389 1960 1518 2000 sciolo
1555 1961 1694 2012 aliquo
1725 1974 1904 2015 praepo·

123 2024 233 2058 stere
261 2017 344 2059 huc
374 2017 576 2058 translata
606 2029 702 2056 esse
732 2029 785 2057 ex
811 2017 887 2069 iis,
920 2028 1028 2066 quae
1058 2015 1167 2056 infra
1198 2017 1250 2056 de
1278 2016 1421 2056 futura
1451 2017 1684 2057 animorum
1716 2024 1827 2058 sorte
1855 2030 1905 2058 ac

121 2073 292 2115 fortuna
312 2074 594 2115 disseruntur.
626 2087 652 2127 ‘y
665 2067 890 2113 'additum
914 2085 936 2112 e
957 2072 1076 2113 Bodl.
1100 2073 1205 2113 Tub.
1223 2073 1322 2116 Vat.
1347 2073 1453 2114 Ven.
1479 2073 1530 2114 H
1545 2073 1672 2114 Vind
1693 2073 1731 2115 Φ
1753 2074 1846 2116 Par.
1871 2073 1906 2115 G

121 2131 272 2171 Ambr.
295 2131 410 2171 Flor.
435 2130 474 2170 d.

237 2187 284 2226 E.
337 2179 483 2227 κατὰ
526 2182 753 2236 τοῦτον]
798 2186 850 2224 V.
883 2183 1047 2233 τοῦτο,
1081 2185 1194 2235 quod
1225 2197 1247 2224 e
1275 2185 1394 2226 Bodl.
1426 2186 1533 2227 Tub.
1555 2187 1652 2226 Vat.
1674 2187 1782 2227 ven.
1807 2186 1910 2233 ΞΠ

120 2243 248 2283 Vind.
273 2243 311 2283 Φ
333 2243 480 2284 Ambr.
504 2241 612 2282 Flor.
635 2241 661 2280 d
691 2241 972 2280 emendatum.

235 2299 278 2339 P.
304 2301 370 2340 73.
403 2299 568 2338 ποῖαι
609 2290 843 2350 τούτων]
879 2298 1016 2338 ποῖαι
1054 2293 1144 2338 εἰσὶ
1174 2296 1401 2349 v.Stepl1.‚
1427 2298 1540 2346 quod
1563 2309 1585 2336 e
1605 2298 1784 2337 lectione
1806 2299 1901 2339 Ald.

121 2354 319 2409 ποιῆσαι
352 2360 391 2394 et
418 2354 514 2394 Bas
541 2356 561 2393 1
586 2355 610 2393 2
640 2355 779 2394 ποῖαι
808 2363 881 2393 σοι
914 2367 952 2393 τ.
982 2352 1159 2394 finxisse
1188 2354 1370 2396 videtur.
1412 2353 1517 2393 Nam
1549 2354 1662 2404 quod
1684 2353 1902 2395 Bekkerus

121 2417 264 2452 narrat
285 2407 406 2453 εἰσι
397 2423 440 2450 1n
457 2409 778 2457 B0d1.exsta1e‚
803 2407 1014 2451 Gaisf.ibi
1037 2410 1169 2449 omitti
1191 2409 1350 2460 liquido
1371 2415 1563 2452 testatur.

178 2535 278 2579 καὶ
337 2531 399 2578 τὸ
436 2529 965 2601 ἀναβιώσκεσθαι]

121 2593 358 2635 Articulum
398 2585 450 2634 τὸ
492 2593 704 2652 pertinere
746 2593 868 2633 etiam
914 2593 969 2632 ad

123 2663 239 2702 seqq.
270 2648 525 2705 γίγνεσθαι
557 2658 598 2689 et
628 2642 771 2702 εἶναι,
801 2649 875 2690 vix
907 2656 970 2689 est

121 2706 233 2774 quuod
264 2718 528 2746 moneamus.
579 2705 640 2745 De
669 2706 967 2759 comparativis

122 2753 323 2860 ἕὲιῗνον
346 2768 384 2802 et
404 2755 575 2804 κάκιον
604 2775 642 2803 ν.
667 2762 720 2802 ad
743 2762 898 2805 Criton.
923 2775 966 2815 p.

181 2929 281 2983 Cap.
305 2930 461 2972 XVIII.
483 2930 531 2973 E.
565 2927 676 2971 Και
698 2944 831 2984 μην
857 2926 967 2984 ε’φη

123 2979 147 3026 ὁ
173 2987 229 3027 Κ.
252 2982 326 3039 —-]
355 2985 485 3027 Cebes
510 2985 671 3026 Socrati
694 2987 775 3025 de
767 2987 834 3038 lis,
859 3000 966 3038 quae

123 3042 262 3082 adhuc
307 3042 554 3095 disputavit,
596 3054 774 3095 prorsus
819 3054 966 3083 assen-

123 3100 231 3140 tiens
273 3098 398 3138 aliam
441 3098 565 3137 etiam
597 3097 717 3138 affert
746 3099 965 3149 rationem,

123 3168 204 3207 qua
243 3154 357 3196 illius
398 3154 604 3195 sententia
641 3153 876 3195 confirmari
906 3156 966 3196 vi-

123 3212 284 3251 deatur.
318 3211 441 3259 Quod
461 3211 570 3250 enim
590 3210 660 3250 ille
682 3211 833 3251 docere
855 3212 966 3252 sole-

133 3269 201 3309 bat
226 3280 389 3308 omnem
414 3267 631 3308 scientiam
656 3279 749 3307 esse
772 3269 968 3309 recorda-

119 3324 278 3364 tionem
305 3330 344 3364 et
373 3330 505 3364 totum
526 3323 644 3374 illud,
664 3323 775 3374 quod
798 3324 966 3364 disce-

122 3392 174 3419 re
214 3379 408 3420 homines
455 3392 609 3420 vocare
660 3379 863 3432 solerent,
910 3381 967 3420 nil

122 3435 238 3477 aliud
268 3450 363 3478 esse
393 3438 474 3478 nisi
513 3436 813 3487 reminisci,
856 3437 899 3476 id
930 3437 967 3476 ei

1055 2535 1223 2576 videtur
1247 2547 1343 2575 esse
1365 2535 1587 2587 eiusmodi,
1607 2548 1689 2587 quo
1711 2536 1903 2577 luculen-

1057 2598 1119 2632 ter
1149 2593 1431 2632 demonstrari
1462 2592 1600 2644 possit
1631 2592 1819 2633 animum
1858 2594 1902 2633 in

1055 2648 1135 2688 hoc
1163 2660 1318 2701 corpus
1348 2648 1540 2688 attulisse
1568 2661 1706 2688 rerum
1730 2649 1902 2691 notitias

1056 2705 1238 2757 ideoque
1265 2705 1470 2757 viguisse,
1501 2705 1748 2758 priusquam
1775 2705 1899 2746 homo

1057 2768 1317 2801 nasceretur.
1342 2761 1477 2812 Unde,
1498 2762 1534 2800 si
1551 2774 1652 2801 vera
1674 2768 1773 2802 sunt
1793 2775 1901 2813 quae

1057 2818 1109 2857 de
1142 2824 1288 2858 mutua
1317 2830 1455 2857 rerum
1488 2819 1791 2859 contrariarum
1816 2819 1899 2858 ori·

1056 2874 1166 2926 gine*
1189 2874 1475 2927 disputarunt,
1507 2880 1658 2927 sponte
1680 2876 1901 2927 consequi·

1056 2938 1122 2970 tur
1164 2931 1352 2970 animum
1388 2943 1483 2970 esse
1514 2930 1806 2973 immortalem.
1851 2931 1902 2970 Et

1055 2986 1181 3026 huius
1213 2986 1382 3039 quidem
1412 2986 1585 3027 rationis
1609 2985 1801 3027 Socrates
1825 2987 1896 3026 de-

1055 3043 1201 3096 inceps
1222 3043 1525 3083 accuratiorem
1556 3043 1732 3082 instituit
1753 3043 1901 3095 dispu-

1055 3100 1269 3140 tationem.
1313 3099 1373 3140 De
1392 3100 1479 3139 vita
1509 3100 1747 3140 animorum
1770 3110 1897 3152 supe-

1055 3156 1164 3196 riore
1187 3164 1228 3196 et
1249 3164 1347 3196 ante
1368 3156 1497 3196 vitam
1529 3155 1638 3195 hane
1660 3160 1900 3195 terrestrem

1055 3224 1139 3252 una
1175 3225 1270 3252 cum
1308 3213 1389 3252 diis
1425 3220 1607 3266 peracta,
1643 3211 1758 3252 unde
1786 3212 1901 3251 idea·

1055 3281 1148 3307 rum
1190 3269 1308 3322 origo
1339 3281 1363 3308 a
1391 3269 1564 3308 Platone
1594 3268 1817 3321 repetitur,
1856 3279 1893 3308 ν.

1053 3323 1230 3365 Phaedr.
1256 3339 1297 3378 p.
1321 3326 1403 3365 249
1423 3323 1453 3364 C
1474 3335 1569 3375 sqq.

1110 3374 1375 3423 καὶκατὰ
1399 3378 1609 3422 τοῦτον
1629 3371 1736 3431 ciffi]
1769 3378 1897 3429 Prop-

1054 3443 1116 3476 ter
1152 3437 1383 3490 longiorem
1422 3436 1619 3478 orationis
1661 3436 1897 3486 intercape-
