2222 3762
589 842 1538 972 DssssPUTATIOJi

633 1009 637 1013 Α
948 1016 1032 1055 m:
1406 1009 1408 1011 ,

152 1066 599 1209 emotus
629 1129 840 1222 vm,
893 1127 1206 1207 ιΝῦΕΝιο
1257 1129 1360 1206 ET
1405 1125 1790 1207 sommis.

142 1415 404 1512 Platonis
432 1457 478 1520 ³¹)
516 1457 722 1528 scripta
761 1456 1019 1526 quoniam
1054 1476 1212 1509 nemo
1251 1464 1402 1510 recte
1425 1457 1512 1510 vol
1532 1457 1839 1530 intelligere

143 1530 231 1599 vel
269 1528 541 1600 explicare
578 1536 792 1600 potest,
832 1528 938 1580 nisi
977 1528 1072 1596 qui
1109 1527 1209 1581 viri
1246 1529 1443 1597 vitam,
1485 1528 1721 1582 indolem
1759 1538 1838 1582 at-

145 1620 252 1673 que
291 1599 593 1654 doctrinam
633 1600 906 1671 cognitam
944 1599 1174 1666 habeat,
1230 1619 1426 1670 operae
1476 1601 1711 1670 pretium
1757 1603 1839 1654 vi-

145 1693 266 1728 sum
314 1679 399 1726 est
445 1690 623 1743 pauca
673 1671 739 1725 de
792 1672 909 1725 eius
962 1672 1102 1737 vita,
1160 1671 1379 1742 ingenio
1419 1680 1583 1740 atque
1623 1673 1840 1743 scriptis

144 1743 410 1817 praefari,
460 1750 515 1795 et
572 1763 710 1814 quae
761 1743 831 1796 ad
881 1743 997 1795 eius
1046 1743 1212 1799 libros
1262 1750 1409 1797 recte
1457 1744 1840 1816 intelligendos

144 1815 455 1870 necessaria
493 1823 618 1867 sunt
650 1816 736 1883 iis,
777 1814 872 1884 qui
908 1813 1147 1867 nondum
1189 1822 1578 1868 contraxerunt
1616 1835 1736 1869 oum
1775 1835 1839 1869 eo

144 1886 563 1942 familiaritatem
613 1895 667 1939 et
716 1885 1195 1954 consuetudinem,
1258 1887 1496 1939 breviter
1549 1888 1839 1958 explicare.

146 1959 331 2028 Quum
368 1958 510 2010 enim
545 1958 805 2012 latissime
836 1964 1023 2028 pateat
1059 1957 1219 2010 huius
1260 1957 1644 2028 disputationis
1679 1979 1841 2030 argu-

145 2038 417 2098 mentum,
477 2029 532 2082 in
589 2049 697 2098 quo
751 2028 1040 2085 tractando
1091 2037 1280 2083 nostra
1339 2030 1602 2099 imprimis
1661 2038 1841 2084 aetate

145 2102 350 2156 versati
409 2108 539 2155 sunt
601 2101 700 2154 viri
757 2100 1007 2153 doctrina
1065 2108 1120 2153 et
1183 2100 1486 2154 eruditione
1536 2102 1838 2170 clarissimi,

147 2175 721 2237 Tennemannus.,
788 2171 1518 2240 Schleiermacherus,
1571 2174 1838 2241 Astius,

150 2244 529 2310 Sooherus‚
570 2243 659 2294 alii
684 2243 793 2311 **);
835 2261 902 2294 ex
929 2241 1145 2294 infinito
1182 2261 1357 2312 paene
1396 2262 1575 2295 rerum
1613 2264 1839 2297 numero

207 2472 251 2525 *)
285 2470 528 2512 Reddimus
560 2480 670 2508 nunc
687 2467 989 2520 quoquehanc
1010 2467 1344 2520 disputationem
1364 2475 1555 2511 nostram
1583 2472 1757 2512 omnino
1775 2476 1841 2512 ta-

295 2531 393 2580 lem,
411 2529 580 2581 qualem
595 2526 631 2566 in
651 2528 787 2578 prima
813 2525 960 2568 horum
981 2527 1179 2567 librorum
1201 2527 1390 2569 editione
1407 2528 1842 2574 a.MDCCCXXVll.

294 2586 333 2626 h.
385 2600 421 2627 e.
481 2588 580 2626 ante
626 2583 703 2624 hos
749 2583 921 2637 triginta
973 2584 1062 2627 fere
1101 2596 1259 2635 almos,
1311 2586 1350 2626 in
1404 2588 1545 2633 lucem
1598 2587 1838 2628 emisimus.

292 2643 446 2696 Neque
492 2642 602 2684 enim
645 2654 843 2683 caussam
888 2643 1162 2694 reperimus,
1205 2654 1280 2682 cur
1318 2645 1447 2685 multa
1491 2644 1612 2684 inea
1653 2649 1840 2685 mutare-

294 2714 414 2752 muS,
455 2706 498 2743 et
543 2699 723 2751 profecti
763 2699 816 2739 al)
858 2713 907 2740 ea
949 2705 1050 2739 sunt
1089 2711 1171 2739 non
1203 2702 1326 2752 pauci
1365 2714 1537 2750 eorum,
1580 2703 1650 2754 qni
1689 2705 1842 2755 postea

296 2759 349 2800 de
391 2759 452 2801 his
495 2758 624 2799 rebus
663 2770 871 2809 quaerere
911 2758 1185 2797 instituerunt
1218 2758 1416 2799 subtilius
1451 2765 1495 2800 et
1526 2759 1765 2812 copiosius,
1799 2761 1840 2800 in

292 2829 473 2870 quorum
504 2828 685 2857 numero
718 2815 924 2869 imprimis
946 2814 1166 2855 habendus
1187 2820 1254 2855 est
1289 2818 1416 2857 etiam
1458 2818 1568 2860 Car.
1603 2817 1677 2858 Fr.
1710 2818 1840 2859 Her-

296 2887 531 2916 mannus.

197 2932 265 2984 **)
301 2932 347 2972 V.
383 2932 733 2974 Tennemann
767 2930 940 2985 system
975 2929 1052 2971 der
1083 2929 1388 2972 Platonischen
1422 2931 1713 2984 philosophie.
1759 2933 1840 2972 Er-

297 2995 388 3032 ster
416 2989 553 3032 Band.
590 2989 900 3042 Lapa-1792.
941 2986 1418 3030 Schleiermacher
1448 2990 1628 3030 Platons
1671 2989 1842 3041 werke,

300 3055 442 3089 ersten
476 3046 649 3087 Theiles
687 3051 826 3088 erster
861 3047 996 3086 Band.
1046 3046 1303 3099 Einleitung.
1347 3050 1438 3087 Ast
1474 3048 1649 3087 Platons
1695 3047 1840 3088 Leben

298 3104 384 3146 und
429 3103 656 3145 Schriften.
694 3104 844 3154 Leipz.
885 3104 1014 3148 1816.
1082 3097 1292 3145 Soche⁴r
1337 3105 1444 3145 iiber
1486 3105 1661 3145 Platonis
1695 3105 1840 3145 Leben

296 3161 382 3204 und
415 3161 642 3203 Schriften.
695 3162 910 3202 Miincllen
943 3161 1069 3205 1820.
1132 3161 1224 3214 [Ad
1254 3163 1337 3202 hos
1368 3175 1502 3215 nuper
1530 3170 1706 3215 praeter
1735 3164 1842 3204 alios

296 3223 596 3261 accesserunt:
649 3219 762 3260 Car.
806 3219 890 3260 Fr.
934 3220 1234 3261 Hermann:
1282 3219 1541 3261 Geschicllte
1581 3233 1620 3263 u.
1665 3221 1839 3275 System

299 3277 340 3321 d.
379 3277 552 3319 Platon.
592 3275 886 3331 philosophie.
946 3278 1102 3318 Erster
1144 3275 1295 3328 Theil,
1335 3277 1405 3318 die
1454 3276 1839 3318 historisch—kriti-

299 3333 402 3377 sche
441 3334 756 3389 Grundlegung
788 3334 1050 3378 enthahend.
1097 3334 1363 3390 Heidelberg
1398 3335 1521 3380 1839.
1551 3335 1594 3379 8.
1656 3334 1790 3376 Fran
1805 3347 1838 3373 c.
