2158 3718
491 162 1009 223 SYMPoquM.
1049 170 1240 234 μεως
1281 170 1358 222 St.
1647 177 1749 226 147

67 316 194 380 λέτη
239 315 296 369 δὲ
338 311 507 368 πάλιν
564 309 762 379 καινὴν
818 314 1122 383 ἐμποιοῦσα
1162 312 1290 369 ἀντὶ
1333 316 1433 381 τῆς
1474 312 1746 384 ἀπιούσης

65 396 288 469 μνήμην
330 392 502 464 σώζει
527 393 630 463 τὴν
672 395 992 468 ἐπιστήμην,
1034 395 1163 462 ὥςτε
1203 395 1306 465 τὴν
1350 393 1527 466 αὐτὴν
1562 402 1743 456 δοκεῖν

66 477 224 537 εἶναι.
267 478 450 550 τούτῳ
493 477 601 550 γαρ
649 483 725 550 τῷ
772 479 959 552 τρόπῳ
1004 483 1120 537 πᾶν
1156 479 1220 541 τὸ
1253 479 1476 556 θνητὸν
1500 481 1741 551 σώζεται,

68 564 137 622 οὐ
181 567 260 636 τῷ
285 563 629 657 ’παντάπασι
671 562 736 619 τὸ
781 563 920 621 αὐτὸ
951 564 1038 621 ἀεὶ
1067 561 1224 632 εἶναι,
1254 563 1430 638 ὥςπερ
1461 563 1525 622 τὸ
1556 571 1739 634 θεῖον,

63 646 225 704 ἀλλὰ
265 649 344 718 τῷ
401 645 465 704 τὸ
521 644 693 703 ἀπιὸν
752 653 845 704 καὶ
901 648 1313 720 παλαιούμενον
1371 657 1557 724 ἕτερον
1615 657 1739 709 νέον

60 735 498 803 ἐγκαταλείπειν,
556 730 677 788 οἷον
719 729 857 789 αὐτὸ
894 725 983 801 ἦν.
1028 733 1203 811 ταύτῃ
1266 737 1330 813 τῇ
1390 738 1640 813 μηχανῆ,
1694 728 1734 791 ὦ

57 812 388 888 Σώκρατες,
430 820 569 891 ἔφη,
607 814 829 884 θνητὸν
873 816 1203 883 ἀθανασίας
1241 823 1458 890 μετέχει,
1501 823 1594 875 καὶ
1633 823 1737 876 σῶ-

56 922 139 972 μα
181 902 274 956 καὶ
316 891 494 955 τᾶλλα
553 918 770 955 παντα·
829 899 1137 957 ἀθανατον
1196 905 1252 958 δὲ
1294 899 1452 979 ἄλλῃ.
1508 900 1585 973 μὴ
1631 925 1736 961 ονν

58 983 338 1055 θαύμαζε,
385 990 430 1040 εὶ
469 981 532 1040 τὸ
578 981 755 1040 αὑτοῦ
799 984 1208 1057 ἀποβλαστημα
1236 986 1399 1063 φύσει
1431 989 1547 1042 πᾶν
1573 990 1730 1059 τιμᾷ·

54 1067 384 1133 αθανασίας
437 1065 544 1140 γὰρ
598 1089 766 1140 χαριν
821 1073 988 1124 παντὶ
1045 1067 1188 1137 αὕτη
1230 1069 1264 1138 ἡ
1310 1068 1523 1138 σπονδὴ
1564 1075 1656 1126 καὶ
1699 1094 1729 1127 ο

51 1155 186 1226 ἔρως
229 1157 434 1208 ἕπεται.

180 1231 320 1312 Cap.
347 1231 610 1291 XXVII.
686 1238 800 1290 Καὶ
827 1234 925 1306 ἐγὼ
950 1234 1199 1302 ακούσας
1230 1234 1331 1293 τὸν
1357 1237 1526 1309 λόγον
1550 1237 1728 1295 effari·

51 1316 204 1392 μασοί
247 1340 305 1374 τε
347 1321 440 1374 καὶ
484 1318 663 1385 εἶπον,
718 1320 790 1375 E'*
770 1341 874 1385 εν,
930 1312 1002 1388 ἦν
1044 1319 1096 1375 δ’
1148 1319 1252 1390 ἐγώ
1273 1363 1286 1387 ,
1338 1313 1377 1375 ὦ
1427 1342 1725 1399 σοφωτατη

54 1406 316 1474 Διοτίμα·
361 1406 540 1458 ταῦτα
586 1402 659 1468 ὡς
698 1403 934 1471 άληθῶς
978 1425 1151 1470 ουτως
1193 1411 1327 1477 ἔχεις
1374 1409 1487 1462 Καὶ
1527 1405 1582 1475 ἥ,
1621 1405 1723 1473 ὥς-

50 1509 150 1563 περ
193 1491 248 1543 οἱ
289 1488 456 1544 τέλεοι
502 1492 790 1564 σοφισταί,
832 1480 911 1543 Εὖ
958 1488 1098 1555 laih,
1139 1492 1274 1565 ἔφη,
1321 1481 1361 1544 ὦ
1401 1488 1727 1566 Σώκρατες·

161 1709 214 1752 Ρ.
231 1709 417 1755 208.-Β.
443 1697 446 1699 “
477 1712 597 1752 νέον
626 1709 1068 1764 ἐγκαταλείπειν]
1099 1709 1251 1763 Stepb.
1277 1712 1586 1765 ἐγκαταλιπεῖν.
1619 1714 1724 1758 Dein

49 1767 147 1811 ΑΜ.
167 1767 274 1809 Bas.
292 1765 382 1810 1.2.
408 1766 532 1808 Bodl.
561 1765 726 1808 Vat.A.
757 1767 888 1808 Coisl.
915 1766 1078 1808 Pariss.
1098 1767 1384 1811 Vind.1.2.7.
1410 1768 1722 1816 Flor.a.b.c.i.

47 1837 89 1867 ιι.
124 1825 255 1868 ceteri
291 1837 442 1866 omnes
469 1827 685 1878 μετέχειν,
717 1824 832 1877 quod
854 1825 973 1866 >bene
1003 1823 1245 1879 Stephanus
1274 1828 1474 1868 correxit.

162 1911 213 1955 C.
271 1911 452 1951 τέλεσι
482 1909 765 1964 σοφισταί]
805 1909 852 1951 V.
881 1908 1054 1951 τέλειοι.
1095 1909 1204 1952 Illud
1235 1911 1444 1963 praebent
1473 1912 1599 1956 Bodl.
1621 1914 1722 1959 Vat.

48 1967 101 2010 Δ.
124 1967 257 2010 Coisl
282 1965 438 2010 Ven.''‘
399 1981 446 2007 a.
467 1966 568 2052 Par.
577 1963 679 2008 DK.
709 1966 855 2008 Ambr.
883 1968 991 2020 Ang
1005 1979 1045 2008 u.
1055 1979 1102 2008 w
1127 1967 1221 2010 Vat.
1232 1981 1274 2022 p.
1288 1981 1321 2009 r.
1347 1969 1469 2012 Vind.
1483 1971 1519 2014 1.
1533 1971 1573 2014 7.
1602 1972 1720 2014 Flor-

0 2056 1 2062 κ
47 2039 85 2070 a
97 2039 136 2068 e.
146 2037 187 2068 ιι.

0 2172 1 2186 ἶ
45 2191 87 2234 h.
129 2205 167 2235 e.
206 2197 260 2234 et
295 2203 398 2233 non
437 2192 613 2233 solum
652 2214 708 2222 —-
751 2189 845 2233 sed
930 2190 1055 2233 Haec
1090 2188 1234 2231 addita
1273 2188 1471 2231 videntur
1511 2194 1555 2232 et
1582 2203 1722 2246 oppo-

48 2249 241 2302 etiam‚
275 2261 316 2293 v.
347 2248 642 2293 Hermann.
683 2246 737 2290 ad
769 2246 846 2290 Vi-
931 2248 1096 2290 sitionis
1136 2252 1180 2289 et
1227 2240 1519 2288 illustrationis
1567 2250 1721 2302 gratia,

929 2318 983 2347 ne
1014 2305 1178 2346 scilicet
1206 2303 1446 2346 immortale
1477 2317 1573 2346 cum
1604 2318 1723 2347 mor·

48 2317 145 2433 geli).
172 2320 214 2361 p.
233 2305 333 2350 804.

0 2384 1 2398 l
929 2362 1001 2404 tali
1033 2361 1373 2403 confunderetur.
1405 2361 1528 2405 Gonf.
1558 2361 1723 2405 Phileb.

203 2390 304 2436 208.
374 2411 396 2431 υ
448 2388 546 2445 γὰρ
587 2390 846 2431 καλεῖται

47 2449 282 2504 μελετᾶν
311 2447 392 2502 -]
431 2447 557 2490 Nam
589 2447 725 2501 quod
757 2460 844 2488 vo-

49 2519 175 2548 care
243 2507 488 2548 solemus
555 2503 844 2556 meditari,

47 2563 123 2616 id,
162 2563 288 2617 quia
328 2563 567 2604 scientia
595 2562 844 2604 elabitur

49 2621 258 2672 animo,
300 2622 485 2662 locum
531 2619 708 2662 habet.
777 2619 843 2661 De

50 2678 276 2720 oblivionis
307 2677 574 2727 definitione,
611 2689 722 2730 quae
760 2675 843 2718 hoc

0 2757 1 2762 =
49 2737 146 2778 loco
166 2735 401 2787 exhibetur,
422 2748 463 2775 v.
477 2734 529 2775 ad
542 2733 706 2776 Phileb.
723 2746 760 2775 c.
773 2732 844 2779 60.

50 2793 256 2835 Ceterum
293 2805 397 2834 cave
453 2789 690 2845 ἐπιστήμην
738 2802 849 2832 nunc

50 2849 107 2890 de
135 2850 229 2903 ipsa
259 2849 436 2890 scientia
455 2849 650 2891 absoluta
683 2848 847 2890 dictum

49 2910 201 2959 putes3
230 2904 339 2946 hanc
369 2906 478 2946 enim
495 2906 624 2946 Plato
655 2919 752 2948 esse
770 2918 850 2947 vo-

50 2963 129 3005 luit
158 2966 441 3012 constantem,
476 2967 664 3012 certam,
696 2963 852 3004 immu—

50 3017 243 3062 tabilem.
300 3018 558 3070 Intelligitur
601 3019 745 3072 potius
781 3031 853 3060 re-

0 3100 1 3131 3
49 3088 147 3119 rum
205 3075 468 3118 extrinsecus
544 3081 845 3129 perceptarum

0 3143 1 3165 ³
50 3134 216 3176 notitia.
302 3132 514 3175 Nimirum
583 3130 846 3186 disceptatur

0 3213 1 3221 ἢ
50 3203 161 3233 nunc
198 3190 253 3232 de
291 3189 459 3231 bomine
491 3192 728 3230 ceterarum
756 3188 846 3230 ani-

50 3249 259 3290 mantium
288 3245 422 3289 instar
451 3246 648 3299 vivente,
675 3258 761 3287 non
791 3244 847 3289 de

51 3310 196 3348 mente
227 3305 267 3346 in
297 3317 347 3346 se
381 3308 594 3357 spectata.

108 3390 161 3432 B.
225 3387 520 3432 ἀθάνατον
574 3387 627 3429 δὲ
681 3384 845 3443 ἄλλῃ]

929 2433 969 2473 p.
991 2418 1059 2464 30.
1080 2420 1139 2460 D:
1167 2420 1209 2459 ἐν
1241 2419 1283 2458 δὲ
1307 2417 1455 2464 ἄλλοις
1475 2417 1585 2459 ἄλλα
1601 2419 1721 2461 καλά.

928 2477 1077 2529 Itaque
1106 2487 1191 2518 non
1221 2476 1454 2529 amplectar
1488 2477 1722 2520 Creuze-

927 2534 971 2574 ri
1018 2534 1225 2575 rationem
1240 2564 1253 2584 ,
1305 2545 1431 2585 quam
1488 2534 1724 2588 probarunt

928 2591 1143 2643 Anius,
1174 2589 1460 2644 Reynders
1487 2595 1531 2632 et
1561 2591 1612 2632 C.
1640 2591 1721 2633 Fr.

929 2648 972 2689 H
990 2662 1014 2690 e
1026 2661 1047 2690 r
1057 2661 1097 2689 m
1109 2661 1133 2689 a
1145 2661 1171 2688 n
1183 2661 1222 2690 n.
1239 2679 1251 2701 ,
1303 2647 1573 2690 scribendum
1609 2648 1723 2690 iudi-

929 2705 1065 2746 cantis
1093 2701 1303 2747 ἀδύνατον
1335 2704 1379 2745 δὲ
1409 2704 1528 2762 ἄλλῃ.
1583 2706 1720 2748 Animi

930 2775 1058 2804 causa
1104 2773 1392 2804 memoramus
1432 2768 1720 2805 commentum

930 2820 1230 2862 Hommelii
1282 2816 1482 2860 θάνατον
1519 2819 1565 2861 δὲ
1613 2819 1720 2876 ἄλλῃ

931 2877 1225 2919 coniectantis.
1282 2876 1348 2917 De
1387 2877 1481 2930 ipsa
1511 2879 1722 2919 sententia

929 2933 1041 2975 conf.
1074 2933 1208 2989 Legg.
1241 2933 1313 2976 IV.
1341 2946 1383 2987 p.
1406 2933 1505 2978 721.
1531 2935 1600 2977 VI.
1623 2933 1718 2978 774.

985 3045 1036 3088 C.
1095 3044 1263 3101 ὥςπερ
1311 3048 1362 3088 οἱ
1410 3047 1590 3089 τέλεσι
1637 3061 1721 3087 σο-

928 3105 1150 3159 mourut]
1199 3104 1334 3147 Ridet
1379 3104 1616 3158 sophistas,
1664 3102 1721 3144 de

927 3160 1186 3213 quibuslibet
1223 3163 1353 3204 rebus
1390 3163 1448 3202 ita
1502 3160 1721 3214 disputan-

929 3222 1014 3270 tes,
1042 3222 1090 3259 ut
1116 3217 1250 3260 videri
1279 3220 1438 3260 vellent
1470 3229 1614 3259 earum
1644 3229 1721 3258 ve-

930 3273 1100 3317 ritatem
1139 3287 1317 3329 prorsus
1357 3274 1511 3315 habere
1541 3286 1720 3327 perspe-

931 3335 1043 3374 ctam
1072 3337 1203 3387 ntque
1235 3333 1513 3385 exploratam.

1182 3460 1309 3509 1⁰*

1775 1409 1816 1460 C
