2158 3718
383 179 454 229 52
999 176 1421 227 PLATole

391 325 674 395 ξυμβαίνει
719 321 940 387 αὐτοῖς,
997 318 1028 376 ὅ
1074 341 1129 375 τι
1175 317 1250 376 ἀν
1293 319 1522 393 τύχωσι,
1579 323 1750 378 τοῦτο
1804 319 2086 395 πράττειν,

396 407 600 481 ὁμοίως
643 409 743 479 μὲν
787 403 1039 474 ἀγαθόν,
1085 402 1288 475 ὁμοίως
1331 409 1386 461 δὲ
1424 405 1775 462 τούναντίον.
1823 409 1934 462 ἔστι
1978 404 2088 481 γὰρ

318 510 360 561 c
406 497 498 549 καὶ
540 490 654 547 ἀπὸ
716 492 815 556 τῆς
858 492 1002 543 θεοῦ
1061 496 1326 561 νεωτέρας
1380 512 1436 545 τε
1495 487 1664 558 οὔσης
1726 487 1868 545 πολὺ
1914 486 1948 559 ἢ
1991 495 2092 558 τῆς

397 584 600 649 ἑτέρας,
645 578 739 630 καὶ
781 570 1112 644 μετεχούσης
1153 579 1211 628 ἐν
1254 577 1320 652 τῇ
1363 581 1561 643 γενέσει
1605 578 1697 630 καὶ
1742 573 1955 642 θήλεος
1997 579 2090 631 καὶ

398 658 652 735 ἄρρενος.
699 656 729 714 ὁ
777 661 832 712 δὲ
877 660 977 724 τῆς
1009 655 1278 727 οὐρανίας
1321 661 1544 731 πρῶτον
1585 662 1687 731 μὲν
1733 657 1798 715 οὐ
1833 657 2092 730 μετεχού-

399 766 499 812 σης
543 740 768 811 θήλεος,
813 739 939 796 ἀλλ’
990 737 1228 817 ἄρ’ρενος
1267 740 1446 814 μόνον
1479 774 1564 783 —-
1601 746 1694 798 καὶ
1739 747 1882 800 ἔστιν
1926 737 2094 809 οὗτος

398 827 429 885 ὸ
489 830 599 883 τῶν
641 829 856 882 παίὸων
895 827 1030 897 ἔρως
1069 857 1157 868 —-
1204 830 1391 882 ἔπειτα
1437 828 1837 900 πρεσβυτέρας,
1883 824 2095 900 ὕβρεως

397 911 659 985 ἀμοίρου.
707 907 855 966 ὅθεν
884 907 952 977 δὴ
995 912 1086 965 ἐπὶ
1130 907 1195 967 τὸ
1225 907 1399 987 ἅῤῥεν
1444 917 1743 983 τρέπονται
1786 915 1840 966 οἱ
1870 917 1927 966 ἐκ
1966 911 2096 968 τού-

398 1017 500 1052 του
537 998 637 1052 τοῦ
686 999 885 1067 ἔρωτος
920 999 1155 1061 ἕπιπνοι,
1194 992 1260 1052 τὸ
1306 993 1469 1072 φύσει
1495 992 1960 1070 ἐρρωμενέστερον
2002 997 2096 1051 καὶ

400 1083 537 1138 νοῦν
581 1082 796 1154 μᾶλλον
837 1081 965 1151 ἕχον
1007 1076 1349 1150 ἀγαπῶντες.
1411 1083 1506 1134 καί
1561 1101 1645 1145 τις
1682 1076 1772 1135 ἂν·
1797 1084 1958 1150 γνοίη
2000 1083 2095 1135 καὶ

518 1273 568 1316 C.
599 1273 656 1314 ἐκ
686 1270 896 1314 τούτου
926 1276 1024 1314 τοῦ
1054 1273 1147 1327 {qm
1161 1287 1217 1313 το
1235 1272 1281 1326 ς]
1312 1272 1552 1315 Articulum
1583 1272 1715 1327 vulgo
1754 1272 1957 1315 omissum
1988 1286 2094 1328 sup-

406 1333 662 1388 peditarunt
691 1330 820 1373 codd.
854 1335 1020 1372 tantum
1053 1343 1138 1371 non
1169 1343 1334 1372 omnes.

520 1391 571 1431 D.
633 1387 748 1429 ἀλλ’
783 1388 1014 1429 ἐπειδὰν
1045 1387 1140 1440 ἤδη
1170 1385 1492 1442 ἄρχωνται]
1543 1386 1771 1429 Bekkerus
1803 1385 1859 1430 de
1888 1387 2094 1444 Stephani

407 1448 656 1494 coniectura
690 1445 824 1489 edidit
853 1444 949 1487 ἀλλ’
984 1443 1011 1498 ἢ
1043 1443 1233 1487 ἐπειδάν.

407 1595 491 1633 τοῦ
526 1590 659 1636 καλῶς
693 1587 720 1640 ιῖ
761 1586 820 1641 μὴ
867 1600 1013 1629 rursus
1057 1585 1213 1628 inteili-
1247 1633 1259 1643 ·
1296 1586 1408 1637 iicit,
1449 1585 1565 1639 quod
1611 1584 1848 1628 Pausanias
1889 1584 2098 1639 deinceps

407 1663 486 1702 gas
516 1645 863 1698 διαπράξασθαι.
902 1658 943 1687 v.
983 1643 1037 1686 ad
1072 1643 1214 1686 Phae-
1297 1656 1389 1685 rem
1449 1645 1623 1685 uberius
1683 1645 1870 1685 illustrat
1929 1643 2097 1684 verbis:

409 1707 509 1749 don.
543 1720 588 1760 p.
624 1703 718 1749 114.
753 1704 805 1745 Β.

467 1793 610 1833 ἔστι
657 1787 769 1844 γὰρ
809 1786 915 1830 καὶ
954 1785 1072 1829 ἀπὸ
1117 1790 1217 1839 τῆς

407 1853 477 1890 θε
493 1849 573 1904 οὔ]
611 1848 747 1890 Intell.
769 1846 791 1887 ὁ
813 1844 1035 1900 πάνδημος
1058 1844 1209 1900 Ἔρως.

406 1907 574 1950 Deinde
608 1903 715 1946 πολι)
754 1904 918 1947 referas
965 1902 1018 1945 ad
1061 1902 1210 1943 vemt&-

407 1980 509 2020 pac:
550 1965 593 2005 in
631 1976 715 2016 qua
756 1962 989 2004 verborum
1021 1962 1210 2002 colloca-

405 2024 524 2065 tione
556 2035 609 2062 ne
640 2020 861 2070 offendas,
904 2018 1101 2060 conferas
1135 2019 1210 2058 ΑΙ-

407 2080 563 2122 cibiad.
593 2078 643 2120 ΙΙ.
678 2091 719 2131 p.
746 2076 837 2122 143.
867 2077 930 2118 D:
961 2074 1066 2116 ἀλλὰ
1099 2074 1212 2128 μᾶλ-

406 2138 484 2178 λον
511 2133 634 2179 πολύ.
667 2135 806 2189 Legg.
827 2135 917 2179 Vl}-
949 2147 990 2187 p.
1019 2132 1119 2178 818.
1155 2132 1208 2175 Bt

406 2191 710 2248 εὐηθέστατός
751 2195 842 2233 ἐστι
881 2195 1046 2246 μακρῷ.
1119 2190 1212 2231 Po-

409 2254 509 2296 litio.
541 2266 581 2306 p.
614 2251 712 2296 275·
750 2251 810 2294 Cx
850 2248 1032 2301 ὁμοίους
1073 2263 1118 2290 τε
1147 2246 1210 2287 εἶ-

408 2327 481 2352 ναι
510 2310 679 2365 μᾶλλον
701 2304 828 2349 nole?
843 2307 921 2352 τὰς
942 2304 1107 2358 φύσεις.
1135 2304 1210 2346 ubi

409 2370 540 2418 vulgo
586 2367 813 2418 legebatur
862 2363 974 2405 πολὺ
1030 2362 1210 2418 μᾶλλον.

409 2425 514 2468 lbid.
559 2438 601 2479 p.
633 2423 732 2468 288.
788 2429 842 2464 A:
888 2418 993 2462 ἀλλὰ
1048 2420 1213 2475 μᾶλλον

409 2481 519 2524 πολι)
555 2485 812 2534 τεκτονικῆς.
875 2481 1011 2531 Gorg.
1045 2492 1088 2532 p.
1111 2476 1213 2521 488.

409 2540 466 2582 Ε.
498 2539 665 2582 Phiieb.
707 2553 747 2593 p.
792 2537 857 2581 19.
897 2541 945 2578 Α.
990 2536 1131 2590 Supra
1171 2548 1213 2587 p.

415 2597 512 2643 180.
552 2599 613 2638 At
653 2597 799 2636 ἔπειτα
839 2592 1044 2647 νεώτερος
1080 2590 1211 2643 πολύ,

412 2654 485 2695 ubi
518 2652 611 2695 cod.
655 2651 917 2694 Darmstadt.
960 2648 1070 2690 πολὺ
1114 2661 1215 2702 per-

414 2722 561 2765 peram
594 2709 762 2750 omittit.
814 2706 1036 2749 Phaedon.
1069 2719 1109 2758 p.
1141 2705 1209 2749 90-

415 2769 478 2810 A:
511 2763 615 2814 τοὺς
646 2763 865 2818 χρηστοὺς
901 2762 972 2802 καὶ
1000 2759 1216 2814 πονηροὺς

415 2821 687 2877 σφόδρα,ιὼί
705 2825 896 2865 v.annot.
908 2818 1009 2860 edit.
1025 2817 1066 2861 3.
1080 2818 1216 2860 Nimi-

415 2893 510 2923 rum
531 2879 804 2934 postponitur
830 2874 939 2918 πολὺ
970 2875 1085 2924 ideo,
1116 2875 1218 2928 quia

414 2941 618 2991 νεωτέρας
682 2936 722 2978 vi
777 2939 821 2977 et
869 2933 1083 2987 gravitate
1137 2944 1218 2974 sua

418 2996 592 3039 eminet.

474 3079 524 3122 C.
575 3077 663 3120 καὶ
692 3077 840 3118 ἔστιν
871 3069 1033 3120 οὗτος
1064 3074 1086 3116 ὁ
1121 3080 1219 3116 τῶν

417 3137 623 3180 παίδων
651 3137 746 3189 ἔρω
761 3132 808 3188 ς]
844 3133 1082 3174 inserviunt
1106 3132 1214 3174 haec

417 3195 550 3238 verba
563 3206 565 3211 ’
580 3190 840 3236 iliustrandis
862 3191 1091 3244 postremis
1123 3186 1212 3238 ἀλλ’

416 3247 593 3309 ἅῤῥενος
622 3249 772 3307 μόνον.
819 3248 975 3289 Iniuria
1008 3249 1135 3301 igitur
1166 3262 1217 3289 ea

420 3324 498 3365 pro
548 3311 695 3364 inepto
743 3307 1006 3360 glossemate
1059 3304 1221 3347 habue-

420 3373 520 3410 runt
548 3363 814 3415 Wolsius',
855 3361 1216 3414 Schuetzius,

425 3425 633 3469 Astius.
688 3422 841 3476 Neque
871 3421 1123 3475 scrupulum
1156 3420 1218 3462 in-

1300 1699 1412 1743 5'3222
1443 1700 1492 1753 δὴ
1529 1701 1596 1741 ἐπὶ
1624 1699 1674 1741 τὸ
1708 1699 1833 1754 ἄρῤεν
1864 1702 2099 1751 τρέπονται

1299 1775 1336 1801 κ.
1366 1776 1405 1801 τ.
1437 1759 1547 1801 λ.-
1575 1756 1783 1813 ὕβρεως
1830 1755 2095 1812 ἀμοίρου.

1298 1817 1345 1858 ln
1388 1816 1469 1857 hoc
1507 1816 1716 1868 asyndeto
1769 1816 1826 1857 nil
1878 1819 1945 1857 est
1981 1814 2099 1868 quod

1293 1873 1448 1916 habeat
1480 1874 1788 1924 offensionem,
1832 1878 1880 1914 ut
1911 1885 1995 1913 non
2027 1885 2100 1913 as-

1294 1932 1531 1973 sentiamur
1562 1932 1599 1972 Α
1625 1944 1646 1971 s
1665 1930 1711 1971 ti
1733 1943 1759 1971 o
1779 1960 1791 1980 ‚
1835 1930 1908 1982 qui
1940 1928 2100 1982 ὕβρεώς

1293 1987 1339 2030 τ’
1385 1989 1574 2043 ἀμοίρου
1615 1985 1892 2029 scribendum
1936 1992 2100 2028 censet.

1293 2046 1433 2089 Multo
1486 2046 1624 2087 minus
1668 2049 1812 2086 autem
1866 2045 2100 2098 probamus

1295 2103 1410 2158 quod
1443 2103 1702 2144 Orellius
1745 2100 1800 2143 ad
1831 2101 2010 2143 Isocrat.
2044 2101 2101 2143 de

1296 2161 1493 2204 Antidos.
1524 2173 1565 2214 p.
1600 2159 1697 2204 326.
1731 2158 1960 2212 legendum
1997 2172 2100 2213 pro-

1295 2219 1473 2273 posuit,
1524 2216 1686 2273 ὕβρεως
1726 2215 1923 2271 ἄμοιρος.
1971 2229 2008 2257 v.
2044 2214 2101 2257 ad

1295 2275 1518 2319 Phaedon.
1564 2289 1606 2330 p.
1660 2273 1753 2318 110,
1797 2274 1850 2316 D.
1890 2273 1958 2316 ed.
2010 2286 2099 2315 rec.

1295 2335 1452 2388 Remp.
1503 2333 1556 2376 ll.
1609 2346 1650 2386 p.
1692 2331 1789 2376 350.
1844 2331 1896 2373 D.
1939 2330 2104 2372 Dicitur

1298 2396 1444 2434 autem
1486 2390 1634 2431 Venus
1679 2388 1841 2432 Urania
1887 2389 2016 2430 libera
2058 2392 2103 2429 et

1298 2448 1499 2491 immunis
1532 2461 1629 2490 esse
1660 2461 1683 2488 a
1713 2445 1944 2501 petulantia
1977 2450 2017 2486 et
2053 2446 2103 2487 ii-

1298 2506 1443 2548 bidine
1476 2506 1572 2557 iiia,
1618 2517 1728 2558 quae
1764 2503 1919 2545 Veneri
1952 2502 2102 2555 Vulgi-

1301 2577 1439 2617 vagae
1498 2563 1675 2616 propria
1733 2561 1805 2603 sit.
1893 2559 2101 2601 Ceterum

1296 2625 1397 2675 post
1444 2624 1614 2673 πρῶτον
1660 2618 1737 2670 μὲν
1797 2615 1930 2658 intell.
1974 2617 2103 2669 ἐστίν,

1298 2676 1413 2730 quod
1444 2675 1724 2717 Rr‘ickerti
1763 2673 1900 2726 gratia
1950 2683 2104 2716 mone-

1299 2746 1395 2775 mus
1427 2733 1467 2773 in
1499 2732 1731 2773 verborum
1763 2734 1980 2772 structura
2011 2730 2102 2773 sine

1295 2787 1429 2832 'causa
1461 2788 1692 2831 haerentis.

1361 2905 1413 2946 D.
1474 2901 1531 2945 οὐ
1563 2901 1662 2958 γὰρ
1693 2902 1856 2957 ἐρῶσι
1882 2903 2104 2956 παίδων,

1301 2960 1422 3004 ἀλλ’
1457 2960 1677 3003 ἐπειδᾶν
1718 2960 1847 3014 ἤδη]
1906 2961 2003 3003 Non
2035 2975 2108 3002 as-

1303 3020 1465 3061 sentior
1496 3019 1527 3060 S
1543 3023 1560 3060 t
1576 3032 1598 3060 e
1614 3017 1712 3072 pha
1728 3031 1792 3060 no
1825 3017 1851 3069 ἢ
1881 3023 1981 3072 post
2014 3017 2102 3058 ἀλλ’

1301 3076 1575 3119 inserendum
1593 3076 1775 3130 putanti.
1805 3074 1912 3118 Nam
1931 3081 2106 3118 senten-

1298 3134 1472 3177 tiahaec
1492 3140 1580 3176 est:
1612 3145 1717 3174 non
1751 3133 1889 3175 enim
1933 3138 2107 3175 amant

1299 3204 1501 3247 pueros
1531 3194 1757 3243 (tanquam
1779 3191 1975 3244 pueros),
2007 3190 2103 3231 sed
2139 3184 2145 3194 “

1300 3254 1444 3292 amant
1474 3262 1565 3301 4308,
1601 3259 1750 3300 quum
1794 3248 1899 3288 iam
1937 3260 2105 3301 sape-

1299 3321 1355 3349 re
1409 3305 1697 3359 incipiunt.
1770 3304 1982 3347 Quocirca
2022 3303 2103 3344 οὐκ

1301 3366 1426 3419 ἐρῶσι
1455 3361 1508 3410 ὥς
1537 3361 1590 3402 ἂν
1621 3359 1833 3402 δύνωνται
1862 3359 2102 3414 ἀνοητοτά-

1304 3437 1404 3475 των,
1433 3419 1549 3474 quod
1573 3418 1616 3461 in
1634 3419 1833 3473 vulgares
1854 3418 1961 3461 istos
1981 3430 2101 3461 ama-
