2158 3718
1308 0 1320 32 l

338 173 408 222 6⁰
976 169 1391 224 PLATONIS

338 312 446 388 γὰρ
474 313 644 388 ὅρκον
672 314 739 372 οὔ
768 337 942 394 φασιν
967 315 1134 373 εἶναι·
1172 313 1316 371 οὕτω
1351 322 1442 373 καὶ
1470 324 1522 374 οἱ
1549 321 1683 373 θεοὶ
1715 321 1808 372 καὶ
1839 322 1892 373 οἱ
1919 314 2020 372 ἅν-

341 404 569 470 θρωποι
614 404 803 457 πᾶσαν
845 402 1100 469 ἐξουσίαν
1128 398 1462 469 πεποιήκασι
1503 406 1581 471 τῷ
1627 404 1836 473 ἐρῶντι,
1879 399 1953 466 ὡς
1985 400 2014 457 ὁ

337 483 508 554 νόμος
551 488 722 559 φησὶν
765 485 794 541 ὁ
839 485 1069 540 ἐνθάδε.
1145 482 1318 562 ταύτῃ
1373 489 1473 557 μὲν
1532 479 1632 542 οὖν
1678 490 1903 553 οἰηθείη
1946 482 2020 540 ἄν

337 591 420 633 τις
462 567 752 638 πάγκαλον
808 573 1139 640 νομίζεσθαι
1195 575 1252 623 ἐν
1309 573 1434 646 τῇδε
1490 574 1554 648 τῇ
1614 569 1768 626 πόλει
1816 573 1908 627 καὶ
1950 566 2015 626 τὸ

336 657 471 722 ἐρᾶν
514 655 606 706 καὶ
643 650 706 707 τὸ
734 658 933 729 φίλους
974 657 1272 723 γίγνεσθαι
1314 666 1432 718 τοῖς
1474 661 1746 758 ἐρασταῖς.
1792 651 2018 709 ἐπειδᾶν

338 740 393 792 ὁὲ
439 734 824 806 παιδαγωγοὺς
864 736 1253 804 ἐπιστησαντες
1298 743 1350 793 οἱ
1396 744 1623 808 πατέρες
1667 749 1780 802 τοῖς
1825 743 2021 811 ἐρωμέ-

336 843 457 884 νοις
485 844 561 890 μη
587 823 713 876 ἐῶσι
753 826 1110 892 διαλέγεσθαι
1154 833 1275 886 τοῖς
1317 829 1591 893 ἐρασταῖς,
1636 826 1727 878 καὶ
1771 825 1846 892 τῷ
1893 845 2024 877 παι,

336 907 565 976 δαγωγῷ
611 909 789 961 ταῦτα
834 911 1276 982 προς-τεταγμένα
1319 929 1370 984 ῃ,
1414 911 1465 962 οἱ
1508 905 1792 974 ἡλικιῶται
1831 909 1888 962 δὲ
1931 909 2026 962 καὶ

450 1072 499 1113 C.
559 1072 585 1112 δ
609 1089 668 1112 ια
688 1070 710 1109 λ
732 1073 798 1126 ἐγ
816 1087 834 1112 ε
855 1088 880 1113 σ
905 1076 941 1114 θ
961 1088 989 1112 α
1011 1088 1026 1111 ι
1055 1074 1174 1116 τοῖς
1206 1073 1486 1127 ἐρασταῖς]
1520 1072 1674 1117 Herm.
1693 1071 1748 1114 de
1778 1072 2026 1118 coniectura

333 1129 484 1171 Orellii
516 1129 569 1171 ad
608 1132 786 1174 Isocrat.
831 1131 893 1171 De
923 1128 1052 1171 antid.
1082 1143 1124 1182 p.
1147 1128 1247 1172 327.
1266 1129 1438 1183 scripsit
1467 1129 1572 1178 τοὺς
1601 1128 1798 1184 ἐραστάς,
1829 1130 1930 1182 quia
1956 1130 2023 1170 δι’-

332 1188 567 1240 αλέγεσθαι
596 1189 772 1229 solenne
788 1188 842 1228 sit
874 1187 928 1228 de
949 1193 1142 1229 amatore
1163 1188 1372 1228 amasium
1405 1188 1676 1229 sermonibus
1706 1188 1794 1228 suis
1825 1187 1879 1229 ad
1906 1201 2025 1230 amo-

332 1258 424 1287 rem
458 1245 659 1298 pellicere
689 1250 886 1286 conante.

450 1303 500 1344 C.
556 1303 1004 1358 προςτεταγμένα
1035 1294 1087 1355 ἠ]
1122 1302 1245 1354 Vulg.
1279 1294 1570 1361 ᾐῆλικιῶται.
1594 1297 1742 1343 Ρι·0’
1715 1321 1738 1354 ῃ
1776 1301 1904 1344 Bodl.
1923 1301 2022 1344 Vat.

334 1357 389 1400 A.
418 1360 522 1401 Ven.
546 1360 592 1401 Ξ.
632 1359 752 1400 Vind.
773 1358 815 1401 2.
842 1360 940 1402 Par.
963 1359 1050 1400 DK
1085 1359 1240 1400 habent
1270 1359 1326 1400 οἱ.
1366 1359 1456 1400 Vat
1476 1373 1516 1413 p.
1543 1363 1567 1411 ᾗ
1601 1361 1643 1399 οἱ
1674 1357 1780 1410 ἧλικ
1808 1359 1923 1412 quod
1954 1372 2026 1401 re-

337 1418 574 1471 posuimus.
608 1418 713 1458 Dein
740 1417 853 1458 libri:
887 1417 960 1456 καὶ
987 1415 1125 1469 ἕτεροι
1145 1416 1275 1457 ὄιειδ.
1266 1447 1295 1468 .,
1330 1415 1447 1468 quod
1471 1416 1581 1457 duce
1598 1416 1748 1458 Ficino
1770 1429 1867 1459 cum
1889 1416 2027 1458 Hein-

338 1474 474 1516 dorfio
506 1475 559 1516 ad
599 1473 782 1516 Phaedr.
810 1473 968 1529 p.210.
993 1479 1037 1516 et
1061 1475 1179 1515 Astio
1213 1474 1495 1517 correximus.

454 1533 504 1576 D.
541 1547 559 1573 ε
581 1533 597 1573 l
618 1549 638 1581 ς
676 1532 740 1572 δὲ
776 1530 956 1573 ταῦτα’
987 1532 1100 1586 τις]
1137 1532 1184 1576 V.
1220 1530 1274 1585 δή
1302 1531 1417 1585 quod
1451 1545 1506 1573 ex
1538 1531 1712 1585 optimis
1741 1531 2025 1586 plurimisque

339 1663 435 1697 κων,
467 1646 583 1700 quod
616 1648 745 1700 vulgo
777 1646 1025 1699 legebatur,
1059 1646 1140 1686 etsi

338 1709 460 1746 recte
502 1705 682 1754 dicitur,
727 1705 966 1757 recepimus
997 1709 1140 1744 tamen

340 1763 566 1803 meliorum
587 1762 789 1802 librorum
810 1762 1036 1802 lectionem
1065 1759 1140 1801 τὸν

339 1818 495 1871 ὅρκον,
528 1832 655 1872 quam
689 1819 1055 1860 constructionem
1088 1818 1138 1859 il—

340 1878 538 1919 lustravit
569 1879 602 1918 Α
625 1890 645 1917 s
672 1876 717 1916 ti
741 1889 766 1916 u
797 1890 817 1916 s
849 1876 904 1917 ad
943 1875 982 1916 h
1015 1877 1038 1919 l.
1071 1874 1135 1919 Cf

341 1933 666 1986 Matthiae§
707 1932 804 1979 379.
835 1935 870 1977 1.
906 1933 1074 1975 Politic.
1093 1946 1137 1986 p.

339 1993 439 2037 295-
471 1993 532 2035 Dx
578 1996 790 2046 καρτερῶν
821 1991 863 2031 δ’
903 2008 958 2032 αν
989 1989 1140 2045 ἡγοῖτο

342 2050 429 2090 δεῖν
461 2048 519 2103 μὴ
546 2051 617 2101 ἐκβ
620 2050 751 2089 ιιίιειν
773 2048 825 2089 τὰ
847 2047 1009 2100 ἀρχαῖά
1031 2062 1140 2088 ποτε

340 2109 721 2176 νομοθετηθέντα.
760 2107 961 2148 Ceterum
976 2105 1141 2160 deper-

339 2165 456 2207 iuriis
488 2165 720 2205 amantium
753 2178 778 2205 a
808 2163 886 2204 diis
907 2177 990 2204 non
1008 2163 1139 2218 puni-

341 2222 533 2263 risolitis
568 2222 727 2263 Philet).
755 2236 780 2276 p
805 2221 872 2265 65.
900 2221 957 2262 C·
990 2223 1033 2261 ἐν
1049 2225 1142 2267 ταῖς

341 2278 516 2330 ἡδοναῖς
532 2279 629 2330 περι
648 2277 914 2332 ταφροδίσια
946 2303 975 2309 0
1000 2279 1072 2318 και
1089 2295 1137 2318 το

339 2339 550 2391 ἐπιορκεῖι
579 2335 824 2390 ξιιγγιώμην
856 2337 1002 2390 εἴληφε
1025 2334 1137 2389 παρὰ

341 2399 472 2445 θεῶν,
505 2395 574 2435 ubi
610 2408 643 2436 v.
668 2394 816 2441 annot.
839 2399 882 2435 et
908 2407 1017 2447 quae
1048 2394 1140 2435 col-

338 2454 533 2503 legerunt
550 2453 682 2506 intpp.
696 2452 748 2493 ad
762 2451 974 2494 Aristaen.
987 2465 1028 2506 p.
1038 2450 1136 2495 729.

341 2510 407 2550 ed.
440 2510 582 2551 Boiss.

397 2594 446 2637 C,
508 2593 717 2636 ἐπειδὰν
748 2595 802 2636 δὲ
835 2596 1137 2648 παιδαγωγ.

341 2650 774 2705 ἐπιστήσαντες]
820 2654 882 2694 De
918 2654 1138 2705 paedago-

342 2710 423 2758 gis,
456 2709 524 2760 qui
563 2721 792 2760 puerorum
826 2715 869 2749 et
900 2711 1134 2762 puellarum

342 2764 546 2805 ductores
578 2766 747 2805 fuerunt
779 2770 821 2806 et
842 2766 1063 2813 doctores,
1097 2778 1132 2805 v.

343 2822 491 2862 Plat.
529 2821 670 2872 Lysid.
697 2834 722 2873 p
757 2821 854 2864 2:23.
877 2827 908 2861 Α
934 2853 946 2871 ,
972 2823 1041 2862 ubi
1064 2821 1139 2862 liu-

343 2879 408 2920 ius
438 2879 570 2931 ipsius
602 2879 661 2918 rei
695 2880 938 2931 exemplum
974 2884 1062 2929 est,
1097 2884 1142 2919 et

276 2962 283 2966 ‚
340 2936 649 2990 Pignorius
673 2933 1032 2989 deServisp.1l6
1053 2949 1142 2988 sqq.

340 2997 585 3033 -ταῦτα
617 3007 989 3046 προςτετιιγμ.
1012 2994 1144 3034 intell.

340 3050 397 3105 μὴ
439 3053 538 3092 ἐῶσι
586 3049 863 3103 διαλέγεσθαι
900 3055 994 3096 τοῖς
1038 3053 1139 3106 ἐρα-

343 3125 478 3156 σταις.

404 3194 450 3234 D
475 3191 571 3245 οὐχ
591 3191 800 3234 ἁπλοῦν
824 3193 985 3243 ἐστιν,
1009 3190 1137 3246 ὅπερ

343 3251 400 3295 3
384 3252 401 3277 ξ
440 3249 464 3290 ἀ
488 3266 510 3302 ρ
532 3266 558 3301 χ
578 3255 601 3302 ι7
625 3266 644 3297 ς
665 3251 748 3306 -]
789 3249 894 3291 Loci
930 3251 1139 3291 sententia

343 3308 449 3349 haec
482 3314 570 3350 est.
605 3307 734 3352 Quod
756 3320 882 3362 supra
905 3307 1139 3359 dicebatur,

346 3365 444 3406 nihil
476 3380 573 3408 esse
612 3379 699 3420 per
718 3379 767 3407 se
806 3365 1033 3408 honestum
1065 3370 1141 3405 ant

347 3427 503 3477 turpe,
532 3422 575 3465 id
608 3436 692 3466 non
722 3423 903 3478 simplex
937 3428 1030 3476 est,
1061 3422 1138 3465 sed

1226 1646 1350 1699 quasi
1400 1645 1616 1698 duplicem
1671 1644 1799 1686 habet
1850 1644 2021 1696 faciem,

1226 1705 1369 1757 prouti
1396 1703 1574 1744 rationis
1591 1708 1633 1743 et
1659 1702 1794 1754 modi,
1820 1715 1904 1755 quo
1923 1716 2023 1756 per-

1225 1762 1391 1814 agitur,
1441 1761 1550 1802 ratio
1587 1761 1794 1810 habetur,
1834 1765 1909 1801 aut
1939 1773 2023 1801 non

1226 1818 1416 1860 liabetur.
1487 1817 1614 1860 Quod
1652 1816 1824 1870 quidem
1879 1823 2039 1858 orator·

1226 1877 1289 1918 sic
1310 1875 1547 1928 eloquitur:
1580 1887 1606 1915 n
1627 1889 1653 1916 o
1673 1887 1699 1915 n
1731 1874 1844 1915 sim
1866 1889 1892 1928 p
1914 1876 1925 1916 l
1948 1888 1972 1916 e
1995 1887 2023 1916 x

1225 1938 1336 1985 est,
1379 1933 1539 1984 inquit,
1580 1931 1720 1984 quod
1761 1932 1822 1974 ab
1864 1932 2022 1974 initio

1224 1990 1529 2032 dicebatur
1575 2002 1600 2030 n
1622 2003 1690 2031 ec
1725 1988 2023 2047 honestum

1188 2091 1189 2094 ,
1223 2047 1519 2102 quidquam
1551 2060 1644 2101 per
1673 2061 1731 2088 se
1762 2060 1892 2089 esse
1923 2060 2022 2089 nec

1224 2111 1412 2159 turpe,
1446 2104 1541 2146 sed
1572 2103 1875 2147 sihoneste
1905 2117 2024 2158 per-

1225 2164 1440 2216 agitur,
1486 2161 1775 2203 honestum
1819 2167 1916 2214 est,
1947 2161 2027 2203 sin

1225 2221 1480 2274 turpiter,
1522 2224 1702 2274 turpe.
1762 2219 1886 2263 Quae
1916 2220 2026 2261 bre-

1226 2279 1334 2320 viter
1372 2277 1484 2318 dicta
1519 2291 1617 2318 esse
1659 2277 1791 2330 liquet
1830 2290 1909 2331 pro
1950 2290 2021 2328 eo,

1225 2334 1340 2389 quod
1378 2349 1476 2377 esse
1508 2333 1719 2376 debebat:
1757 2347 1840 2376 non
1872 2334 1924 2375 si
1949 2347 2026 2376 m—

1225 2395 1360 2448 plex
1393 2398 1486 2443 est,
1526 2391 1642 2445 qnod
1684 2391 1906 2434 dicebatur
1939 2396 2022 2436 etc.

1225 2449 1323 2492 sed
1355 2450 1587 2503 duplex3
1626 2462 1722 2490 nam
1763 2450 1903 2503 prouti
1945 2448 2023 2490 ho-

1223 2513 1348 2551 neste
1378 2513 1450 2549 aut
1486 2508 1664 2560 turpiter
1694 2507 1757 2557 fit,
1789 2508 1917 2549 etiam
1941 2504 2020 2548 luo-

1223 2571 1393 2607 nestum
1427 2577 1481 2605 ac
1511 2569 1634 2618 turpe
1665 2563 1823 2605 evadit.
1874 2564 2023 2615 ltaque

1220 2620 1388 2663 ἁπλοῦν
1420 2633 1531 2662 nunc
1552 2633 1633 2661 non
1656 2625 1722 2660 est
1751 2621 1910 2673 simpl
1929 2621 2022 2661 ici-

1214 2685 1308 2720 ter
1340 2690 1540 2728 verum,
1572 2682 1618 2717 ut
1642 2690 1773 2729 saepe
1795 2677 1910 2727 alibi,
1942 2677 2020 2718 sed

1222 2736 1365 2789 potius
1409 2734 1614 2785 simplex,
1658 2733 1695 2773 h.
1729 2747 1766 2775 e.
1803 2733 1845 2775 id
1888 2734 2019 2787 qnod,

1225 2792 1348 2832 sicuti
1394 2791 1452 2830 ait
1484 2789 1714 2831 Terentius
1733 2820 1744 2840 ,
1768 2792 2021 2845 ¹simplicem

1226 2848 1379 2889 faciem
1418 2847 1545 2888 babet
1578 2852 1622 2888 et
1660 2861 1740 2889 una
1772 2853 1934 2890 tantum
1970 2863 2022 2890 ex

1226 2910 1347 2960 parte
1389 2905 1576 2958 spectari
1604 2910 1765 2957 potest.
1814 2907 2024 2948 Similiter

1228 2963 1460 3016 Lacliet.p.
1488 2962 1579 3007 188.
1607 2963 1662 3003 C:
1695 2961 1861 3003 ἁπλοῦν
1892 2961 1944 3004 τό
1972 2963 2017 3019 y'

1229 3020 1328 3072 ἰιιόι
1329 3037 1336 3051 ¹
1356 3019 1450 3074 περὶ
1469 3018 1605 3072 λόγων
1628 3021 1741 3060 ἐστίν
1758 3037 1766 3044 ·
1791 3022 1827 3061 εἱ
1848 3021 1894 3061 δὲ
1914 3019 2025 3072 βού-

1226 3079 1304 3128 λιιι,
1338 3092 1385 3116 ov
1367 3077 1420 3129 ιῗχ
1452 3077 1633 3128 ἁπλοῦν,
1665 3076 1774 3117 ἀλλὰ
1807 3079 2018 3119 διπλοῦν·

1224 3136 1297 3175 κα)
1325 3134 1404 3189 γὰο
1436 3153 1486 3174 αν
1507 3133 1582 3178 δυ’,
1569 3135 1688 3187 ιιιμί
1712 3150 1769 3195 τῳ
1800 3134 2025 3189 φιλολό-

1184 3235 1186 3237 ,
1224 3209 1292 3248 γο
1317 3211 1334 3240 ς
1365 3209 1406 3232 ,ιε
1416 3209 1508 3244 ναι,
1555 3191 1624 3231 καὶ
1668 3186 1732 3234 αὖ
1768 3191 2021 3248 μισολόγος

1227 3251 1548 3318 Simplicissima
1580 3262 1681 3290 vero
1715 3248 1819 3291 haec
1847 3252 1927 3292 loci
1959 3251 2022 3291 in-

1226 3309 1482 3363 terpretatio
1516 3311 1667 3348 utnon
1698 3307 2022 3360 intelligeretur,

1227 3366 1418 3420 inprimis
1452 3365 1579 3407 etism
1620 3363 1726 3406 illud
1764 3365 1929 3407 videtur
1960 3363 2025 3406 ef-

1227 3422 1411 3477 fecisse,
1442 3421 1559 3477 quod
1596 3421 1730 3464 verba
1764 3421 1865 3465 οὔτε
1894 3420 2027 3464 καλὸν
