2222 3762
511 79 553 131 *
1565 79 1837 138 xxxix

144 220 620 292 Charmidem,
675 222 1543 292 La.chetem,*=Menonem,
1598 219 1833 277 Prota-

141 295 1057 379 gnam„Euthyphsronem,
1107 294 1533 366 Ape-logiam
1595 294 1834 349 Socra—

254 515 431 556 tonicae
463 524 639 566 corpus,
660 512 790 563 quale
820 511 913 563 ipse
945 511 1285 563 informaverat3
1306 517 1534 562 praeterea
1566 523 1672 551 vero
1705 513 1836 551 etiam

259 586 312 615 eo
351 571 511 614 >multas
553 571 691 610 movit
726 570 1076 619 controversias,
1118 570 1239 621 quod
1277 570 1417 609 libros
1449 570 1572 619 illos,
1606 581 1715 620 quos
1748 570 1833 621 pri-

259 631 410 673 mariis
451 629 644 679 dialogis
684 633 893 679 tanquam
934 628 1076 668 sorios
1117 627 1330 679 quosdam
1372 632 1504 679 atque
1536 627 1727 667 comites
1759 628 1835 667 ad-

260 688 429 735 iunxit,
461 693 506 728 et
545 692 903 737 argumentorum
947 686 1267 726 necessitudine
1305 686 1468 726 arctius
1507 698 1603 725 cum
1635 684 1703 723 his
1734 697 1836 724 con-

259 748 434 788 iunctos
466 757 563 785 esse
594 749 637 784 et
677 744 831 785 eodem
869 744 961 782 fere
990 750 1184 794 tempore
1222 744 1379 783 litteris
1409 749 1612 784 exaratos
1645 754 1741 782 esse
1771 744 1836 781 iu-

259 805 450 854 dicavit,
482 804 583 843 licet
621 802 687 840 illi
739 814 819 841 nec
848 801 904 841 ad
942 802 1184 853 sapientiae
1227 802 1469 842 ubertatem
1509 814 1590 841 nec
1632 800 1689 840 ad
1731 801 1838 840 artis

207 881 227 908 Δ,
262 862 437 905 laudem
476 866 519 901 et
555 859 871 912 perfectionem
911 872 1008 899 cum
1050 858 1105 898 iis
1144 860 1427 911 comparandi
1477 860 1719 899 videantur.
1780 857 1841 897 Ut

262 921 400 973 igitur
446 920 511 958 vir
557 916 959 970 praestantissimus
1001 917 1236 956 multorum
1275 918 1552 968 dialogorum
1588 916 1842 955 interiorem

264 978 573 1030 cognationem
612 981 738 1015 acute
771 974 1164 1024 demonstraverit,
1194 974 1304 1014 illud
1341 974 1516 1025 quidem
1547 986 1637 1013 non
1668 973 1842 1012 videtur

139 1078 143 1082 ,
207 1040 490 1082 -.,assecutus
530 1045 648 1078 esse,
686 1031 808 1083 quod
848 1031 942 1082 ipse
983 1031 1146 1080 voluit,
1189 1036 1236 1070 ut
1262 1032 1387 1083 quid
1427 1031 1479 1071 de
1511 1031 1842 1071 Platonicorum

260 1093 475 1134 librorum
515 1090 792 1142 primordiis,
825 1089 1092 1137 argumentis
1134 1094 1177 1128 et
1210 1090 1429 1138 consiliis,
1465 1090 1551 1128 fide
1582 1089 1767 1140 denique
1800 1094 1842 1127 et

160 1164 162 1166 ’
229 1186 231 1190 .
260 1150 528 1193 anctoritate
567 1146 903 1188 existimandum
933 1147 1013 1199 sit,
1047 1146 1166 1186 omni
1206 1158 1260 1187 ex
1302 1151 1425 1199 parte
1456 1147 1730 1198 exploratum
1764 1146 1841 1185 ha-

261 1210 452 1250 beretur.
516 1207 665 1256 Atque
685 1205 824 1244 sensit
844 1204 928 1244 hoc
957 1205 1100 1256 ipsum
1131 1205 1183 1254 is,
1208 1205 1283 1255 qui
1314 1205 1514 1256 proxime
1546 1209 1649 1256 post
1673 1203 1839 1243 Schlei-

261 1265 563 1308 ermacherum
584 1265 650 1304 rei
668 1262 955 1304 difficillimae
975 1263 1278 1314 quaestionem
1300 1264 1444 1302 denuo
1465 1263 1669 1314 suscepit.
1730 1260 1842 1301 Nam

231 1320 234 1322 ³
262 1323 433 1366 Frside
445 1335 479 1363 r.
502 1322 704 1364 Aetius
737 1333 869 1371 quum
898 1320 1028 1360 facile
1046 1320 1324 1372 pervidisset,
1343 1328 1476 1372 quam
1496 1326 1610 1360 esset
1627 1320 1842 1359 lubricum

202 1380 206 1385 ’
262 1376 545 1425 wdifficile'
581 1379 810 1419 Platonem
848 1390 946 1419 eum
983 1378 1244 1424 informare,
1282 1379 1356 1430 qui
1396 1384 1606 1430 tanquam
1645 1389 1840 1429 praeme—

265 1442 408 1483 ditato
439 1438 686 1479 studiorum
715 1436 873 1476 itinere
905 1436 1106 1487 singulos
1138 1436 1444 1488 philosophiae
1473 1437 1597 1476 locos
1628 1441 1840 1487 perpetuo

220 1543 222 1545 ,
263 1499 423 1540 ordine
463 1497 669 1547 deinceps
707 1494 1015 1534 illustravisset
1067 1507 1207 1545 eaque
1244 1497 1416 1546 ratione
1468 1495 1672 1545 dialogos
1719 1493 1840 1533 alios

263 1570 318 1598 ex
349 1555 449 1598 aliis
480 1566 616 1595 nexos
647 1559 691 1592 et
707 1563 948 1603 suspensos
967 1552 1178 1592 continua
1195 1553 1308 1592 serie
1330 1553 1658 1596 elaboravisset,
1688 1552 1843 1590 relicta

266 1616 354 1664 via,
385 1626 517 1670 quam
555 1611 630 1650 ille
676 1611 838 1651 inierat
866 1610 912 1649 in
944 1610 1057 1649 libro
1089 1610 1165 1649 De
1204 1611 1333 1650 Vita
1364 1615 1414 1649 et
1446 1609 1689 1662 Scriptis
1728 1608 1842 1648 Pla-

265 1672 430 1717 tonis.
458 1669 656 1721 Lipsiae,
684 1667 813 1712 1816.
843 1666 881 1710 8-
917 1668 1052 1718 edito,
1093 1668 1157 1708 sic
1183 1669 1333 1720 ,potius
1363 1668 1410 1707 in
1440 1668 1570 1707 huius
1600 1668 1666 1706 rei
1695 1667 1844 1718 dispu-

263 1730 442 1777 tationef
472 1726 735 1768 versandum
774 1737 869 1765 esse
905 1726 1081 1778 statuit,
1127 1730 1174 1765 ut
1202 1728 1392 1765 omnino
1425 1725 1646 1766 Platonici
1675 1725 1843 1776 ingenii

265 1794 476 1839 tauquam
515 1785 683 1837 species
723 1784 939 1836 quaedam
981 1789 1112 1835 atque
1158 1784 1304 1835 imago
1351 1783 1691 1833 informaretur,
1728 1782 1844 1822 unde

265 1845 596 1889 Platonicorum
626 1842 889 1894 scriptorum
910 1846 1181 1894 repeteretur
1200 1842 1411 1882 iudicium
1439 1854 1680 1892 eorumque
1717 1841 1843 1891 origo

268 1904 434 1957 pariter
463 1908 595 1953 atque
625 1900 876 1940 coniunctio
914 1913 964 1940 ac
1001 1900 1283 1941 necessitudo
1315 1904 1669 1950 cognosceretur.
1731 1897 1845 1937 Cen-

264 1963 363 2003 suit,
388 1965 533 2000 autem
565 1958 745 1998 Platoni
785 1971 879 1998 eam
930 1958 1149 1998 sentiendi
1185 1958 1497 2009 cogitandique
1533 1956 1845 1997 sublimitatem

265 2026 312 2061 et
351 2018 627 2060 altitudinem
664 2016 800 2056 fuisse
837 2017 1089 2067 propriam,
1129 2021 1176 2054 ut
1218 2017 1366 2056 omnia
1407 2027 1576 2066 semper
1610 2015 1666 2054 ad
1698 2027 1845 2054 rerum

266 2078 518 2118 divinarum
559 2074 844 2125 ideal-umque
885 2073 1212 2115 meditationem
1251 2074 1472 2123 retulerit,
1512 2074 1559 2112 in
1600 2084 1689 2111 una
1727 2072 1845 2111 vitae

266 2134 553 2187 quotidianae
592 2131 947 2172 consideratione
980 2136 1057 2171 aut
1091 2131 1410 2171 diiudicatione
1446 2131 1702 2181 neutiquam
1744 2129 1845 2169 sub-

269 2192 454 2240 stiterit,
485 2189 673 2239 denique
713 2200 907 2228 summae
945 2188 1229 2239 perfectionis
1260 2190 1451 2239 speciem
1481 2188 1609 2227 rebus
1645 2187 1845 2226 humanis

268 2255 403 2301 atque
432 2247 714 2288 terrestribus
753 2249 962 2296 tanquam
1002 2246 1149 2286 divam
1192 2247 1415 2297 quandam
1449 2246 1645 2296 reginam
1675 2244 1845 2296 praefe-

269 2307 392 2349 cerit.
454 2303 672 2353 Quocirca
711 2315 861 2343 omnes
903 2303 1003 2343 illos
1042 2303 1202 2355 libros,
1243 2306 1318 2355 qui
1355 2306 1403 2343 in
1443 2303 1673 2342 dialectica
1703 2314 1848 2341 rerum

269 2363 589 2415 disceptatione
627 2363 692 2402 ita
719 2367 1020 2407 versarentur,
1053 2367 1102 2400 ut
1131 2362 1413 2401 sublimitatis
1447 2361 1566 2400 illius
1598 2365 1744 2399 essent
1774 2372 1847 2398 ex-

215 2448 226 2465 .
267 2426 414 2475 portes
463 2432 606 2472 neque
655 2423 843 2463 mentem
890 2419 1171 2470 animumque
1221 2419 1354 2459 altius
1385 2419 1620 2458 eveherent
1648 2418 1704 2457 ad
1736 2417 1847 2456 divi·

270 2479 411 2522 nioris
450 2478 736 2529 celsiorisque
774 2476 1009 2528 sapientiae
1048 2477 1383 2527 cogitationem,
1422 2476 1595 2516 Platoni
1626 2475 1739 2516 falso
1771 2475 1845 2514 ad·

271 2539 459 2589 scriptos
503 2548 599 2576 esse
639 2535 877 2576 arbitratus
907 2544 997 2585 est,
1028 2547 1116 2586 quo
1158 2535 1256 2586 ipso
1289 2546 1492 2586 magnam
1520 2539 1687 2586 partem
1721 2533 1846 2573 dubi-

272 2596 466 2638 tationes
503 2594 603 2634 illas
646 2594 700 2633 de
742 2592 797 2632 iis
828 2592 955 2632 libris
984 2593 1038 2632 de
1070 2593 1216 2633 medio
1249 2593 1450 2642 sustulit,
1483 2604 1594 2644 quos
1627 2591 1846 2642 Schleier-

274 2653 504 2700 macheras
550 2652 774 2692 videretur
813 2651 956 2690 minus
997 2656 1115 2690 recte
1152 2651 1374 2702 primariis
1405 2650 1607 2691 Platonis
1639 2650 1847 2701 operibus

274 2718 485 2764 tanquam
520 2711 670 2756 socios
709 2714 753 2748 et
789 2709 1076 2751 administros
1117 2709 1390 2749 adiunxisse.
1453 2709 1687 2749 Damnavit
1733 2708 1848 2748 enim

276 2776 489 2820 tanquam
547 2769 721 2820 spurios
766 2766 937 2818 Legum
983 2767 1147 2817 libros,
1201 2767 1461 2817 Menonem,
1508 2766 1850 2818 Euthydemum,

278 2826 575 2873 Charmidem,
606 2825 837 2878 Lysidem‚
872 2825 1147 2865 Alcibiadem
1176 2826 1365 2876 primum
1395 2829 1439 2865 et
1468 2825 1722 2871 secu-ndum,
1755 2823 1850 2863 Me·

211 2925 222 2936 ,
276 2897 521 2931 nexenum‚
548 2883 808 2930 Lachetem,
841 2882 1052 2934 Hippiam
1091 2883 1303 2924 maiorem
1341 2888 1385 2923 et
1413 2883 1650 2932 minorem,
1681 2882 1850 2931 Ionem,

277 2942 660 2995 Euthyphronem,
687 2941 963 2993 apologiam,
998 2940 1243 2990 Critonem,
1273 2945 1321 2981 ut
1351 2947 1572 2981 taceamus
1609 2941 1663 2981 de
1694 2940 1850 2980 ceteris

278 3001 442 3042 libellis
472 2999 891 3050 minoribussquos
934 2999 1099 3039 dudum
1131 3000 1189 3040 ab
1227 3000 1326 3040 aliis
1359 2999 1538 3039 Platoni
1574 2999 1734 3038 merito
1774 2997 1850 3037 ab·

276 3059 495 3104 iudicatos
549 3070 646 3097 esse
691 3062 878 3098 constat.
951 3054 1179 3098 Genuinos
1227 3054 1334 3098 vero
1382 3070 1492 3109 quos
1536 3058 1710 3109 putavit
1756 3068 1851 3095 esse

278 3117 504 3169 dialogos,
535 3127 716 3156 numero
748 3115 977 3164 tredecim,
1010 3128 1142 3167 quum
1179 3121 1537 3167 argumentorum
1568 3120 1660 3154 tum
1691 3115 1851 3154 dialec-

285 3175 407 3222 tieae¹
446 3173 622 3215 virtutis
661 3172 812 3219 habita
850 3173 1024 3214 ratione
1063 3173 1151 3214 alio
1189 3187 1320 3227 quam
1357 3173 1522 3213 factum
1551 3178 1668 3213 esset
1697 3172 1852 3212 ordine

279 3245 381 3275 sese
424 3231 648 3283 excepisse
691 3235 823 3283 atque
865 3231 1114 3283 iungendos
1151 3245 1246 3273 esse
1279 3232 1504 3273 iudicavit.
1566 3229 1680 3270 Sunt
1708 3235 1852 3270 autem

283 3290 352 3330 hi:
386 3289 674 3341 Protagoras,
703 3288 950 3338 Phaedrus,
983 3287 1193 3341 Gorgias,
1222 3290 1422 3340 Phaedo‚
1460 3301 1571 3342 quos
1603 3294 1731 3329 vocat
1761 3287 1851 3325 dia·

284 3348 411 3401 logos
443 3346 721 3396 Socraticos‚·
749 3358 883 3399 porro
915 3346 1196 3400 Theaetetus,
1227 3346 1453 3401 Sophista,
1486 3346 1714 3395 politicus,
1747 3343 1853 3384 Par-
