2158 3718
173 90 183 97 ’
253 99 363 155 248

995 101 1318 147 PLATONIS
1587 171 1594 173 ‚
1891 128 1900 147 t

255 244 514 312 vovgcoaei'
570 240 861 312 ἀσφαλοῦς
914 244 1012 311 τῆς
1066 237 1419 311 ὑποθέσεως,
1476 241 1674 306 οὕτως,
1710 242 2049 313 ἀποκρίναιο

256 324 355 388 ἄν;
397 327 450 380 εἰ
484 326 552 380 δέ
582 345 666 389 τις
701 325 876 394 αὐτῆς
911 329 1009 394 τῆς
1045 321 1372 388 ὑποθέσεως
1410 328 1608 395 ἔχοιτο,
1648 329 1866 397 χαίρειν
1905 328 2047 399 ἐῴης

257 407 330 464 ἂν
378 412 472 464 καὶ
518 408 623 464 οὐκ
672 407 1038 479 ἀποκρίναιο,
1087 408 1190 472 ἕως
1235 406 1308 462 ἂν
1352 407 1420 463 τὰ
1465 408 1562 463 ἀπ’
1604 411 1822 480 ἐκείνης
1868 409 2039 482 ὁρμη-

254 495 433 549 θέντα
481 495 714 561 σκέψαιο
728 498 759 563 ,’
794 497 851 546 εἴ
889 506 979 546 σοι
1027 490 1289 562 ἀλλήλοις
1336 493 1628 565 ξυμφωνεῖ
1659 494 1695 564 ἢ
1741 495 2046 565 διαφωνεϊς,

258 578 452 648 ἐπειδὴ
501 580 563 633 δὲ
617 579 834 647 ἐκείνης
882 575 1056 647 αὐτῆς
1106 577 1222 632 δέοι
1270 592 1332 631 σε
1371 579 1590 633 διδόναι
1627 580 1819 649 λόγον,
1859 578 2041 643 ώςαύ-

254 683 362 727 τως
408 662 480 717 ἂν
525 663 768 732 ὃιδοίης,
817 659 996 731 ἄλλην
1043 654 1119 715 αὖ
1167 659 1450 716 ὑπόθεσιν
1495 660 1874 734 ὑποθέμενος,
1922 663 2040 734 ἥτις
2112 668 2115 670 ’

254 751 370 801 τῶν
420 746 648 801 ἄνωθεν
695 749 956 815 βελτίστη
1005 752 1292 816 φαίνοιτο,
1344 747 1446 810 ἕως
1495 748 1591 801 ἐπί
1621 769 1675 801 τι
1714 747 1911 802 ἰκανὸν
1949 751 2041 802 ἔλ-

190 845 226 885 Ε
254 837 400 901 θοις,
442 830 554 902 ἅμα
593 831 654 886 δὲ
693 831 798 885 οὐκ
838 830 909 884 ἂν
947 830 1175 902 φύροιο,
1215 830 1398 901 ὥςπερ
1425 831 1483 884 οἱ
1513 830 1875 903 ἀντιλογικοί,
1913 833 2045 903 περὶ

254 935 314 968 τε
351 919 450 985 τῆς
487 913 661 986 ἀρχῆς
707 915 1103 986 διαλεγόμενος
1140 916 1235 969 καὶ
1271 920 1385 969 τῶν
1425 916 1481 980 ἐξ
1531 917 1749 985 ἐκείνης
1786 913 2043 987 ὡρμημέ-

254 1019 404 1070 νων,
455 1005 612 1071 εἴπερ
659 1001 895 1070 βούλοιό
940 1020 994 1054 τι
1031 1004 1147 1055 τῶν
1186 999 1369 1055 ὄντων
1408 999 1623 1071 εὑρεῐν;
1667 1001 1904 1064 ἐκείνοις
1939 1000 2047 1071 μὲν

252 1082 362 1156 γὰρ
420 1089 553 1148 ἴσως
610 1083 781 1140 οὐδὲΥ
804 1078 882 1149 εἷς
930 1085 1059 1154 περὶ
1104 1086 1311 1139 τούτου
1358 1084 1550 1154 λόγος,
1600 1082 1734 1139 οὐδὲ
1781 1087 2041 1154 φροντίς·

368 1229 419 1273 D.
455 1222 818 1283 αποκρίναιο
838 1221 966 1298 ἄνς]
1000 1223 1279 1280 αποκρίνοιο
1301 1221 1362 1272 α’ν
1385 1229 1512 1272 Coisl.
1534 1231 1641 1271 Ven.
1665 1231 1705 1270 Λ
1732 1228 1863 1270 Vind.
1889 1229 1927 1269 Φ
1948 1229 2045 1268 Par.

254 1284 493 1328 CEGHIL
517 1288 664 1328 Ambr.
685 1290 797 1340 Aug.
821 1281 1090 1341 &nouol'voc
1118 1283 1179 1328 ἄν
1200 1288 1297 1327 Vat.
1321 1287 1433 1329 Flor,
1457 1287 1496 1326 d.
1541 1286 1610 1327 Sic
1634 1286 1759 1326 etiam
1780 1285 1925 1326 statim
1945 1294 2051 1339 post.

256 1354 340 1383 non
363 1344 511 1409 pauci

366 1401 415 1443 E.
450 1413 474 1440 ο
499 1392 586 1441 ’δε
610 1375 711 1454 εἷς]
745 1400 815 1441 Sic
836 1400 956 1442 Bodl.
981 1400 1088 1440 Tub.
1112 1401 1220 1442 Ven.
1245 1398 1359 1446 ΞΠ.
1401 1401 1454 1442 V.
1477 1391 1655 1447 οὐδείς.

313 1505 645 1567 ἔχόμενος’
623 1526 683 1554 εκ
713 1526 751 1554 τ.
783 1504 924 1565 ἄσφ.
937 1526 976 1554 τ.
1000 1504 1105 1566 νπ.]

252 1569 491 1610 firmiter
526 1578 717 1610 tenens
758 1574 923 1609 tutam
961 1569 1108 1610 illam

253 1627 538 1678 rationem,
580 1625 709 1669 videl.
749 1638 865 1667 esse
899 1625 1108 1678 aliquid

253 1694 517 1735 magnum,
575 1695 818 1736 parvum,
868 1682 1107 1736 pulcrum

253 1751 347 1793 per
382 1751 458 1790 se,
498 1737 616 1779 cuius
644 1740 688 1779 vi
714 1738 934 1788 efficiatur,
966 1746 1012 1778 ut
1039 1751 1107 1779 res

255 1795 453 1837 sensibus
476 1795 696 1836 subiectae
715 1807 910 1848 magnae,
932 1807 1108 1849 parvae,

222 1864 224 1867 ·
256 1851 432 1906 pulcrae
455 1852 692 1893 videantur.

314 1904 366 1950 εἰ
385 1904 448 1950 δέ
477 1922 564 1957 τις
586 1930 639 1937 -
662 1903 878 1963 ἔχοιτο]
903 1908 1106 1948 Animad-

253 1966 455 2006 versione
485 1966 640 2018 dignus
673 1973 738 2005 est
764 1964 834 2005 hic
864 1977 969 2005 usus
990 1965 1110 2005 verbi

255 2016 481 2076 εχεσθαι,
510 2022 625 2073 quod
654 2023 755 2073 quia
785 2034 880 2061 cum
910 2022 1107 2074 genetivo

254 2086 543 2119 constructum
575 2078 746 2132 proprie
774 2077 983 2131 significat
1012 2078 1108 2117 ali—

256 2135 339 2175 cui
369 2135 446 2175 rei
475 2134 889 2186 adhaerescere,
919 2147 1005 2175 non
1036 2147 1107 2175 so-

253 2191 344 2232 lum
375 2196 439 2232 est
468 2191 674 2244 aliquid
702 2191 936 2241 firmiter
975 2192 1106 2231 reti-

254 2260 405 2300 nere,
448 2256 739 2302 propterea
786 2248 923 2300 quod
971 2248 1127 2288 illud·

253 2317 420 2354 amas,
458 2305 674 2358 diligis,
710 2305 930 2359 probas,
967 2312 1013 2344 ut
1047 2305 1108 2344 De

253 2361 363 2415 Rep.
394 2362 471 2402 VI.
499 2375 542 2415 p.
566 2363 647 2403 511
665 2362 714 2414 Β,
745 2361 819 2404 sed
850 2361 975 2401 etiam
1006 2361 1105 2400 ali-

254 2418 1104 2471 quidurgere‚premere,aggre—

254 2474 332 2523 di,
377 2486 716 2527 oppugnare,
758 2481 801 2514 ut
842 2473 884 2517 h,
921 2474 949 2516 l.
1002 2473 1107 2514 Nam

255 2532 464 2570 sententia
493 2530 597 2571 haec
629 2539 712 2571 est:
758 2531 802 2570 si
832 2531 952 2581 quis
982 2543 1106 2571 vero

253 2586 386 2626 hanc
434 2594 577 2627 tuam
625 2588 941 2628 sumtionem
983 2599 1107 2640 pre-

253 2650 440 2695 meret,
463 2643 613 2682 illum
643 2655 743 2683 non
774 2655 992 2683 curares
1015 2655 1105 2682 nec

256 2699 706 2752 eiresponderes,
741 2699 902 2739 donec
932 2699 1105 2739 vidis-

255 2766 362 2803 ses,
406 2763 577 2795 utrum
621 2767 702 2804 ea,
735 2766 866 2805 quae
907 2766 969 2794 ex
1011 2754 1105 2794 illa

257 2819 690 2862 consequuntur,
751 2817 838 2850 tuo
899 2810 1104 2851 iudicio

253 2868 391 2907 inter
430 2879 484 2908 se
526 2867 892 2908 consentirent
923 2879 1099 2907 necne.

253 2923 394 2964 Minus
415 2933 556 2964 tamen
584 2924 712 2964 istum
739 2923 854 2963 verbi
875 2935 1000 2963 usum
1022 2923 1099 2962 mi-

253 2981 443 3031 raberis,
491 2981 563 3021 ubi
602 2979 916 3033 comparaveris
957 2991 1102 3020 απτε·

255 3036 391 3090 σθαι,
435 3037 547 3087 quod
587 3037 643 3076 ita
684 3037 879 3089 usurpari
919 3044 1102 3079 constat.

255 3093 450 3135 Ceterum
498 3094 541 3133 iu
589 3093 655 3133 his
713 3093 810 3134 olim
859 3099 1100 3156 suspectam

252 3149 460 3197 habebam
478 3163 540 3192 αν
556 3149 821 3203 particulam,
839 3149 958 3188 euius
976 3162 1102 3189 usum

251 3212 394 3247 tamen
446 3207 714 3247 vindicarunt
770 3206 1098 3246 He1mannus

252 3262 316 3303 De
356 3270 463 3316 part.
505 3255 567 3304 ἅν
616 3262 709 3304 libr.
751 3263 822 3303 ΙΙΙ.
861 3274 957 3316 cap.
996 3264 1023 3303 4
1062 3270 1100 3302 et

253 3319 419 3362 Klotz.
456 3320 506 3360 ad
546 3319 697 3361 Devar.
726 3319 821 3360 Vol.
845 3320 898 3359 ΙΙ.
928 3331 970 3372 p.
1001 3319 1097 3360 569.

252 3376 427 3417 Ponitur
444 3378 553 3416 enim
570 3377 783 3430 optativus
799 3387 874 3429 pro
897 3376 1101 3415 coniunc-

252 3433 337 3474 tivo
377 3440 552 3487 propter
587 3432 905 3482 antecedentem
946 3433 1101 3486 optati-

1195 1525 1313 1566 vum,
1357 1512 1470 1552 unde
1511 1511 1744 1565 particulae
1771 1511 1878 1552 ratio
1918 1518 2049 1563 atque

1195 1581 1325 1610 causa
1360 1568 1631 1634 intellegitur.
1670 1567 1731 1608 De
1766 1567 2048 1621 Rep.111.p.

1194 1627 1277 1666 412
1298 1626 1332 1666 D
1355 1618 1495 1666 τοῦτό
1517 1617 1563 1679 ’γ’
1587 1638 1648 1666 αν
1666 1617 1873 1679 μάλιστα
1890 1624 2043 1688 φιλοῖ,

1195 1671 1231 1739 ᾧ
1250 1677 1523 1746 ξυμφέρειν
1552 1674 1718 1735 ἡγοῖτο
1739 1701 1793 1708 -
1813 1671 1952 1722 καὶ”
1924 1693 2043 1722 οταν

1194 1725 1399 1804 μαλιστα
1426 1759 1482 1767 —-
1511 1736 1699 1779 οἴοιτο
1740 1735 2044 1791 συμβαίνειν,

1196 1796 1269 1835 ubi
1297 1795 1595 1836 coniunctivus
1626 1793 1914 1864 repudiandus
1937 1801 2049 1834 erat

1193 1852 1332 1895 Alcib.
1365 1851 1655 1916 11.p.146A
1695 1848 1845 1903 φαίης
1878 1863 1956 1902 αν,
1989 1842 2044 1891 ὁ-

1194 1901 1375 1950 πόταν
1416 1899 1581 1964 ὁρῴης.
1634 1907 1693 1947 De
1734 1907 2048 1975 Rep.V1.p

1195 1967 1275 2030 ⁵⁰}
1300 1963 1344 2006 C.
1386 1964 1497 2004 Tim.
1518 1976 1558 2016 p.
1583 1964 1637 2004 56
1659 1963 1691 2003 D
1712 1958 1849 2016 μέχρι
1871 1975 1959 2016 περ
1981 1976 2049 2004 αν

1196 2014 1347 2075 αὐτῆς
1368 2043 1421 2050 ·-
1444 2016 1646 2088 γένοιτο.
1679 2021 1845 2062 Andoc.
1866 2019 1928 2059 De
1949 2032 2042 2071 my·

1194 2083 1293 2120 ster.
1324 2091 1367 2143 p.
1390 2079 1442 2119 39
1465 2078 1513 2120 R
1554 2071 1638 2124 ἕως
1676 2068 1811 2117 ἄν-
1840 2076 2043 2117 τιθεῐεν.

1194 2134 1271 2174 Est
1290 2135 1418 2188 igitur
1438 2133 1542 2173 haec
1560 2134 1683 2183 quasi
1700 2132 1908 2185 quaedam
1928 2131 2048 2173 modi

1194 2192 1401 2233 attractio.
1437 2190 1635 2231 Dativum
1659 2200 1732 2231 σοι
1754 2190 2043 2241 interpreteris

1194 2254 1283 2288 tuo
1307 2248 1534 2299 iudicio,
1555 2244 2040 2299 utDeRep.1.p.334D.

1194 2304 1449 2344 Matthiae
1471 2303 1539 2346 Gr.
1562 2303 1601 2353 S.
1625 2303 1723 2343 388.

1252 2355 1308 2402 οἷ
1334 2355 1730 2413 ἄντιλογικοί]
1763 2358 1824 2398 De
1843 2357 1911 2398 his
1935 2371 1973 2398 v.
1995 2370 2043 2411 p.

1194 2419 1248 2458 90
1271 2416 1317 2461 G.
1380 2415 1672 2468 corripiuntur
1721 2413 1939 2468 sophistae
1998 2415 2041 2455 in

1195 2475 1428 2514 contrarias
1445 2481 1589 2526 partes
1599 2473 1866 2524 disputantes
1881 2470 2045 2512 omnia·

1194 2544 1276 2582 que
1297 2531 1420 2570 malis
1438 2530 1616 2582 argutiis
1635 2529 1859 2568 miscentes
1877 2539 1927 2566 ac
1943 2539 2042 2578 per-

1194 2589 1429 2635 turbantes,
1450 2586 1596 2636 quales
1612 2585 1747 2624 fuisse
1763 2591 1928 2623 constat
1948 2595 2042 2623 ma-

1191 2644 1306 2683 xime
1339 2643 1636 2693 Protagoreos.
1692 2639 1910 2680 Sententia
1943 2640 2039 2679 uni—

1193 2700 1303 2738 versi
1344 2698 1426 2738 loci
1464 2697 1571 2736 haec
1613 2705 1697 2736 est:
1742 2695 1786 2735 si
1826 2707 1951 2735 vero
1992 2704 2043 2736 te

1194 2759 1441 2808 oporteat
1497 2752 1811 2792 adversario
1855 2751 2038 2792 thesin

1191 2818 1332 2850 tuam
1390 2809 1657 2863 prementi
1718 2816 1770 2848 et
1827 2809 2041 2861 urgenti

1191 2868 1312 2907 eius
1354 2866 1578 2906 reddere
1626 2866 1904 2914 rationem,
1949 2877 2039 2907 eo-

1190 2924 1299 2964 dem
1321 2922 1470 2963 modo
1502 2922 1702 2963 reddes
1732 2921 1890 2962 aliam
1922 2934 2040 2961 rur-

1190 2993 1280 3021 sus
1301 2979 1629 3033 hypothesin
1659 2990 1885 3032 ponens,
1909 2989 2039 3030 quae

1187 3037 1332 3076 inter
1361 3036 1693 3090 superiores,
1723 3033 1765 3077 h.
1800 3047 1836 3076 e.
1868 3034 2039 3075 altiores

1190 3101 1229 3133 et
1258 3094 1393 3145 magis
1426 3092 1706 3140 universales,
1737 3091 1932 3144 optima
1954 3090 2036 3130 vi-

1192 3150 1399 3201 deatur,
1423 3162 1591 3201 usque
1614 3149 1727 3188 dum
1749 3147 2043 3200 pervenias

1187 3207 1249 3246 ad
1270 3206 1500 3259 aliquid,
1533 3205 1671 3256 quod
1695 3203 2037 3256 satisfaciat,

1187 3264 1248 3303 de
1306 3264 1457 3304 cuius
1511 3262 1742 3302 veritate
1800 3259 2036 3299 dubitari

1185 3320 1285 3359 iam
1319 3332 1418 3361 non
1454 3318 1642 3373 possit.
1695 3316 1828 3364 Quam
1865 3315 2037 3366 quidem

1186 3375 1433 3416 methodum
1463 3375 1725 3415 dialecticam
1753 3371 2037 3425 philosophus

1187 3433 1385 3474 describit
1414 3432 1540 3473 etiam
1563 3430 1692 3484 Soph.
1717 3441 1759 3483 p.
1784 3430 1866 3470 253
1890 3427 1963 3470 CD
1995 3434 2041 3468 et
