2158 3718
235 119 345 187 289
970 118 1293 162 PLATONIS

168 277 204 318 ι)
235 258 407 329 ματός
453 278 504 312 τι
554 254 701 322 εἶδος
737 259 1081 327 παρέχεσθαι
1128 259 1428 326 στίλβοντα
1479 260 1541 313 ἐν
1579 262 1646 328 τῇ
1683 263 1798 312 τῶν
1835 258 2035 332 ἄλλων

233 342 544 414 χρωμάτων
581 345 851 412 ποικιλίᾳ,
891 339 1027 405 diste
1064 341 1127 394 ἕν
1164 361 1216 394 τι
1242 338 1416 411 αὐτῆς
1454 339 1601 406 εἶδος
1639 343 1863 413 ξυνεχὲς
1898 362 2035 398 ποι-ο

234 430 397 481 κίλον
435 427 832 498 φαντάζεσθαι.
912 426 976 479 ἐν
1015 424 1077 479 δὲ
1114 426 1289 496 ταύτῃ
1328 424 1472 497 οὔσῃ
1511 428 1742 500 τοιαύτη
1781 449 1890 482 ανα
1928 428 2027 483 λόά

233 531 338 580 γον
376 532 444 565 τα
482 511 742 581 φυόμενα
780 510 1062 580 φύεσθαι,
1102 509 1311 580 δένδρα
1348 530 1407 564 τε
1445 512 1538 564 καὶ
1575 511 1724 581 ἄνθη
1764 513 1857 566 καὶ
1893 510 2037 578 τοὺς·

236 596 516 699 καρπούς·
560 596 655 648 καὶ
693 586 769 647 αὖ
806 592 930 647 ‘coi'
912 592 1016 664 όρη
1056 591 1316 657 ωςαύτως
1354 596 1447 648 καὶ
1483 596 1614 660 τούς
1652 599 1852 661 λίθους
1879 600 2029 666 ἔχειν

236 701 344 734 ανα
389 679 489 734 τὸν
536 677 712 732 αὐτὸν
760 678 933 747 λόγον
977 679 1081 748 τήν
1127 699 1187 732 τε
1235 680 1490 750 λειότητα
1538 682 1631 734 και
1675 679 1779 751 τὴν
1817 681 2029 751 διαφα-

236 785 398 818 νειαν
436 766 529 818 καὶ
566 761 634 817 τὰ
671 763 933 834 χρώματα
971 766 1210 834 καλλίω·
1272 756 1354 817 ὦν
1391 766 1484 818 καὶ
1522 766 1588 819 τὰ
1627 767 1836 820 ἐνθάδε
1874 768 2025 820 λιθί-

238 850 331 902 δια
380 845 525 902 εἶναι
572 852 748 901 ταῦτα
796 846 863 901 τὰ
914 845 1255 917 ἄγαπῶμενα
1312 849 1510 919 μόρια,
1569 849 1773 918 σάρδιά
1818 870 1877 904 τε
1932 850 2034 904 καὶ-

239 923 501 997 ἰοὶσπιδας
539 933 632 986 καὶ
670 932 1031 1003 σμαράγδους
1069 933 1162 986 καὶ
1200 932 1383 987 πάντα
1421 932 1487 986 τα
1525 938 1779 988 τοιαῦτα·
1826 935 1945 988 ἐκεῖ
1965 933 2030 988 δὲ·

238 1106 266 1147 d
286 1119 326 1146 m
360 1113 400 1146 et
420 1118 528 1150 corr.
550 1108 659 1149 Ven.
683 1107 740 1159 A,
773 1107 886 1157 quod
913 1106 1052 1148 Turio,
1078 1113 1118 1146 et
1139 1106 1281 1146 Herm
1308 1111 1601 1159 susceperunt.
1643 1107 1779 1146 Tenui
1799 1119 1895 1147 cum
1917 1107 2033 1149 Tub

239 1162 422 1214 aliisque
446 1158 639 1216 ἔμπλεα,
664 1176 759 1202 cum
782 1163 914 1203 altero
936 1163 1144 1203 vocabulo
1166 1163 1285 1202 Plato
1309 1174 1518 1227 nusquam
1542 1174 1648 1202 usus
1669 1164 1736 1205 sit.

351 1218 402 1263 D.
435 1219 714 1261 ποικίλον
757 1212 1187 1272 φανταζεσθαι]
1232 1213 1578 1272 θαυμάζεσθαι
1603 1219 1732 1259 Coisl.
1754 1221 1851 1260 Vat.
1865 1220 1967 1259 Par.
1992 1218 2027 1259 G

238 1275 385 1316 Ambr.
416 1276 526 1316 Flor.
559 1277 600 1318 d.
641 1276 806 1316 Deinde
834 1276 927 1315 libri
957 1276 1148 1329 plerique
1178 1288 1273 1314 oum
1292 1276 1422 1320 ,editt
1467 1282 1567 1315 vett.
1606 1269 1857 1342 ἄναλογον.
1898 1277 2035 1316 Recte

236 1333 462 1373 Fischerus
492 1326 585 1373 ανά
617 1328 756 1387 λόγον
786 1332 936 1381 edidit,
976 1333 1330 1403 quemadmodum
1360 1331 1503 1405 paullo
1527 1339 1623 1385 post
1652 1333 1805 1384 legitur
1827 1325 1922 1374 ow&
1943 1326 2033 1374 τὸν

238 1381 390 1431 αυτὸν
411 1382 565 1454 λόγον.

351 1442 450 1487 καὶ
482 1437 660 1499 avon]
687 1436 807 1499 ἄλση
832 1444 959 1485 Coisl.
982 1445 1078 1487 Vat
1102 1444 1230 1484 Vind.
1242 1443 1281 1485 Φ
1304 1445 1399 1484 Par.
1423 1444 1456 1485 G
1478 1445 1624 1484 Ambr.
1648 1444 1759 1485 Flor.
1783 1445 1809 1484 d
1833 1451 1872 1484 et
1894 1457 2038 1499 marg.

237 1501 358 1542 Bodl.

352 1551 456 1612 τήν
484 1570 541 1601 τε
574 1551 867 1611 λειότητα]
900 1559 954 1598 V.
977 1550 1066 1611 τὴν
1097 1551 1387 1609 τελειότητα.
1428 1558 1657 1610 Receptam
1689 1557 1908 1598 lectionem
1944 1559 2030 1598 iam

238 1627 263 1654 a
294 1613 509 1668 Stephano
539 1615 778 1654 coniectura
808 1620 1018 1667 repertam
1049 1613 1302 1653 confirmant
1332 1612 1458 1655 Coisl.
1489 1614 1851 1656 Vat.Vind.‘1'‹15
1881 1614 1975 1655 Par.
1998 1612 2034 1656 C

239 1671 391 1713 EGIL
412 1671 520 1712 Flor.
546 1683 568 1710 a
589 1671 616 1710 b
640 1683 662 1709 o
684 1670 710 1710 d
734 1672 745 1709 i
767 1683 806 1709 m
831 1678 870 1710 et
893 1683 999 1713 cori.
1023 1671 1133 1710 Ven.
1157 1669 1217 1711 H.
1241 1664 1328 1724 τήν
1349 1682 1399 1711 τε
1423 1663 1648 1711 λειότατα
1670 1671 1778 1714 Ven.
1802 1672 1858 1712 A.

295 1810 347 1852 D.
381 1809 694 1866 στίλβοντα
716 1834 771 1840 -
796 1807 1087 1864 ποικιλίᾳ]

239 1869 469 1908 nitentia
499 1877 547 1907 et
574 1868 909 1921 refulgentia
930 1868 980 1907 in
1004 1880 1090 1906 oe—

239 1923 475 1965 terorum
527 1925 760 1965 colorum
817 1925 1089 1965 varietate.

239 1981 483 2034 Mudgius
526 1982 638 2021 coni.
682 1994 733 2023 εν
775 1980 830 2036 τῇ
862 1980 957 2022 τῶν
992 1973 1092 2021 ἅνω

240 2051 294 2092 χρ
270 2051 383 2090 ρωμ.
408 2037 500 2077 Nou
522 2038 648 2078 male.

300 2089 535 2147 ξυνεχες
608 2091 914 2190 netuli-ov}
976 2093 1091 2132 Libii

239 2150 413 2191 Eusebii
434 2150 591 2190 habent
615 2145 808 2204 ξυνεχες
829 2163 891 2190 κα
934 2148 1092 2190 ποικί-

242 2207 341 2251 λον.
372 2207 462 2255 Quo
487 2219 569 2246 non
589 2219 702 2271 opus
726 2215 805 2252 est
842 2206 947 2246 Nam
969 2206 1093 2260 plura

242 2263 428 2316 epitheta
448 2264 506 2304 ita
528 2263 602 2303 uni
624 2264 782 2304 nomini
806 2276 888 2303 non
913 2264 1091 2303 interce-

242 2320 366 2360 dente
395 2319 551 2374 copula
579 2320 755 2373 adiungi
785 2321 839 2360 ad
864 2320 1016 2373 Remp.
1040 2321 1090 2359 ΙΙ.

240 2389 284 2430 p.
308 2377 391 2418 359
413 2376 447 2416 D
488 2377 746 2417 monuimus.
811 2376 1092 2417 Conferantur

242 2434 367 2472 etiam
397 2433 569 2487 Protag‚
600 2446 641 2486 p,
666 2435 749 2474 345
772 2432 818 2477 C,
860 2432 990 2485 Legg.
1016 2432 1091 2473 lX.

242 2491 324 2530 873
348 2488 392 2531 C.
435 2489 546 2529 Xen.
578 2490 700 2532 Mem.
731 2491 760 2532 I.
791 2491 838 2538 4,
867 2491 918 2529 21
950 2490 1093 2540 ibique

247 2545 584 2588 Bornemann.
609 2546 675 2589 ed.
701 2547 801 2586 min.
825 2546 940 2599 Lips.
964 2559 1005 2598 p.
1020 2547 1090 2586 44.

243 2602 496 2642 Matthiae
526 2602 597 2643 Gr.
622 2603 659 2652 ξ.
684 2604 782 2650 444,
812 2603 882 2653 qui
915 2615 965 2641 ex
990 2602 1091 2642 solis

243 2659 381 2722 poetis
403 2658 447 2697 id
469 2670 606 2710 genus
629 2658 826 2722 exempla
847 2658 1004 2698 attulit.

300 2707 404 2766 τήν
445 2725 504 2754 τε
553 2707 845 2768 λειότητα]
910 2713 1092 2766 Egregia

243 2769 347 2809 haec
414 2777 478 2809 est
535 2768 792 2823 Stephani
853 2770 1090 2810 emendatio

245 2837 356 2865 nunc
386 2825 613 2865 multorum
650 2826 848 2866 librorum
880 2826 1092 2878 suffragiis

244 2882 671 2934 comprobata,quam
692 2882 833 2922 nescio
853 2894 927 2921 cur
947 2894 1090 2921 recen-

242 2938 372 2978 tiores
404 2937 594 2977 Platonis
635 2939 886 2991 interpretes
926 2946 1094 2992 praeter

242 2994 613 3035 Heindorfium
644 2994 729 3034 fere
759 3007 906 3035 omnes
944 3006 1090 3048 asper-

244 3051 331 3091 nati
354 3051 451 3092 sint.
496 3050 598 3092 Cum
629 3051 739 3091 enim
770 3059 937 3091 montes
967 3059 1007 3092 et
1029 3052 1091 3091 la-

201 3142 206 3147 .
242 3108 364 3161 pides
386 3107 429 3147 in
450 3106 532 3148 hae
546 3113 680 3148 terrae
702 3115 821 3162 parte
837 3109 1090 3161 conspicuos

243 3164 472 3212 mutilatos,
495 3173 728 3218 corruptos,
752 3164 998 3218 deturpatos
1021 3177 1092 3204 es-

243 3233 291 3262 se
313 3221 509 3273 dixisset,
541 3234 651 3261 nunc
673 3221 859 3262 vicissim
882 3233 1087 3275 superno-

243 3290 333 3317 rum
364 3277 529 3317 illorum
561 3279 791 3326 levitatem,
822 3277 1090 3331 pellucidita-

243 3342 326 3373 tem
350 3340 388 3373 et
409 3335 601 3387 pulcram
623 3334 808 3388 speciem
831 3346 1090 3374 commemo—

244 3396 326 3434 rat.
366 3390 487 3439 Quod
515 3397 659 3431 autem
679 3390 966 3432 Fischerus
989 3391 1091 3431 dicit

243 3447 400 3499 requiri
430 3459 596 3499 nomen,
628 3447 742 3500 quod
773 3459 854 3488 non
887 3448 1011 3488 modo
1036 3448 1089 3488 ad

1181 1810 1373 1860 λίθους,
1406 1811 1482 1851 sed
1513 1812 1637 1850 etiam
1667 1811 1722 1851 ad
1749 1803 1836 1866 ὅρη
1867 1811 2031 1852 refera-

1180 1876 1260 1916 tur,
1305 1868 1496 1919 equidem
1540 1879 1624 1907 uon
1668 1868 1807 1917 video,
1850 1881 1923 1908 cur
1964 1880 2037 1919 ea,

1176 1937 1290 1975 quae
1331 1925 1383 1964 de
1423 1923 1637 1976 lapidibus
1679 1932 1914 1975 narrantur,
1946 1937 2035 1966 non*

1180 1981 1307 2021 simul
1330 1981 1642 2031 quodammodo
1666 1982 1720 2021 ad
1743 1990 1908 2022 montes
1930 1994 2030 2035 per-

1178 2038 1313 2077 tinere
1341 2037 1568 2077 iudicanda
1596 2037 1695 2080 sint.
1737 2037 1836 2086 Sed,
1868 2044 1915 2078 ut
1942 2037 2038 2078 cla—

1179 2095 1269 2135 rius
1312 2099 1469 2147 pateat,
1513 2106 1587 2133 cur
1614 2090 1890 2148 τελειότητα
1931 2094 2030 2134 reii-

1180 2150 1376 2190 ciendum
1408 2151 1485 2200 sit,
1529 2151 1627 2202 quid
1660 2159 1827 2191 servata
1857 2152 2034 2202 antiqua

1180 2207 1361 2246 lectione
1402 2205 1731 2260 reprehensione
1759 2207 1936 2259 dignum
1965 2207 2031 2247 vi-

1181 2264 1350 2314 deatur,
1384 2263 1634 2304 indicemus.
1677 2267 1738 2303 Ac
1768 2264 1905 2317 primo
1935 2265 2028 2316 qui-

1181 2319 1282 2359 dem
1309 2318 1413 2359 haec
1445 2319 1554 2359 inter
1583 2333 1628 2360 se
1657 2321 1722 2359 sie
1740 2321 2031 2360 connectenda

1182 2383 1345 2416 essent:
1371 2370 1497 2430 ἔχειν
1515 2371 1604 2429 τὴν
1624 2369 1900 2431 τελειότητα
1919 2377 2036 2418 καλ·

1181 2432 1280 2482 λίω,
1313 2433 1426 2483 quod
1447 2434 1541 2484 quis
1565 2445 1646 2473 non
1669 2433 1783 2473 videt
1803 2445 1930 2484 quam
1952 2433 2029 2473 ab·

1180 2465 1357 2529 surdum
1389 2490 1442 2529 sit
1462 2497 1587 2541 atque
1608 2490 1828 2543 ineptum?
1867 2489 2036 2530 Deinde

1179 2539 1471 2600 τελειότητα,
1495 2545 1538 2587 11.
1557 2558 1592 2589 e.
1615 2546 1884 2597 vocabulum,
1906 2546 2037 2586 cuius

1182 2604 1293 2642 notio
1317 2611 1431 2656 patet
1453 2602 1670 2650 latissime,
1702 2603 2035 2669 coniungeretui

1180 2671 1275 2697 cum
1317 2652 1618 2710 διαφάνειαν
1657 2655 1738 2699 καὶ
1788 2653 2030 2712 χρώματα

1181 2725 1287 2764 quae
1307 2715 1450 2753 minus
1480 2714 1563 2753 late
1585 2722 1742 2767 patent.
1789 2715 1862 2755 Sin
1885 2721 2027 2755 autem

1179 2770 1285 2810 illud
1308 2770 1554 2822 angustiore
1586 2770 1894 2823 significatione
1916 2772 2037 2811 acci-

1178 2827 1381 2880 piendum
1411 2833 1548 2879 putes,
1585 2835 1629 2866 ut
1658 2827 1867 2879 significet
1887 2828 2029 2868 inte-

1178 2883 1449 2935 gritatem,
1493 2895 1666 2934 vereor,
1709 2896 1761 2923 ne
1791 2884 1872 2924 alia
1901 2883 2034 2925 huius

1179 2951 1284 2979 usus
1315 2939 1509 2992 exempla
1540 2939 1849 2984 desiderentur,
1902 2940 2028 2981 Deui-

1179 3009 1260 3047 que
1283 3008 1366 3036 non
1390 3008 1498 3049 opus
1521 3004 1597 3047 est,
1622 3002 1668 3036 ut
1689 2997 2031 3050 integritatis

1179 3053 1344 3093 illorum
1386 3053 1593 3093 montium
1635 3060 1676 3093 et
1718 3054 1904 3107 lapidum
1947 3052 2029 3094 hoc

1178 3109 1269 3150 loro
1290 3110 1447 3149 mentio
1470 3108 1554 3156 fiat,
1566 3122 1662 3148 cum
1686 3123 1739 3151 ex
1759 3111 1854 3163 ipsa
1877 3109 2027 3164 dispu—

1178 3167 1338 3207 tatione
1359 3165 1629 3219 intellegatur
1659 3166 1761 3206 satis
1784 3167 2023 3220 perspicue,

1179 3235 1384 3274 quo1sum
1426 3221 1527 3262 haee
1566 3221 1788 3263 referenda
1828 3223 1926 3264 sint..
1969 3244 2030 3250 —

1178 3279 1277 3320 Mox
1308 3279 1436 3319 verba
1467 3279 1530 3319 sic
1559 3284 1806 3319 connectas·
1848 3267 1913 3319 ὧν
1942 3275 2027 3319 καὶ

1178 3329 1237 3380 τὰ
1287 3328 1469 3376 ἐνθαδε
1521 3332 1714 3376 λιθίδια
1764 3333 1918 3376 ταῦτα
1967 3327 2031 3376 τοὶ

1178 3384 1471 3445 αγαπώμενα
1514 3385 1640 3433 εἶναι
1679 3383 1838 3444 μόρια,
1879 3390 1936 3430 ita
1978 3402 2026 3430 ut

1178 3447 1331 3490 ταῦτα
1354 3449 1439 3488 sint
1461 3455 1582 3488 nota
1611 3447 1724 3500 illa,
1751 3447 2029 3489 celebrata
