2158 3718
395 0 436 14 ἨΓ
461 0 478 26 ζ,
502 0 716 37 Ψᾙῃῖιῇῖἲᾜθ
732 0 859 23 ΣὯῪΜὟ)
873 0 902 18 ξῖ“
924 0 930 3 ’
1052 0 1115 26 ''f-E
1154 0 1177 21 ἰ
1204 0 1208 2 ”

790 99 1052 154 ΡΗΑΕοο
1084 115 1128 156 p.
1162 103 1249 144 79.
1801 103 1902 156 167

122 239 303 303 ἐστιν;
357 236 552 300 Οὕτως
589 229 693 306 αὖ,
734 239 870 306 ἔφη,
909 241 1117 308 ταῦτα,
1160 235 1191 291 ὁ
1229 238 1438 307 Κέβης·
1490 229 1761 294 οὐδέποτε
1799 239 1904 303 ὠς-

123 323 306 386 αύτως
342 324 472 391 ἔχει.
551 318 782 390 Οὐκοῦν
818 322 1037 375 τούτων
1073 321 1178 392 μὲν
1215 320 1553 391 κᾶν-ἅψαιο,
1592 323 1701 376 κᾶν
1740 324 1899 392 ἴδοις,
1933 336 1987 376 ’79

122 404 233 459 κᾶν
268 414 389 468 ταῖς
426 403 622 467 ἄλλαις
659 405 996 474 αἰσθήσεσιν
1033 411 1280 475 αἴσθοιο,
1319 410 1434 459 τῶν
1460 406 1523 461 δὲ
1561 405 1702 461 κατὰ
1726 405 1904 460 ταύτὰ

124 489 370 558 ἐχόντων
417 486 523 542 οὐκ
569 491 722 542 ἔστιν
769 487 878 559 ὅτῳ
926 491 1054 543 ποτ’
1091 489 1162 543 ἄν
1210 488 1363 560 ἄλλῳ
1414 490 1703 559 ἐπιλάβοιο
1751 490 1790 561 ἢ
1828 496 1905 562 τῷ

121 577 218 642 τῆς
263 573 516 635 διανοίας
553 575 829 642 λογισμῷ,
871 571 998 626 ἀλλ’
1038 576 1191 628 ἔστιν
1227 571 1388 644 ἀειδῆ
1433 573 1500 628 τοὶ
1538 578 1772 628 τοιαῦτα
1810 576 1907 628 καὶ

122 654 226 724 οὐχ
262 652 487 726 ὁρᾶται;

236 744 377 808 Cap.
417 742 581 793 XXVI.
636 740 1030 810 Παντάπασιν,
1069 743 1196 811 ἔφη,
1238 741 1423 811 ἀληθῆ
1462 743 1659 815 λέγεις.
1703 746 1907 812 Θῶμεν

13 832 15 834 ’
76 843 80 845 “
121 815 229 876 οὖν
265 823 489 892 βούλει,
531 826 666 892 ἔφη,
707 824 812 877 δύο
853 826 973 894 εἴδη
1020 828 1135 877 τῶν
1173 823 1384 894 ὄντων,
1431 823 1494 879 τὸ
1532 826 1636 895 μὲν
1674 824 1905 895 ὁρατόν,

119 905 181 960 τὸ
221 907 284 961 δὲ
323 905 524 971 ἄειδές;
568 911 788 977 Θῶμεν,
830 910 956 976 ἔφη.
1033 909 1145 960 Καὶ
1182 907 1244 961 τὸ
1281 909 1386 977 μὲν
1424 908 1604 972 ἀειδὲς
1642 907 1727 962 ἀεὶ
1766 908 1909 962 κατὰ

119 987 297 1044 ταῦτα
343 993 500 1059 ἔχον,
548 989 611 1043 τὸ
661 991 723 1044 δὲ
771 989 977 1061 ὁρατὸν
1025 991 1302 1060 μηδέποτε
1358 990 1499 1045 κατὰ
1543 990 1744 1056 ταύτά;
1795 993 1908 1045 Καὶ

57 1103 61 1106 ·
118 1078 318 1142 τοῦτο,
359 1076 494 1143 ἔφη,
531 1078 744 1144 θῶμεν.
824 1077 970 1144 Φέρε
1017 1075 1115 1143 δή,
1164 1069 1202 1143 ἦ
1240 1073 1292 1126 δ’
1334 1074 1422 1144 ὅς,
1472 1074 1610 1128 ἄλλο
1658 1094 1711 1129 τι
1746 1073 1908 1145 ἡμῶν

234 1223 434 1298 Οὕτως
458 1219 554 1284 αὖ,
587 1227 721 1286 ἔφη,
756 1231 962 1284 ταῦτα,
987 1227 1011 1272 6
1033 1227 1112 1284 K.]
1137 1230 1291 1272 ταῦτα
1313 1243 1395 1274 om.
1417 1233 1525 1272 Ven.
1551 1232 1906 1286 Hetp1.Bodl.,

117 1287 192 1339 qui
216 1287 341 1326 etiam
363 1300 430 1328 ccv
450 1288 666 1352 ignorant.
700 1289 887 1328 Eandem
911 1288 1036 1353 plane
1058 1288 1281 1351 utrobique
1303 1288 1553 1341 scripturam
1574 1288 1702 1328 habet
1720 1288 1908 1342 Tubing.

185 1344 280 1439 ΗΡ.
305 1345 371 1384 79.
404 1341 504 1384 καὶ
534 1336 636 1398 οὐχ
665 1336 902 1397 ὁρᾶται]
932 1336 1084 1397 ὁρατά
1113 1356 1224 1383 unus
1246 1343 1384 1395 Bodl„
1418 1345 1532 1394 quod
1563 1345 1784 1385 ediderunt
1804 1346 1906 1385 Tui.

119 1408 163 1440 et
223 1412 326 1439 erm.

235 1470 338 1523 Cap.
359 1468 519 1510 XXVI.
572 1467 768 1522 Θῶμεν
798 1455 899 1511 οὖν
933 1462 1153 1523 βούλει]
1182 1469 1314 1513 Editt
1338 1467 1506 1523 Θῶμεν
1528 1458 1616 1512 οὖν
1638 1463 1818 1524 βούλει.
1860 1470 1909 1510 Id

123 1527 248 1577 unice
268 1534 430 1579 aptum.
468 1539 508 1565 v.
538 1483 699 1565 Μοῑῑὴμ
716 1524 786 1565 Gr.
810 1526 906 1567 516.
928 1527 968 1566 3.
1011 1525 1096 1566 Sed
1126 1521 1170 1566 εἰ
1197 1518 1359 1578 βούλει
1389 1538 1499 1569 corr.
1529 1526 1649 1568 Bodl.
1672 1527 1768 1567 Vat.
1794 1526 1908 1579 Aug.

119 1571 247 1624 Vin'd.
272 1582 427 1623 ΦΡειι.
451 1581 534 1623 AG
563 1581 848 1625 Amb13Flor.
869 1582 975 1624 dm.

121 1715 361 1788 οὐδαμῶς.
404 1734 448 1763 V.
488 1721 542 1762 ad
581 1734 623 1775 p.
651 1722 777 1761 66A.
838 1722 964 1775 Hipp.
1054 1728 1194 1762 rerum
1223 1722 1577 1775 compositarum,
1614 1722 1802 1762 animum
1830 1734 1909 1762 au-

1053 1786 1143 1818 tem
1159 1779 1280 1818 docet
1294 1778 1452 1817 habere
1465 1791 1536 1818 eas
1548 1779 1725 1819 virtutes
1744 1791 1909 1828 omnes,

121 1780 220 1822 mai.
243 1791 284 1832 p.
306 1778 390 1819 285
412 1776 457 1821 C.

180 1840 376 1896 Οὕτως
427 1835 531 1914 αὖ,
574 1843 731 1915 ἔφη,
757 1846 968 1913 ταῦτα,

121 1898 370 1973 ὁΚέβης·
394 1897 969 1952 οὐδέποτεώςαύτως

124 1956 270 2015 ἔχει]
304 1961 444 2012 Vulgo
469 1968 566 2014 post
586 1957 742 2014 Κέβης
765 1969 970 2000 commate

123 2018 372 2058 distinctum
401 2023 502 2059 erat.
541 2017 664 2057 Male.
708 2017 814 2056 Nam
843 2018 970 2056 verba

123 2066 356 2115 οὐδέποτε
410 2065 627 2120 ὦςαύτως
676 2067 772 2137 ἔχει
831 2072 974 2112 addita

123 2139 222 2169 sunt
264 2122 589 2182 επεξηγήσεως
630 2141 792 2182 χαριν,
836 2135 881 2166 ut
920 2129 975 2167 ad

123 2186 266 2239 priora
305 2185 376 2224 illa
414 2185 769 2246 intellegendum
776 2184 831 2224 sit
861 2179 971 2249 ἔχει.

126 2240 403 2281 Heindorfl
416 2253 470 2280 us
492 2240 698 2280 malebat:
720 2231 868 2287 ου’τως
892 2230 971 2291 αὖ,

125 2293 219 2364 ἔφη
261 2290 285 2338 6
323 2292 501 2363 Κέβης·
546 2294 699 2337 ταῦτα
740 2288 972 2350 οὐδέποτε

124 2348 344 2402 ὡςαύτως
367 2348 478 2406 ἔχει,
503 2365 585 2403 quo
609 2365 692 2392 non
715 2365 823 2405 opus
847 2361 923 2392 est.

181 2424 226 2464 P.
251 2425 319 2466 79.
352 2415 455 2464 οὐκ
485 2417 644 2463 ἔστιν
674 2414 972 2476 ὅτῳ-λο-

125 2478 320 2535 γισμῷ]
361 2479 402 2519 h.
427 2491 462 2522 e.
500 2478 717 2518 nonnisi
754 2478 972 2518 ratioci-

126 2537 343 2576 natione
382 2535 570 2574 mentis
601 2541 648 2574 et
684 2535 971 2586 cogitatio-

126 2593 207 2632 nis
229 2592 495 2644 attingere
522 2590 660 2631 licet.

184 2675 286 2741 Gap.
317 2675 477 2715 XXVI.
538 2666 674 2716 ὄίλλο
715 2688 768 2715 τι
816 2667 974 2728 ἡμῶν

126 2724 317 2773 αὐτῶν
357 2725 417 2772 τὸ
448 2744 552 2783 μεν
579 2724 733 2784 σῶμα
762 2723 972 2783 ἔστι-]

126 2789 358 2838 Postquam
397 2787 539 2827 docuit
574 2787 658 2827 duo
689 2799 785 2827 esse
818 2799 977 2838 genera

127 2855 284 2893 rerum,
308 2844 488 2883 alterum
511 2856 565 2882 ex
584 2843 780 2896 partibus
803 2854 977 2896 compo-

129 2900 278 2949 situm,
321 2899 436 2949 quod
463 2899 660 2938 continuo
696 2899 976 2939 mutationum

129 2955 300 2995 turbine
319 2954 500 3006 agitetur
520 2966 599 2993 nec
621 2966 807 3005 unquam
830 2955 978 2995 eodem

129 3012 174 3051 in
204 3016 318 3050 statu
346 3019 536 3058 maneat,
574 3010 756 3062 simplex
784 3010 975 3060 alterum,

133 3067 248 3116 quod
288 3071 462 3119 propter
503 3064 817 3118 simplicitatem
856 3079 979 3106 suam

132 3122 259 3162 nullis
301 3122 535 3162 subiectum
576 3122 630 3161 sit
677 3122 979 3162 mutationibus

132 3190 343 3229 suumque
372 3183 527 3217 statum
569 3188 737 3229 semper
774 3179 979 3231 obtineat,

134 3234 297 3275 accedit
326 3233 380 3273 ad
408 3233 698 3284 quaestionem
726 3233 779 3272 de
814 3234 978 3274 duabus

134 3291 311 3340 naturis,
354 3302 408 3329 ex
446 3290 599 3340 quibus
639 3289 764 3329 homo
800 3295 979 3340 constat,

135 3346 273 3386 animo
311 3351 351 3386 et
386 3357 576 3399 corpore.
615 3345 668 3385 Et
703 3355 855 3396 corpus
886 3346 978 3395 qui—

137 3401 232 3441 dem
255 3402 518 3442 demonstrat
538 3402 749 3454 pertinere
770 3401 824 3441 ad
842 3413 979 3454 genus

1057 1847 1162 1885 quas
1191 1834 1235 1873 iu
1265 1834 1522 1886 simplicium
1551 1846 1693 1873 rerum
1714 1842 1911 1874 natuiam

1057 1891 1288 1930 convenire
1309 1896 1434 1929 antea
1455 1890 1764 1956 disputaverat.
1787 1888 1911 1931 Cete-

1056 1958 1150 1985 rum
1186 1946 1315 1998 vulgo
1352 1952 1451 1998 post
1485 1939 1619 2010 ἡμῶν
1648 1938 1810 1986 αὐτῶν
1842 1946 1908 1985 in-

1058 2009 1218 2041 sertum
1262 2003 1484 2066 legebatur
1520 1992 1554 2054 ἦ
1593 2002 1646 2041 ab
1679 2002 1774 2042 aliis
1811 2009 1913 2055 post

1062 2051 1178 2099 ἄλλο
1207 2071 1253 2098 τι
1281 2058 1581 2111 interpositum
1609 2058 1753 2098 invitis
1785 2058 1910 2099 codd.

1061 2114 1149 2152 fele
1206 2114 1402 2154 omnibus
1467 2114 1594 2153 etiam
1648 2113 1823 2154 Eusebii
1871 2122 1913 2153 et

1060 2169 1335 2210 'lheodoreti.
1377 2170 1499 2218 Quod
1521 2169 1606 2210 noli
1633 2170 1678 2209 in
1699 2177 1814 2210 tanta
1836 2181 1912 2209 co-

1061 2226 1201 2265 dicum
1242 2225 1438 2267 voculam
1479 2226 1764 2266 omittentium
1804 2237 1911 2266 con—

1060 2282 1258 2322 sensione
1286 2283 1584 2334 comprobare,
1616 2282 1741 2321 sicuti
1770 2293 1908 2334 nuper

1059 2338 1110 2381 Η
1134 2337 1390 2378 Schmidt.
1415 2337 1534 2386 fecit,
1568 2329 1692 2389 qui‘t'y'
1715 2348 1913 2377 necessa-

1058 2395 1169 2433 rium
1209 2406 1305 2434 esse
1342 2402 1459 2434 ratus
1504 2401 1753 2446 piopterea„
1794 2393 1912 2460 q‘uod

1059 2442 1206 2491 ουδεν
1236 2441 1352 2490 ἄλλο
1383 2450 1436 2489 ad
1462 2461 1764 2502 praegressum
1794 2449 1911 2489 αλλο

1059 2519 1106 2546 τι
1142 2505 1363 2554 referatur,
1405 2507 1534 2547 verba
1565 2507 1626 2546 sic
1655 2506 1913 2558 intelpreta-

1060 2570 1150 2602 tur:
1181 2562 1252 2602 ist
1283 2571 1440 2602 etwas
1462 2562 1639 2602 Ander
1652 2574 1705 2602 es
1729 2574 1790 2601 an
1813 2573 1910 2600 uns

1062 2618 1235 2658 selbst
1274 2618 1353 2658 als
1404 2619 1553 2658 eines
1592 2617 1769 2657 Theils
1821 2617 1912 2656 der

1061 2674 1187 2714 Leib
1229 2674 1331 2714 und
1370 2674 1572 2714 andern
1599 2673 1781 2713 Theils
1825 2672 1913 2712 die

1065 2729 1244 2770 Seele‘?
1277 2729 1399 2778 Quod
1420 2742 1571 2769 vereor
1592 2735 1638 2769 ut
1657 2737 1772 2769 recte
1794 2728 1912 2768 fece-

1063 2787 1136 2835 rit,
1174 2786 1384 2854 siquidem
1419 2779 1554 2849 ἡμῶν
1583 2778 1743 2826 αὐτῶν
1769 2785 1911 2839 potius

1065 2855 1118 2882 ex
1139 2835 1191 2882 τὸ
1214 2855 1301 2895 μεν
1321 2840 1470 2894 σῶμα,
1490 2836 1542 2882 τὸ
1569 2838 1622 2883 δὲ
1651 2847 1781 2895 ψυχη
1804 2853 1908 2894 pen·

1065 2899 1148 2940 det.
1189 2898 1363 2938 Rectius
1385 2898 1545 2938 dudum
1567 2898 1768 2938 iudicavit
1790 2897 1914 2935 Mat-

1064 2953 1207 2994 thiae
1235 2955 1278 3004 §.
1300 2955 1397 2995 487.
1421 2956 1470 3007 9,
1503 2955 1574 3004 qui
1609 2947 1757 2994 οὐδὲν
1793 2943 1911 2992 ἄλλο

1066 3011 1232 3050 censuit
1253 3011 1466 3062 subiungi,
1492 3010 1592 3060 quia
1613 3001 1727 3050 ἄλλο
1749 3021 1794 3048 τι
1815 3019 1910 3060 pro-

1094 3066 1157 3105 rie
1197 3066 1360 3106 dicatur
1401 3066 1599 3119 elliptice‚
1639 3066 1696 3103 ita
1737 3069 1781 3103 ut
1820 3063 1862 3103 h.
1884 3063 1912 3103 l.

1064 3078 1393 3173 Ξστίνίηι6116ςί
1411 3128 1550 3172 queat.
1574 3120 1789 3160 Sententia
1810 3131 1910 3159 veto

1064 3178 1133 3219 vel
1173 3178 1234 3218 sic
1273 3177 1378 3218 haec
1418 3184 1502 3217 est:
1574 3178 1683 3228 Age
1722 3175 1910 3228 igitul,

1066 3245 1240 3274 nonne
1299 3234 1472 3274 nostri
1519 3233 1756 3286 ipsorum
1807 3230 1914 3270 alia

1065 3302 1194 3354 pars
1216 3302 1429 3343 corpus,
1453 3289 1558 3329 alia
1580 3288 1783 3333 animus
1806 3286 1913 3325 est‘?

1064 3346 1125 3384 De
1146 3336 1260 3387 ἄλλο
1283 3359 1327 3386 τι
1348 3359 1389 3387 v.
1411 3345 1464 3384 ad
1484 3340 1914 3396 Euthyph1.p.15C.

1065 3401 1342 3444 Hermann.
1365 3401 1418 3441 ad
1438 3401 1583 3453 Viger.
1606 3413 1645 3452 p.
1669 3400 1764 3439 731.
