2158 3718
246 115 352 169 282
977 118 1302 163 PLATONIS

243 253 603 326 ἀνθρώπους,
630 255 763 320 τούς
787 257 892 327 μὲν
921 259 984 311 ἐν
1009 249 1280 330 μεσογαίᾳ
1299 259 1627 328 οἰκοῦντας,
1655 259 1786 323 τούς
1812 261 1874 314 δὲ
1900 262 2031 331 περὶ

242 339 342 395 τὸν
388 339 552 412 ἀέρα,
604 339 785 412 ὥςπερ
823 341 979 412 ἡμεῖς
1026 342 1155 412 περὶ
1199 340 1303 412 τὴν
1338 344 1655 412 θάλατταν,
1694 342 1826 408 τούς
1862 345 1925 399 δὲ
1960 346 2029 399 ἐν

242 426 462 495 νήσοις,
502 424 567 489 ἃς
603 426 895 496 περιρρεῖν
932 425 1032 480 τὸν
1070 424 1234 496 ἀέρα,
1283 427 1422 498 πρὸς
1467 433 1536 500 τῇ
1573 427 1785 500 ἠπείρῳ
1823 426 2021 492 οὔσας·

242 511 335 563 καὶ
381 511 465 565 ἑνὶ
515 510 691 582 λόγῳ,
744 508 883 581 ὅπερ
929 508 1065 580 ἡμῖν
1110 510 1173 564 τὸ
1223 510 1379 582 ὕδωρ
1417 514 1510 566 καὶ
1546 512 1579 583 ἡ
1618 513 1870 567 θάλαττά
1909 514 2029 567 ἐστι

242 593 381 666 πρὸς
430 592 536 665 τὴν
584 590 860 665 ἡμετέραν
908 598 1131 665 χρείαν,
1181 599 1348 649 τοῦτο
1403 597 1521 651 ἐκεῖ
1553 596 1654 651 τὸν
1691 596 1855 667 ἀέρα,
1895 595 1929 651 ὃ
1965 598 2027 652 δὲ

239 677 374 749 ἡμῖν
422 678 451 734 ὁ
501 678 636 749 ἀήρ,
687 680 925 743 ἐκείνοις
971 679 1072 734 τὸν
1119 681 1339 750 αἰθέρα.
1416 679 1512 745 τὰς
1550 681 1612 736 δὲ
1650 680 1799 751 ὥρας
1836 680 2028 746 αὐτοῖς

242 769 446 834 κρᾶσιν
484 766 631 833 ἔχειν
669 764 956 834 τοιαύτην,
998 763 1134 828 <figes
1175 766 1428 828 ἐκείνους
1467 756 1709 829 ἀνόσους
1749 763 1894 821 εἶναι
1932 768 2027 820 καὶ

238 849 446 918 χρόνον
499 868 558 902 τε
613 852 710 918 ζῆν
766 847 914 902 πολὺ
970 852 1143 904 πλείω
1195 854 1310 903 τῶν
1359 851 1568 904 ἐνθάδε
1615 851 1708 903 καὶ
1755 849 1882 916 ὄψει
1931 852 2026 905 καὶ

237 931 379 1003 ἀκοῇ
427 933 521 986 καὶ
570 933 846 1003 φρονήσει
891 935 985 987 καὶ
1032 939 1169 988 πᾶσι
1213 944 1328 998 τοῖς
1378 934 1652 998 τοιούτοις
1688 933 1848 1005 ἡμῶν
1886 934 2026 1006 ἀφε-

236 1017 435 1071 στάναι
472 1022 540 1088 τῇ
579 1016 721 1088 αὐτῇ
760 1015 1084 1088 ἀποστάσει,
1123 1012 1267 1090 ᾗπερ
1295 1016 1403 1090 ἀήρ
1430 1040 1490 1073 τε
1516 1018 1720 1083 ὕδατος
1746 1017 2026 1091 ἀφέστηκε

350 1171 407 1218 ἐν
448 1175 752 1233 μεσογαίᾳ]
798 1178 945 1232 Steph.
988 1190 1083 1219 cum
1122 1178 1215 1220 Par.
1241 1178 1273 1218 E
1316 1172 1368 1220 ἐν
1407 1177 1647 1233 μεσογείᾳ
1680 1191 1717 1219 ν.
1747 1178 1934 1219 Lobeck.
1969 1179 2025 1220 ad

233 1233 388 1298 Phryn.
413 1247 454 1287 p.
479 1235 561 1276 298
584 1247 676 1286 sqq.

347 1281 500 1343 υὸωρ
522 1289 645 1343 καί]
669 1290 737 1332 Sic
762 1291 889 1332 Coisl.
913 1292 1009 1332 Vat.
1033 1293 1140 1331 Ven.
1164 1292 1332 1332 ATub.
1356 1293 1466 1344 Aug.
1490 1291 1618 1333 Vind.
1643 1289 1797 1331 OEPar.
1819 1291 2020 1333 EGHIL

233 1347 379 1388 Ambr.
401 1347 513 1387 Flor.
536 1360 562 1387 a
582 1348 608 1387 b
630 1360 668 1391 c.
709 1349 820 1388 Ante
842 1348 1081 1387 Bekkerum
1104 1356 1193 1387 elat
1213 1339 1343 1400 ὕδωρ
1365 1361 1415 1388 τε
1436 1347 1535 1389 καί.

347 1405 392 1447 Β.
426 1397 451 1445 ὁ
474 1396 598 1457 ἀήρ]
623 1405 862 1444 Articulum
884 1398 906 1446 ὁ
932 1405 1061 1457 vulgo
1084 1405 1291 1444 omissum
1313 1416 1408 1443 curn
1431 1405 1622 1444 Bekkero
1647 1417 1701 1443 ex
1722 1405 1874 1444 Ambr.
1894 1405 2020 1445 resti-

231 1461 305 1500 tui.
345 1460 507 1500 Deinde
536 1472 612 1513 pro
643 1453 847 1508 ἐκείνοις
875 1461 1003 1526 vulgo
1035 1467 1120 1500 erat
1158 1459 1298 1501 τοῦτο
1335 1454 1439 1502 ἐκεῖ
1469 1461 1613 1502 invitis
1655 1460 1772 1500 libris
1805 1461 2022 1514 plerisque

231 1518 443 1560 omnibus.
483 1516 563 1557 Pro
587 1509 672 1565 τὰς
697 1513 750 1558 δε
773 1509 898 1569 ὧρας
921 1510 1086 1566 αὐτοῖς
1108 1517 1230 1560 Bodl.
1254 1518 1351 1557 Vae.
1383 1517 1510 1559 Coisl.
1541 1518 1649 1560 Tub.
1679 1517 1788 1559 Ven.
1814 1517 1866 1558 H
1887 1517 2020 1560 Vind.

236 1573 321 1614 ΤΦ
350 1574 444 1614 Par.
469 1571 503 1613 G
533 1574 677 1616 Ambr.
709 1574 820 1613 Flor.
844 1574 871 1614 d
900 1574 995 1614 Zitt.
1025 1567 1110 1621 τὰς
1141 1569 1195 1614 δὲ
1225 1586 1352 1625 ωρας
1383 1566 1550 1627 αὐτῆς,
1583 1575 1697 1624 quod
1721 1585 1798 1640 ego
1821 1585 1905 1614 non
1927 1585 2018 1613 am-

229 1629 405 1683 plectar.
444 1630 624 1670 Videtur
652 1631 762 1670 enim
790 1630 1013 1684 genetivus
1042 1630 1194 1670 criticis
1223 1629 1381 1679 deberi,
1405 1643 1512 1682 quos
1536 1639 1703 1671 servato
1727 1622 1893 1679 αὐτοῖς
1915 1642 2017 1684 pro-

230 1687 391 1726 ximum
417 1679 619 1734 ἐκείνοις
642 1687 751 1726 male
771 1686 960 1726 haberet.
999 1685 1084 1727 Sed
1103 1699 1143 1727 v.
1168 1699 1267 1730 ann

345 1737 646 1798 φρονήσει]
676 1735 907 1797 ὀσφρήσει
929 1756 1039 1783 unus
1063 1744 1247 1796 August.
1290 1742 1425 1784 Ceteii
1448 1756 1596 1784 omnes
1629 1737 1873 1810 φρονήσει,
1904 1743 2019 1809 quod

228 1800 417 1840 servavit
447 1800 571 1839 etiam
593 1799 758 1839 Bekke1
764 1813 826 1842 ns
870 1799 954 1840 Sed
979 1800 1143 1843 Turicc.
1165 1800 1307 1840 Herm.
1330 1812 1424 1839 cum
1446 1800 1665 1841 Heindorf.
1691 1799 1814 1841 Astio
1837 1793 2019 1854 ὀσφρή-

227 1866 299 1896 σει
322 1856 547 1898 dederunt.
570 1862 612 1895 at
635 1869 673 1896 v.
698 1857 878 1910 explico.

283 1982 329 2024 P
363 1984 458 2024 111.
511 1973 692 2036 ω’ςπερ
733 1975 904 2037 ἡμεῖς
943 1979 1077 2034 περὶ

229 2031 332 2093 τὴν
373 2033 697 2091 θάλατταν]
740 2040 875 2080 Intell.
919 2035 1077 2080 οἰκοῦ-

227 2108 327 2149 μεν.
370 2096 589 2137 ΒοῑνὶὶΙ,
612 2096 667 2136 ad
690 2095 902 2138 Chariton.
927 2109 969 2149 p.
995 2095 1077 2136 538

227 2153 295 2195 ed.
335 2152 454 2205 Lips
505 2154 582 2203 „ln
626 2153 941 2204 comparatione
980 2159 1079 2206 post

226 2200 376 2275 ὥςπερ
398 2209 523 2249 modo
552 2221 678 2249 casus
707 2209 979 2262 praecedenti
1001 2221 1078 2248 no-

226 2266 330 2305 mini
370 2266 586 2317 convenit,
627 2266 754 2306 modo
793 2266 1078 2306 nominativus

226 2322 397 2374 ponitur
427 2322 635 2362 intellecto
667 2323 799 2362 verbo
831 2335 885 2363 ex
906 2329 1075 2362 antece-

227 2379 439 2418 dentibus.
447 2377 475 2398 ‘⁴
498 2380 560 2419 Ita
582 2379 708 2418 etlam
719 2378 866 2432 Symp
878 2392 923 2444 p.
934 2380 1013 2420 177
1028 2378 1073 2421 Β.

284 2433 454 2476 τοῦτο
485 2456 537 2463 -
569 2428 827 2483 ἐκείνοις
868 2428 968 2477 τὸν
1009 2427 1073 2488 ἀ]

226 2491 382 2532 Duiior
410 2497 475 2531 est
503 2492 678 2532 omissio
708 2491 906 2532 infinitivi
932 2486 1075 2533 εἶναι.

227 2549 374 2616 Itaque
423 2547 768 2588 Heindorfius
816 2548 933 2588 illum
980 2555 1076 2600 post

227 2597 430 2651 ἐκείνοις
455 2604 666 2644 excidisse
694 2606 882 2657 putabat
929 2604 1075 2645 Simile

225 2661 328 2712 quid
356 2666 496 2699 tamen
527 2660 768 2700 notavimus
799 2661 855 2700 ad
884 2673 926 2712 p.
950 2661 1005 2700 74
1026 2661 1072 2706 Ε,

226 2716 340 2755 unde
358 2715 574 2767 vulgatam
596 2716 819 2755 lectionem
843 2715 1073 2756 defendere

225 2772 364 2811 liceat.

280 2828 328 2868 B.
381 2818 519 2875 ὤςτε
560 2820 822 2875 ἐκείνους
863 2820 966 2882 ἀν.]
1011 2827 1073 2867 De

225 2878 437 2931 ἐκείνους
467 2892 566 2936 post.
594 2877 761 2931 αὐτοῖς
791 2883 849 2923 ita
870 2884 1004 2937 illato,
1027 2894 1074 2925 ut

223 2949 449 2991 utrumque
470 2951 702 2992 pronomen
720 2941 775 2980 ad
794 2953 922 2979 unum
941 2941 1073 2980 idem-

225 3010 305 3049 que
327 2996 563 3036 subieetum
584 2996 850 3036 referendum
873 2998 941 3046 sit,
966 3011 1006 3039 v.
1018 2998 1072 3038 ad

222 3067 266 3108 p.
291 3054 372 3095 106
393 3052 440 3093 Β.

282 3102 587 3163 φρονήσει]
651 3109 780 3149 Unice
819 3122 965 3148 vetum
1008 3117 1072 3151 est

223 3167 337 3218 quod
377 3166 498 3206 codd.
540 3178 644 3208 mss.
683 3167 895 3206 communi
937 3178 1070 3219 plope

172 3260 179 3263 ε
224 3222 501 3264 consensione
519 3228 710 3264 tuentur:
733 3217 977 3287 φρονήσει.
988 3223 1069 3264 Pio

224 3291 307 3347 quo
330 3279 403 3320 ubi
424 3292 518 3318 cum
542 3280 716 3332 nuperis
739 3279 892 3318 criticis
916 3279 1068 3331 legeris

223 3328 467 3389 οσφρήσει,
479 3337 659 3389 primum
679 3335 915 3375 molestiam
938 3344 1064 3386 creat,

221 3393 331 3442 quod
358 3391 587 3432 olfactus
618 3405 786 3444 qnoque
810 3400 1067 3431 memoratur

222 3449 333 3489 iudi<
340 3462 360 3486 e
401 3448 576 3489 Platone
626 3450 830 3489 omnium·
860 3461 1065 3488 sensuum

1165 1982 1424 2034 vilissimus;
1463 1983 1617 2023 deinde
1647 1996 1774 2036 aegre
1802 1983 2017 2023 desidera-

1164 2047 1232 2078 tur
1262 2040 1419 2079 mentio
1443 2040 1644 2079 virtutum
1674 2041 1805 2080 animi
1833 2048 1874 2079 et
1893 2041 2017 2093 inge-

1165 2096 1236 2142 nii,
1255 2096 1411 2147 quibus
1434 2104 1545 2135 certe
1565 2096 1726 2137 incolas
1747 2104 1884 2136 terrae
1905 2097 2016 2137 divi-

1164 2153 1296 2193 nioris
1326 2161 1658 2193 consentaneum
1690 2160 1753 2193 est
1788 2153 1886 2193 item
1920 2165 2015 2193 esse

1164 2210 1431 2263 conspicuos.
1499 2210 1723 2250 Enimvero
1784 2203 2016 2263 φρονήσει

1165 2278 1277 2305 nunc
1299 2265 1593 2317 accipiendum
1619 2275 1682 2306 est
1703 2265 2015 2318 significatione

1164 2322 1312 2363 latiore
1351 2323 1404 2362 de
1434 2322 1813 2375 intellegentia
1842 2329 1883 2362 et
1923 2334 2013 2362 co-

1163 2379 1461 2431 gnoscendi
1503 2378 1768 2419 facultate
1814 2386 2013 2431 recteque

1164 2448 1260 2474 cnm
1283 2436 1450 2475 duobus
1474 2436 1674 2476 sensibus
1694 2436 2013 2488 praestantissi-

1162 2493 1242 2532 mis
1273 2501 1488 2556 tamquam
1520 2492 1731 2544 primariis
1759 2492 1896 2532 omnis
1918 2504 2013 2547 per-

1163 2549 1370 2601 ceptionis
1394 2548 1582 2588 sontibus
1606 2549 1887 2591 consociatur,
1928 2548 2009 2587 Ea-

1163 2606 1256 2644 dem
1289 2617 1464 2658 prorsus
1493 2605 1598 2643 ratio
1623 2606 1780 2644 obtinet
1812 2603 1875 2643 De
1903 2605 2008 2670 Rep.

1162 2663 1212 2700 ΙΙ.
1237 2673 1279 2713 p
1304 2660 1441 2701 3670
1483 2655 1586 2701 οἷον
1627 2653 1788 2712 ὁρᾶν,
1832 2652 2008 2701 ἀκου-

1163 2729 1273 2780 ειν,
1316 2718 1583 2786 φρονεῖν,
1636 2713 1720 2756 καὶ
1768 2709 2011 2781 ὑγιαίνειν

1162 2765 1235 2825 δή,
1259 2769 1343 2813 καὶ
1366 2783 1457 2814 οσα
1487 2765 1610 2812 ἄλλα
1632 2765 1802 2826 ἀγαθά
1831 2785 1873 2815 κ.
1905 2786 1943 2816 τ.
1967 2774 2004 2816 λ.

1161 2829 1220 2868 De
1258 2841 1349 2869 voi
1381 2821 1612 2882 φρόνησις
1645 2836 1684 2869 et
1713 2831 1914 2881 φρονεῖν
1950 2829 2010 2870 ita

1161 2886 1376 2939 usurpatis
1413 2884 1466 2924 cf.
1503 2898 1546 2937 p.
1577 2887 1630 2926 70
1659 2885 1705 2927 Β.
1738 2898 1780 2938 p.
1811 2886 1864 2926 76
1896 2883 1927 2925 C
1968 2894 2009 2925 et

1159 2941 1265 2981 Ast.
1295 2942 1437 2982 Lexic.
1468 2941 1572 2981 Plat.
1583 2937 1631 2984 ἑ
1655 2954 1695 2982 v.
1736 2942 1895 2981 Verum
1926 2942 2003 2981 du-

1160 2998 1259 3038 dum
1302 2998 1518 3051 perspexit
1565 2996 1871 3046 Fischer-us,
1934 2999 2008 3048 qui

1157 3053 1302 3094 laudat
1331 3053 1581 3121 Hesychii
1611 3054 1821 3106 glossam.
1864 3054 2005 3106 Φρο-

1158 3106 1343 3176 νήσει
1368 3105 1569 3154 συνέσει.
1584 3112 1720 3162 Atque
1736 3109 1812 3149 ha<-
1834 3110 2004 3150 demum

1157 3169 1319 3207 ratione
1358 3169 1534 3220 probata
1572 3167 1695 3206 etiam
1731 3167 1877 3207 verba·
1919 3164 2004 3208 καὶ

1156 3223 1276 3264 πᾶσι
1312 3226 1413 3271 τοῖς
1448 3216 1697 3275 τοιούτοις,
1736 3235 1843 3273 quae
1871 3222 2003 3262 altera

1157 3280 1338 3320 lectione
1367 3288 1567 3333 suscepta
1599 3291 1679 3320 non
1717 3279 1798 3319 alio
1835 3280 1918 3319 nisi
1947 3279 2003 3319 ad

1154 3349 1287 3376 unum
1315 3342 1509 3376 tactum
1540 3341 1580 3375 et
1607 3341 1819 3388 gustum
1856 3334 2000 3375 referri

1153 3399 1342 3446 possent,
1373 3393 1570 3433 idoneam
1596 3392 1904 3431 nanciscuntur
1926 3404 2000 3431 ex-

1152 3449 1438 3502 plicationem.
