2158 3718
317 137 467 175 LVIII
942 138 1389 177 PROLEGOMENA

315 264 556 333 inprimis
607 265 664 317 in
711 262 918 334 Gorgia
970 274 1023 318 at
1061 284 1128 335 ue
1174 264 1419 319 Phaedro
1474 265 1801 328 ostenditur3
1857 268 1995 322 conf.

317 334 546 388 Phaedr.
571 354 624 406 p.
651 337 770 389 248.
796 335 866 389 D.
893 335 979 400 Ε.,
1017 355 1054 388 u
1079 331 1110 387 'i
1145 335 1202 387 in
1237 336 1421 389 ordine
1457 337 1686 389 vitarum
1722 336 1833 390 vita
1867 356 1997 408 poe-

317 414 489 458 tarum
525 415 675 460 sexto
713 415 767 459 et
801 407 910 459 vita
946 403 1300 475 sophistarum
1334 416 1524 460 octavo
1548 408 1662 461 loco
1686 407 1996 473 collocatur3

315 476 474 546 Apol.
500 495 554 547 p.
577 478 660 530 22.
686 475 749 530 C.
788 476 902 528 Ion.
923 495 977 546 p.
998 477 1115 530 533.
1136 475 1208 529 D.
1230 496 1253 530 s
1291 496 1342 547 q.
1377 477 1621 550 DeRep.
1649 477 1775 532 VH.
1841 518 1855 532 .
1877 479 1996 534 531.

316 546 384 599 E.
424 547 543 601 534.
570 547 634 599 Β.
672 546 945 599 Phaedon.
970 566 1024 617 p.
1053 548 1136 600 76.
1161 546 1227 600 B.
1256 495 1626 614 {Quamobrem
1662 568 1761 603 nec
1793 549 1804 560 ‘
1847 569 2000 604 arum

316 637 415 688 ope
455 617 591 670 effici
626 625 819 687 potest,
857 628 919 670 ut
954 618 1034 671 vis
1071 627 1124 671 et
1160 627 1349 671 natura
1382 619 1537 672 istius
1565 620 1759 674 amoris
1783 621 1999 692 penitus

316 689 619 741 recludatur
628 709 642 751 3
689 688 851 741 immo
885 689 977 741 vix
1011 688 1144 742 illud
1189 689 1431 755 efficitur,
1478 699 1539 742 ut
1584 700 1802 744 externa
1836 710 1999 761 quae-

317 760 439 811 dam
475 758 554 810 rei
590 759 918 830 disceptatae
955 761 1159 831 species
1197 770 1251 814 et
1283 760 1461 843 imago
1497 761 1853 816 adumbretur.

386 829 568 898 Atque
604 829 737 888 haec
774 831 989 900 quidem
1024 832 1201 885 omnia
1234 832 1326 900 qui
1361 832 1646 903 diligenter
1667 833 2000 887 animadver-

317 900 494 964 terint,
542 899 581 952 ii
626 910 767 954 certe
811 901 918 954 iam
964 921 1070 956 non
1106 903 1332 974 amplius
1368 901 1705 968 dubitabunt,
1750 922 2002 973 quorsum

317 981 455 1024 tecta
490 970 581 1024 illa
614 971 788 1025 irrisio
824 972 1095 1026 rhetorum
1131 993 1194 1027 ac
1230 981 1524 1043 poetarum,
1575 974 1641 1027 de
1686 993 1792 1043 qua
1826 974 1884 1027 in
1917 972 2010 1028 lu-*

319 1041 547 1096 strandis
594 1042 926 1116 singulorum
973 1044 1300 1098 orationibus
1343 1045 1633 1098 identidem
1685 1044 2005 1109 monuimuS,

316 1114 545 1182 denique
580 1114 858 1168 referatur.
924 1114 1387 1182 Quemadmodum
1434 1116 1575 1169 enim
1611 1115 1829 1169 divinus·
1860 1135 2007 1170 amor

315 1184 546 1238 humano
583 1204 651 1238 ex
694 1185 920 1239 adverso
963 1186 1168 1257 positus
1213 1196 1310 1250 est,
1353 1188 1428 1239 ita
1471 1186 1630 1239 etiam
1675 1187 2004 1240 dialecticam

316 1274 442 1308 vero
479 1274 840 1328 germanoque
876 1256 1190 1328 philosopho
1227 1258 1500 1327 propriam
1535 1267 1758 1328 apparet
1781 1257 2002 1328 opposi-

316 1335 424 1379 tam
453 1345 577 1380 esse
611 1327 904 1381 rhetoricae
948 1337 1108 1398 atque
1152 1328 1410 1399 poeticae,
1457 1329 1655 1399 quippe
1700 1347 1838 1397 quae
1884 1347 2005 1382 cum

316 1398 436 1467 ipsa
473 1397 693 1451 scientia
725 1398 1024 1470 (ἐπιστήμῃ)
1054 1398 1185 1462 nihil
1217 1399 1450 1453 habeant
1483 1398 1889 1452 necessitudinis
1925 1407 2006 1452 at-

315 1488 419 1538 que
439 1469 525 1551 ‘ad
558 1489 720 1522 unam
758 1470 922 1523 solam
946 1470 1210 1541 opinionis
1232 1471 1501 1524 levitatem
1525 1478 1579 1524 et
1600 1469 2006 1524 inconstantiam

316 1549 633 1610 pertlneant.
1839 1582 1843 1585 »

347 1652 350 1658 .
391 1608 502 1664 Sed
536 1611 619 1664 his
654 1611 730 1663 ita
766 1613 1022 1682 expositis
1063 1612 1271 1667 iuvabit
1314 1611 1528 1665 tandem
1575 1611 1876 1664 summatim
1911 1610 2006 1664 de-

319 1682 618 1745 claravisse‚
665 1682 918 1751 quidnam
965 1703 1230 1736 summum
1272 1683 1405 1736 illud
1449 1692 1607 1752 atque
1643 1682 1888 1735 ultimum
1923 1682 2005 1735 vi-

320 1750 508 1805 deatur
551 1772 686 1817 esse,
729 1753 874 1822 quod
916 1754 1166 1808 universo
1205 1752 1478 1824 Symposii
1520 1753 1668 1824 operi
1705 1753 1774 1806 sit
1806 1771 2006 1824 propo-

322 1825 497 1877 situm.
534 1823 623 1876 De
659 1843 766 1892 qua
800 1843 858 1877 re
893 1825 1233 1895 paucissimis
1270 1824 1544 1878 absolvere
1579 1823 1777 1878 licebit.

387 1895 577 1964 Itaque
614 1894 826 1948 omnino
864 1895 1081 1964 quidem
1104 1896 1315 1949 Platoni
1337 1896 1393 1948 in
1421 1895 1696 1949 condendo
1720 1894 1821 1948 hoc
1846 1913 2009 1965 opere

319 1967 450 2018 illud
495 1966 596 2019 fuit
636 1967 989 2038 propositum,
1038 1977 1098 2020 ut
1144 1967 1448 2021 ostenderet
1492 1986 1555 2019 ac
1601 1967 2006 2029 demonstraret,

321 2037 515 2106 quibus
553 2038 707 2106 quasi
743 2038 1001 2110 gradibus
1038 2037 1106 2091 ab
1143 2057 1321 2092 amore
1344 2038 1432 2092 illo
1455 2037 1677 2091 honesto
1702 2041 2007 2109 propagan-

322 2110 421 2161 dae
459 2108 668 2161 virtutis
706 2119 760 2161 et
796 2109 1088 2180 sapientiae
1133 2129 1323 2164 caussa
1356 2110 1412 2162 in
1457 2110 1565 2162 vita
1611 2108 1876 2162 communi
1921 2125 2033 2163 ce-.

320 2180 522 2233 lebrato
558 2179 832 2250 paullatim
869 2180 940 2232 ad
976 2180 1274 2235 divinarum
1306 2200 1487 2234 rerum
1519 2199 1770 2246 amorem,
1802 2178 1904 2232 hoc
1929 2187 2011 2232 est

321 2251 391 2303 ad
414 2270 593 2303 veram
617 2251 1022 2321 philosophiam,
1047 2252 1498 2322 escenderetur*).
1537 2250 1661 2304 Hoc
1685 2258 1860 2303 autem
1883 2268 2009 2303 con-

325 2322 500 2381 silium
538 2341 693 2375 suum
731 2322 1123 2395 elegantissime
1159 2332 1318 2393 atque
1368 2321 1625 2394 singulari
1667 2320 1870 2392 ingenii
1906 2319 2010 2373 sol-

322 2393 476 2446 lertia
507 2393 584 2445 ita
620 2402 940 2463 exsequutus
978 2404 1084 2458 est,
1106 2403 1167 2446 ut
1189 2414 1298 2448 non
1323 2395 1493 2447 solum
1529 2393 1768 2446 divinum
1804 2399 1857 2444 et
1890 2390 2009 2444 vul-

325 2484 510 2534 garem
546 2483 780 2517 amorem
814 2465 953 2517 inter
988 2484 1044 2518 se
1089 2485 1119 2519 o
1159 2466 1415 2535 posuerit,
1458 2463 1691 2534 imagine
1735 2463 2012 2531 utriusque

325 2535 560 2604 pleniore
600 2544 653 2588 et
686 2536 970 2588 illustriore
1008 2536 1129 2590 exhi
1168 2537 1259 2599 ita,
1308 2555 1474 2605 eaque
1521 2535 1727 2587 ratione
1763 2532 2010 2587 ostende·-

325 2606 410 2669 rit,
450 2615 562 2657 tum
599 2615 855 2674 quantum
890 2608 1020 2660 alter
1056 2607 1210 2660 alteri
1241 2615 1548 2668 antestaret,
1587 2614 1699 2657 tum
1723 2604 1882 2656 etiam
1905 2621 2012 2671 qua

326 2685 551 2743 uterque
575 2676 713 2728 inter
736 2695 794 2728 se
817 2676 1206 2747 necessitudine
1233 2676 1605 2738 contineretur,
1642 2693 1828 2728 verum
1853 2673 2012 2728 etiam

326 2746 653 2799 dialecticam
690 2765 810 2798 cum
845 2746 1109 2798 rhetorica
1144 2756 1196 2799 et
1229 2746 1380 2816 poesi
1416 2744 1788 2814 composuerit,
1825 2752 2012 2814 utpote

327 2817 481 2869 iuxta
515 2835 638 2868 cum
673 2815 931 2869 diviniore
968 2835 1143 2869 amore
1189 2817 1258 2869 ad
1305 2815 1711 2887 philosophandi
1752 2815 2012 2868 rationem

329 2888 487 2941 unice
523 2886 893 2949 necessariam,
930 2906 1098 2955 eaque
1133 2887 1527 2958 opportunitate
1551 2906 1680 2940 usus
1705 2885 1914 2955 oblique
1939 2885 2012 2938 si·-

330 2957 663 3031 gnificaverit
704 2977 801 3010 nec
835 2957 1072 3011 rhetores
1120 2978 1219 3012 nec
1264 2958 1530 3028 sophistas
1565 2977 1664 3011 nec
1699 2965 1885 3028 poetas
1922 2975 2012 3010 eos

331 3048 467 3093 esse,
509 3029 602 3098 qui
638 3038 731 3082 aut
768 3028 897 3097 quid
933 3041 1073 3082 esset
1117 3030 1350 3083 studium
1387 3029 1678 3101 sapientiae
1714 3027 2012 3098 int-elligere

389 3217 432 3269 ³⁸¹)
476 3219 543 3258 Dc
580 3219 724 3258 eadem
761 3230 803 3256 rc
843 3217 944 3256 olim
976 3218 1081 3257 haee
1111 3218 1369 3271 scripsimus:
1437 3216 1607 3267 „Niclzts
1641 3215 1868 3268 qeritzqeres
1907 3213 2011 3253 halle

474 3274 620 3315 Platon
649 3287 718 3313 vor
735 3273 888 3325 Auqen,
917 3272 979 3312 als
1009 3287 1055 3313 :a
1084 3271 1226 3327 niffen,
1258 3274 1342 3314 wie
1373 3274 1449 3314 bei
1474 3272 1574 3313 dem
1603 3271 1799 3311 wahren
1825 3270 2010 3313 Weisen

476 3330 553 3370 die
584 3329 803 3371 irdiscltc
834 3329 986 3370 Liebe
1016 3330 1117 3370 secla
1147 3345 1229 3372 :ur
1261 3329 1593 3371 Mmmlisclzen
1626 3327 1901 3369 vert-[eires
