2158 3718
960 87 1283 134 PLATO'NIS

228 96 332 174 152

231 233 370 289 ι’δών
409 233 674 304 ἐννοήσῃ,
714 231 822 286 ὅτι·
835 231 1102 300 βούλεται
1138 229 1242 299 μὲν
1278 234 1465 299 τοῦτο,
1505 228 1539 284 ὃ
1573 235 1685 284 νῦν
1725 230 1832 300 ἐγώ
1873 229 2021 303 ὁρῶ,

232 315 377 374 εἶναι
415 311 538 372 οἷον
577 315 714 371 ἄλλο
753 337 806 370 τι
842 318 958 369 τῶν
996 312 1199 383 ὄντων,
1241 315 1400 368 ἐνδεῖ
1432 315 1494 369 δὲ
1532 315 1626 368 καὶ
1663 314 1732 369 οὐ
1771 316 2008 370 δύναται

178 419 212 460 Ε
233 407 492 459 τοιοῦτον
519 399 682 471 εἶναι,
721 394 845 454 οἷον
873 400 1077 468 ἐκεῖνο,
1117 396 1244 452 ἀλλ’
1275 399 1391 454 ἐστὶ
1419 400 1795 470 φαυλότερον,
1835 399 2009 470 ἀναγ-

231 489 395 543 καῖόν
429 506 541 542 που
574 485 674 540 τὸν
708 487 874 538 τοῦτο
915 484 1227 537 ἐννοοῦντα
1260 493 1452 554 τυχεῖν
1478 485 1778 554 προειδότα
1806 486 2009 555 έκεῖνο,

232 595 272 646 ῳ
323 587 498 643 φησιν
543 569 680 625 αὐτὸ
728 569 1113 639 προςεοικέναι
1149 569 1279 638 μέν,
1329 570 1695 639 ἐνδεεστέρως
1733 572 1795 625 δὲ
1834 573 2009 640 ἔχειν;

229 657 484 726 Ἀνάγκη.
568 659 636 709 Τί
678 647 810 719 οὐν,
859 651 922 707 τὸ
968 656 1230 707 τοιοῦτον
1278 654 1647 725 πεπόνθαμεν
1693 655 1786 708 καὶ
1835 653 2012 725 ἡμεῖς,

233 742 270 813 ἢ
307 740 405 811 οὔ,
444 743 578 810 περί
611 759 670 792 τε
707 758 775 792 τα
814 742 907 791 ἴσα
944 739 1038 791 καὶ
1077 735 1215 791 αὐτὸ
1253 736 1317 791 τὸ
1357 743 1506 804 ἴσον;
1555 740 1897 794 Παντάπασί
1928 759 2011 808 γε.

229 827 562 895 Ἀναγκαῖον
610 822 720 894 ἄρα
766 823 909 894 ἡμᾶς
956 823 1280 894 προειδέναι
1333 822 1395 877 τό
1453 828 1579 878 ἴσον
1633 822 1742 894 πρό
1792 825 2016 879 ἐκείνου

152 927 204 966 75
234 915 336 966 τοῦ
375 909 605 980 χρόνον,
646 908 739 963 ὅτε
776 907 838 961 τό
878 911 1104 978 πρῶτον
1144 907 1362 971 ἰδόντες
1387 906 1454 961 τὰ
1482 913 1575 962 ἴσα
1616 909 2015 979 ἐνενοήσαμεν,

235 995 322 1050 ὅτι
367 993 623 1065 ὀρέγεται
668 994 772 1064 μὲν
819 992 1002 1046 πάντα
1049 992 1211 1046 ταῦτ’
1251 989 1395 1046 εἶναι
1441 986 1564 1047 οἷον
1611 991 1673 1047 τὸ
1712 997 1867 1063 ἴσον,
1906 995 2018 1063 ἔχει

236 1081 298 1136 δὲ
339 1079 725 1149 ἐνδεεστέρως.
786 1074 943 1131 ’Ἐστι
969 1081 1164 1131 ταῦτα.
1236 1075 1401 1131 Ἀλλὰ
1438 1076 1548 1148 μὴν
1585 1079 1679 1131 καὶ
1715 1077 1845 1132 τόδε
1883 1074 2017 1148 ὁμο-

237 1167 550 1234 λογοῦμεν,
600 1160 673 1233 μὴ
722 1160 969 1216 ἄλλοθεν
1017 1159 1154 1215 αὐτὸ
1196 1163 1624 1232 ἐννενοηκέναι,
1663 1162 1803 1233 μηδὲ
1841 1163 2017 1215 δυνα-

236 1251 338 1304 τόν
385 1245 532 1303 εἶναι
580 1249 877 1316 ἐννοῆσαι,
926 1244 1051 1300 ἀλλ’
1089 1247 1125 1317 ἢ
1175 1248 1238 1300 ἐκ
1285 1251 1387 1300 τοῦ
1435 1248 1579 1301 ἰδεῖν
1615 1247 1652 1317 ἢ
1690 1246 1946 1314 ἅψασθαι
1981 1246 2019 1317 ἢ

235 1337 298 1390 ἐκ
335 1354 489 1397 τινος
526 1331 698 1401 ἄλλης
733 1334 849 1384 τῶν
887 1331 1236 1402 αἰσθήσεων·
1279 1330 1487 1386 ταύτὸν
1523 1332 1585 1387 δὲ
1622 1332 1805 1386 πάντα
1842 1336 2019 1386 ταῦτα

237 1418 401 1488 λέγω.
462 1414 683 1471 Ταύτὸν
718 1417 828 1486 γάρ
869 1417 1042 1486 ἐστιν,
1082 1411 1125 1470 c3
1165 1416 1492 1487 Σώκρατες,
1533 1417 1673 1487 πρός
1709 1437 1774 1486 γε
1811 1415 1844 1470 ὃ
1879 1417 2020 1487 βού-

356 1591 405 1635 Ε.
437 1603 462 1632 ο
476 1586 565 1632 ἴον
589 1585 720 1631 ἐκεῖ
725 1605 751 1632 ν
763 1589 803 1643 ο]
828 1591 942 1631 Libri
964 1589 1068 1632 ἴσον
1089 1587 1194 1633 οἷον
1216 1584 1385 1633 ἐκεῖνο.
1409 1592 1536 1631 Recte
1551 1590 1766 1644 Mudgius,
1781 1590 2019 1640 Fischerus,

239 1647 608 1713 Wyttenbaohius,
642 1647 881 1701 Heindorf„
913 1648 1092 1692 Bekker.
1119 1646 1223 1690 ἴσον
1245 1648 1471 1688 delendum
1495 1656 1765 1691 censuerunt.
1806 1647 1933 1689 Unois
1954 1648 2019 1689 in-

237 1705 726 1803 GIUSchz'Iezng·tofivov
766 1759 910 1814 πεπ.]
954 1754 1009 1801 τό
1048 1773 1130 1804 om.
1160 1762 1260 1804 Vat.
1290 1762 1399 1804 Ven.
1425 1761 1474 1802 Π
1507 1761 1634 1804 Vind.
1659 1761 1697 1803 Φ
1736 1761 1883 1803 Ambr.
1913 1762 2019 1804 Tub.

238 1818 350 1862 Flor.
374 1818 415 1861 d.
458 1818 589 1858 Recte
610 1817 806 1858 fortasse.
830 1818 942 1859 conf.
967 1818 1020 1858 ad
1040 1819 1191 1871 Remp.
1215 1819 1305 1860 VII.
1328 1829 1371 1870 p.
1397 1819 1479 1860 536
1501 1819 1547 1859 B.
1593 1817 1741 1871 Symp.
1763 1831 1807 1872 p,
1832 1820 1912 1861 175
1935 1819 1981 1863 Β.

239 1960 294 2000 ad
314 1959 435 1999 ideae
462 1959 766 2012 perfectionem
792 1972 840 1999 ae
861 1965 1085 2013 praestan-

240 2017 341 2057 tiam
400 2014 647 2081 accedunt).
734 2016 1087 2057 Heindoifius

240 2074 372 2113 eiecto
413 2065 480 2125 μή
519 2072 771 2125 corrigebat:
817 2063 869 2132 ἢ
877 2066 1012 2114 ἐνδεῖ
1043 2087 1089 2114 τι

241 2122 404 2171 ἐκεῖνα
445 2127 530 2170 τοῦ
571 2127 792 2171 τοιοῦτον
823 2132 951 2171 εἰναι
985 2125 1089 2171 οἷον

241 2179 292 2227 τὸ
317 2184 436 2226 ἰ’.σον

300 2235 581 2306 βούλεται
640 2237 743 2295 μὲν
803 2241 975 2284 τοῦτο
1017 2240 1088 2296 -]

240 2299 383 2339 Verba
404 2291 670 2352 βούλεσθαι
690 2305 730 2339 et
751 2292 942 2341 ἐθέλειν
966 2300 1088 2340 etiam

242 2355 294 2395 de
314 2355 442 2395 rebus
473 2355 711 2396 inanimatis
736 2358 931 2410 usurpari
956 2357 1089 2397 docu-

242 2419 364 2453 erunt
392 2412 501 2452 intel
504 2423 576 2465 pp.
608 2413 661 2452 ad
700 2412 873 2466 Gregor.
904 2413 1088 2454 Corinth.

242 2482 283 2522 p.
309 2470 390 2510 135
414 2481 477 2519 sq.
502 2475 542 2507 et
563 2469 617 2508 ad
639 2469 784 2521 Vige1.
808 2483 851 2523 p.
876 2471 972 2511 736.

297 2554 344 2596 E.
394 2546 491 2594 τὸν
532 2551 702 2595 τοῦτο
722 2547 1085 2623 ἐννοοῦντα]

242 2611 365 2658 Quod
387 2617 509 2650 antea
531 2602 738 2650 dixerat‘
718 2604 837 2651 όταν
859 2625 930 2659 τις
948 2634 999 2639 -
1017 2605 1090 2652 ἐν-

241 2659 407 2720 νοήσῃ,
432 2666 475 2705 id
496 2679 609 2705 nune
630 2667 875 2719 parenthesi
896 2668 1090 2707 absoluta

241 2723 365 2761 iterat
386 2734 501 2761 more
523 2723 751 2762 admodum
774 2723 998 2790 frequenti

284 2771 685 2845 ἐνδεεστέρως
708 2773 769 2819 δὲ
801 2774 1028 2832 ἔχειν]ἰ.
1053 2793 1089 2818 r.

242 2822 300 2874 οὗ
325 2828 378 2874 δὲ
402 2826 499 2875 ἐνδ.
526 2829 653 2886 ἔχειν
675 2834 809 2887 φησί.
836 2849 873 2874 ν.
899 2849 940 2887 p.
966 2837 1018 2876 65
1039 2837 1088 2875 A.

241 2903 284 2942 p.
321 2891 375 2931 82
414 2889 448 2928 D
491 2890 587 2932 coll.
610 2890 801 2956 ‚Mattffh
847 2892 887 2939 §2
917 2893 1016 2931 428
1049 2894 1089 2933 ⁶2.

244 2947 438 2987 Ceterum
466 2952 565 3005 post
593 2939 862 3000 αναγκαίόν
897 2960 991 2988 που
1028 2950 1090 2988 in-

244 3003 421 3056 tellegas
455 2997 596 3054 εἶναι,
627 3009 671 3043 ut
694 3017 736 3056 p
762 3005 840 3043 111
864 3004 914 3045 A.
958 3005 1070 3058 legg,

243 3059 318 3100 IX.
348 3072 394 3113 p.
415 3060 497 3100 872
519 3059 572 3110 E,
606 3071 714 3109 quae
751 3060 910 3112 ellipsis
947 3062 1087 3114 paullo

244 3116 376 3156 rarior
397 3122 474 3159 est.
515 3115 605 3156 Nisi
633 3116 739 3156 forte
768 3117 966 3158 malueris
996 3131 1089 3159 ora-

245 3173 403 3213 tionem
426 3180 577 3226 puta1e
599 3164 954 3215 ανακόλουθον.

299 3257 346 3296 P.
376 3257 445 3299 75.
508 3248 595 3298 ότι
655 3250 925 3317 ὀρέγεται
985 3257 1087 3314 μὲν

242 3305 619 3355 πάνταταῦτ’
644 3309 817 3369 εἶναι]
842 3316 883 3357 h.
898 3330 933 3359 e
957 3316 1085 3357 haec

244 3370 417 3410 omnia
453 3363 530 3420 (τα
560 3369 659 3421 ἴσα)
688 3379 942 3426 appetere
978 3374 1085 3426 ipsi

243 3425 593 3479 aequalitatis
632 3428 1083 3471 f0r111aefie1isi—

1174 1959 1320 1999 milia
1357 1971 1447 1998 neo
1488 1967 1658 1999 tamen
1688 1959 1811 2000 fieri
1846 1973 2019 2014 posse.

1177 2015 1281 2057 Cum
1306 2016 1417 2056 enim
1441 2029 1493 2056 ex
1516 2017 1723 2057 sententia
1744 2017 1932 2058 Platonis
1953 2031 2021 2059 res

1176 2073 1374 2114 sensibus
1414 2073 1626 2114 subiectae
1665 2073 1721 2114 ad
1756 2079 2022 2116 aeternarum

1177 2131 1423 2180 formarum,
1466 2142 1572 2180 quas
1612 2125 1748 2179 ἰδέας
1775 2131 2020 2185 appellavit,

1180 2187 1422 2240 exemplum
1472 2199 1704 2240 expressae
1758 2187 1865 2238 sint,
1926 2187 2024 2229 illae

1177 2256 1291 2283 nuno
1332 2243 1529 2284 dicuntur
1567 2244 1622 2284 ad
1651 2243 1800 2285 harum
1828 2244 2023 2286 virtutem

1177 2309 1217 2340 et
1255 2300 1557 2353 praestantiam
1601 2302 1721 2352 quasi
1767 2302 2023 2343 contendere

1177 2364 1217 2398 et
1256 2358 1478 2411 pervenire
1520 2357 1713 2410 studere,
1763 2370 1842 2398 neo
1880 2366 2022 2400 tamen

1176 2421 1350 2469 propter
1371 2420 1546 2454 naturae
1575 2426 1677 2455 suae
1698 2389 2021 2456 imbecillitatem

1176 2483 1366 2522 unquam
1394 2470 1509 2510 illam
1547 2472 1761 2535 assequi.
1776 2473 1892 2512 Idem
1922 2485 2024 2514 mox

1177 2528 1209 2567 B
1241 2527 1501 2596 significatur
1529 2528 1693 2569 verbis:
1733 2541 1806 2570 οτι
1837 2530 2021 2582 προθυ-

1178 2586 1340 2651 μεῖται
1370 2579 1457 2637 μὲν
1487 2577 1647 2652 πᾴντα
1670 2583 1872 2626 τοιαῦτα
1895 2581 2020 2628 εἶναι

1178 2635 1281 2681 οἷον
1313 2633 1484 2692 ἐκεῖνο,
1517 2636 1613 2681 ἔστι
1644 2636 1697 2682 δὲ
1720 2633 1871 2682 αὐτοῦ
1896 2656 2020 2695 φαν-

1178 2692 1360 2749 λότερα,
1393 2709 1502 2747 quae
1525 2696 1847 2761 Stephanum
1870 2700 2018 2740 viden-

1176 2759 1245 2792 tul
1275 2753 1484 2803 movisse,
1520 2761 1564 2792 ut
1595 2754 1719 2793 etiam
1742 2754 1808 2793 hie
1831 2756 2021 2796 seriben-

1178 2809 1277 2848 ‹lum
1301 2816 1466 2874 putaret
1487 2822 1645 2850 παντα
1667 2804 1854 2852 τοιαῦτ’
1879 2806 2020 2854 εἶναι.

1235 2857 1451 2905 ταύτὸν
1493 2860 1555 2906 δὲ
1595 2879 1784 2908 παντα
1835 2868 2020 2911 ταῦτα

1180 2918 1338 2975 λέγω]
1363 2921 1403 2965 h.
1417 2935 1452 2964 e.
1479 2922 1578 2961 nihil
1600 2931 1739 2963 autem
1764 2925 2021 2967 discriminis

1178 2978 1301 3017 dico
1292 2990 1334 3017 ιιι
1356 2978 1422 3018 his
1447 2979 1672 3020 sensibus
1661 2993 1805 3022 messe
1827 2982 1883 3022 ad
1903 2982 2020 3032 illud,

1177 3035 1290 3086 quod
1327 3035 1478 3076 dooere
1508 3048 1620 3076 nune
1649 3037 1837 3089 institui3
1881 3040 2021 3079 omnia

1177 3092 1286 3131 enim
1329 3093 1476 3132 eodem
1518 3093 1654 3133 redire
1693 3095 1887 3148 arbitror,
1930 3096 2021 3136 sive

1177 3148 1333 3197 oculis,
1376 3150 1465 3189 sive
1494 3157 1628 3198 tactu,
1660 3151 1750 3190 sive
1779 3151 1860 3192 alio
1889 3165 2019 3193 sensu

1174 3205 1333 3256 aliquid
1371 3206 1598 3260 percipias.
1640 3206 1768 3248 Cuius
1810 3208 2017 3262 interpre-

1174 3262 1346 3301 tationis
1387 3264 1604 3302 veritatem
1654 3270 1861 3304 testantur
1909 3277 2018 3315 quae

1174 3318 1373 3371 deinceps
1395 3320 1622 3362 adduntur.
1655 3320 1715 3359 De
1737 3323 2014 3362 constructio-

1171 3388 1254 3473 2}ss
1267 3377 1490 3483 therbornm
1533 3390 1571 3419 ν.
1598 3376 1845 3419 Matthiae
1874 3377 1947 3420 Gr.
1973 3379 2014 3432 §-
