2158 3718
305 2395 308 2398 ’
384 2403 452 2451 la,
506 2413 635 2454 quum
683 2403 778 2455 quis
825 2403 1069 2456 exemplum
1120 2401 1183 2443 rei

379 191 482 242 138
1007 184 1424 241 PLATONIS

363 331 570 410 “Rs-nep
614 339 701 404 τίς
742 327 814 404 ἦν
846 334 898 391 δ’
948 331 1068 404 ἐγώ.
1140 328 1346 407 Ὦςπερ
1374 332 1517 390 τόδε.
1553 331 1739 400 οἶσθ’,
1780 328 1868 388 ὅτι
1896 334 2055 401 ποίη-

378 425 462 484 σίς
504 425 618 477 ἐστι’
658 440 712 475 τι
754 417 915 475 πολύ.
961 416 996 486 ἡ
1034 415 1143 490 γάρ
1187 438 1276 473 τοι
1321 424 1378 473 ἐκ
1422 420 1524 474 τοῦ
1570 415 1645 489 μὴ
1691 413 1858 481 ὄντος
1881 422 1956 481 εὶς
1987 412 2052 472 τὸ

377 499 445 558 ὃν
487 501 630 560 ὶόντι
673 501 896 572 ὁτῳοῦν
938 506 1090 557 αἰτία
1134 500 1287 557 πᾶσοὶ
1332 508 1447 557 ἐστι
1488 506 1740 572 ποίησις,
1785 498 1917 566 ὥςτε
1952 502 2055 556 ’καὶ

377 593 437 642 αἱ
488 585 597 644 ὑπὸ
655 585 863 652 πὀἒσαις
919 595 1043 651 ταῖς
1096 589 1309 657 τέχναις
1363 589 1612 659 ἐργασίαι
1669 583 1913 654 ποιήσεις
1958 586 2056 640 εἰσὶ

378 674 471 727 καὶ
525 677 578 727 οἱ
635 668 845 726 τούτων
889 673 1211 742 δημιουργοὶ
1270 667 1472 734 πάντες
1513 672 1755 737 ποιηταί.
1834 668 2056 737 Ἀληθῆ

376 759 560 825 λέγεις.
638 752 787 810 Ἀλλ’
841 753 1013 827 ὅμως,
1059 746 1093 822 ἦ
1139 752 1189 809 δ’
1244 751 1306 822 ἦ,
1353 751 1536 819 οἷσθ’,
1581 750 1670 809 ὅτι
1711 751 1775 809 οὐ
1820 755 2058 809 καλοῦν-

376 860 470 893 ται
521 843 776 907 ποιηταί,
836 837 965 894 ἀλλ’
1031 834 1176 893 ἄλλα
1222 843 1434 910 ἔχουσιν
1489 836 1774 908 ὀνόματα,
1826 835 1941 894 ἀπὸ
1998 839 2056 893 δὲ

377 921 559 991 πάσης
613 926 714 991 τῆς
771 923 1040 991 ποιήσεως
1093 925 1152 978 ἓν
1204 920 1401 996 μόριον
1454 919 1780 997 ἀφορισθέν
1829 918 1893 976 τὸ
1937 924 2060 995 περὶ

378 1005 482 1076 τὴν
523 1003 793 1080 μουσικὴν
848 1010 942 1063 καὶ
1001 1004 1070 1062 τὰ
1129 1013 1301 1080 μέτρα
1362 1008 1439 1076 τῷ
1498 1002 1776 1081 τοῦὸὅλου
1821 1001 2059 1076 ὀνόματι

378 1091 865 1165 προςαγορεύεται.
922 1096 1141 1160 ποίησις
1200 1089 1308 1164 γὰρ
1363 1093 1536 1147 τοῦτο
1578 1089 1756 1162 μόνον
1798 1091 2058 1156 καλεῖται,

325 1223 332 1228 .
379 1178 474 1231 καὶ
505 1182 558 1233 οἱ
584 1180 803 1248 ἔχοντες
829 1178 998 1232 τοῦτο
1027 1173 1092 1232 τὸ
1121 1173 1321 1249 μόριον
1365 1177 1464 1242 τῆς
1506 1171 1774 1242 ποιήσεως
1812 1177 2057 1242 ποιηταί.

372 1258 594 1329 Ἀληθῆ
652 1263 851 1333 λέγεις,
910 1265 1066 1338 ἔφην.
1170 1257 1324 1317 Οὕτω
1394 1263 1582 1315 τοίνυν
1635 1261 1729 1315 καὶ
1782 1260 1905 1332 περὶ
1959 1256 2061 1314 τὸν

491 1480 654 1584 ἦνγῐᾶρ
673 1483 842 1583 τοιἙξΙκ
871 1487 983 1583 τιρῦ
997 1482 1060 1539 pu]
1093 1499 1136 1524 τι
1159 1481 1288 1525 Bodl.
1308 1481 1404 1524 vat.
1421 1484 1476 1524 Δ.
1497 1479 1927 1526 Ριιῐ,1)ΕΚ.Αῐιιδι·.
1951 1483 2059 1534 Ang.

379 1552 420 1582 ιι
433 1552 484 1583 w,
543 1554 566 1582 a
615 1553 640 1582 n
667 1554 693 1595 p
718 1553 740 1582 r
825 1553 874 1583 or
955 1555 967 1583 ι

492 1626 541 1667 C.
595 1624 726 1666 Ἀλλ’
745 1624 937 1697 ὅμως,
978 1631 1001 1679 ἦ
1044 1625 1087 1668 δ’
1130 1643 1182 1700 η,
1235 1624 1383 1667 οἷσθ’
1429 1622 1550 1694 5101
1590 1624 1820 1667 Bekkerus
1862 1636 1941 1679 pro
1976 1621 2059 1677 ἤδη

383 1683 571 1725 correxit
601 1678 629 1736 ἧ
660 1682 699 1723 δ’
740 1681 779 1736 ἥ.
841 1685 930 1726 Sed
965 1697 1096 1738 quum
1130 1702 1150 1737 η
1188 1682 1230 1724 δ’
1269 1681 1320 1730 ὄ’ς
1354 1688 1397 1725 et
1425 1684 1503 1736 ἔφη
1539 1684 1578 1724 in
1611 1687 1730 1724 recta
1761 1683 1957 1724 oratione
1986 1694 2058 1723 su-

382 1740 510 1782 binde
548 1741 797 1793 omittatur,
839 1742 967 1784 veluti
1001 1741 1055 1784 de
1084 1742 1196 1796 Rep.
1226 1741 1297 1784 IV.
1327 1754 1369 1809 p.
1402 1739 1488 1785 425
1533 1741 1585 1783 C.
1618 1754 1656 1782 v.
1690 1754 1734 1795 p.
1765 1739 1865 1784 459.
1897 1742 1946 1780 Α.
1979 1738 2061 1780 du·

383 1798 520 1840 bitare
549 1798 703 1851 aliquis
733 1799 888 1852 possit,
918 1812 1018 1841 num
1050 1798 1127 1841 hac
1161 1811 1272 1854 opus
1303 1799 1359 1840 sit
1392 1799 1643 1841 mutatione.
1703 1797 1853 1850 Neque
1883 1810 1935 1838 ea
1957 1808 2063 1850 pro-

383 1855 486 1897 bata
527 1860 596 1897 est
635 1856 895 1898 Buttmanno
933 1857 1172 1901 Grammat.
1217 1857 1346 1910 ampl.
1386 1855 1439 1899 T.
1466 1855 1521 1898 11.
1561 1857 1612 1897 P.
1645 1856 1697 1898 ll.
1744 1869 1784 1909 p.
1817 1853 1915 1899 430-
1930 1885 1943 1906 ,
1987 1854 2063 1907 qui

384 1917 577 1955 veterum
611 1915 990 1967 grammaticorum
1031 1915 1159 1956 affert
1199 1915 1444 1956 testimonia
1475 1908 1503 1966 ἧ
1534 1912 1578 1955 δ’
1613 1909 1662 1962 ὃς
1691 1913 1819 1955 etiam
1851 1911 1906 1953 de
1936 1910 2064 1953 semi-

384 1971 449 2012 nis
491 1975 740 2025 usurpatum
779 1985 877 2014 esse
913 1972 1228 2014 affirmantium.
1308 1971 1467 2013 Verum
1519 1970 1678 2012 luorum
1714 1968 2062 2018 testimoniorum

383 2040 471 2070 non
502 2041 555 2070 ea
586 2034 654 2070 est
694 2029 784 2080 vis,
826 2035 876 2071 ut
912 2042 997 2072 non
1037 2031 1139 2071 item
1172 2023 1200 2082 ἧ
1232 2026 1285 2070 δ’
1307 2026 1336 2081 ἧ’
1372 2036 1626 2098 usurpatum
1670 2040 1767 2071 esse
1803 2019 1982 2069 credere
2012 2026 2063 2068 li-

384 2090 497 2128 ceat.
558 2086 698 2130 Quam
731 2087 917 2129 otiosum
949 2092 1092 2131 autem
1125 2091 1169 2128 et
1198 2087 1428 2128 molestum
1465 2087 1520 2129 sit
1548 2085 1661 2128 istud
1692 2085 1795 2139 ἤδη,
1832 2096 1965 2139 quum
1997 2082 2064 2126 hic

385 2148 475 2185 tum
507 2144 694 2186 maxime
715 2144 866 2198 infrap
872 2144 997 2190 ,206.
1015 2144 1066 2186 Β.
1086 2145 1323 2198 intelligere
1354 2144 1465 2186 lieet.
1525 2144 1634 2186 Dein
1664 2155 1742 2198 pro
1762 2143 1907 2196 ἔχουσι
1934 2140 2064 2185 Bodl.

385 2199 481 2243 Vat.
497 2203 548 2244 A.
571 2200 748 2245 Vind.2.
772 2202 860 2244 Par
885 2202 986 2245 DK.
1011 2208 1172 2258 Ang.u.
1193 2202 1284 2246 Vat.
1298 2215 1340 2257 p.
1359 2206 1402 2244 et
1423 2215 1485 2257 pr.
1507 2201 1673 2245 Ven-Z.
1705 2199 1881 2247 ἕξουσιν.

1370 2341 1538 2397 p..511
1572 2342 1630 2384 A·
1665 2339 1739 2384 ὅτι
1765 2318 1820 2384 ’τὸ
1851 2338 1936 2386 ὑπὸ
1971 2345 2064 2391 ταῖς

1266 2400 1544 2469 γεωμετρίαις
1573 2399 1723 2454 λέγεις.

385 2432 527 2500 afferri
557 2459 698 2512 iubet,
737 2472 776 2503 v.
819 2459 1180 2514 Hoogeveen.
1324 2458 1376 2500 D.
1449 2455 1516 2498 τὸ
1579 2459 1692 2512 μὲν
1752 2455 2065 2511 κεφάλαιόν

429 2340 490 2383 ’Ώ
502 2358 521 2388 ς
533 2358 562 2384 τι
578 2359 594 2384 ε
606 2358 630 2399 ρ
661 2361 684 2385 τ
697 2343 760 2398 ίς]
791 2343 992 2397 frequens
1017 2342 1183 2386 formu·
1266 2342 1339 2385 VI.

385 2514 439 2557 ad
475 2515 614 2569 Viget.
646 2530 686 2571 p.
709 2516 807 2561 572.

444 2570 536 2614 δ’τι.
576 2575 797 2628 ποίησίς
839 2574 964 2616 ἔστί
999 2589 1052 2616 τι
1093 2589 1182 2615 πο-

386 2629 471 2682 λύ]
523 2629 560 2673 Ιι.
603 2644 640 2672 e.
694 2633 992 2685 multiplex
1033 2631 1183 2685 quid-

388 2686 509 2727 dam
551 2692 604 2728 et
650 2689 760 2730 late
808 2693 1029 2742 patens,
1083 2688 1183 2740 quia

387 2742 511 2783 huius
540 2745 737 2786 vocabuli
778 2745 1028 2798 significatio
1064 2744 1182 2785 latis-

388 2800 496 2840 sime
529 2805 661 2853 patet.
723 2801 797 2842 Sic
828 2800 962 2845 πολύς
992 2801 1181 2855 positum

386 2855 598 2912 Politic.p
603 2857 722 2902 .282.
734 2862 782 2898 A.
806 2858 872 2899 De
893 2858 1007 2911 Rep.
1032 2857 1124 2898 Vll.
1139 2870 1181 2910 p.

386 2912 486 2958 526.
519 2913 570 2955 E·
631 2915 697 2957 De
738 2915 943 2969 proximis
988 2913 1180 2968 Sophist.

387 2984 428 3025 p·
446 2970 544 3015 219.
570 2971 631 3017 Bt
664 2976 747 3014 πᾶν
779 2970 886 3027 ὅπερ
909 2987 961 3012 αν
981 2970 1038 3024 μὴ
1074 2969 1184 3026 πρό-

387 3027 516 3083 τερόν
545 3044 611 3076 τις
642 3046 695 3070 ον
723 3028 901 3083 ὕστερον
944 3029 1002 3077 εἰς
1032 3028 1184 3071 οὐσίαν

387 3085 610 3158 &mh-151»
638 3088 712 3142 μὲν
742 3086 904 3142 ἅγοιτα
933 3092 1092 3139 ποιεῖν,
1129 3103 1180 3129 το

393 3143 438 3184 δὲ
471 3143 684 3200 ἅγᾶμειον
717 3146 950 3185 ποιεῖσθαί
982 3144 1068 3185 πού
1100 3161 1186 3199 φα-

388 3203 615 3255 μεν.Αά
657 3203 787 3244 verba
827 3202 875 3241 αἱ
911 3199 996 3242 υπὸ
1031 3200 1186 3249 πάσαις

389 3261 558 3327 τέχναις
579 3259 774 3314 ἐργασίαι
792 3259 1024 3301 contendas
1050 3260 1185 3314 Hipp.

390 3316 483 3360 mai.
503 3334 543 3374 p
557 3317 656 3363 295.
678 3318 734 3359 D:
769 3315 934 3373 ὄργανα
967 3333 1108 3358 navza
1131 3334 1182 3358 τα

392 3388 436 3413 ῑδ
467 3394 551 3418 vno
599 3381 651 3429 τοῖ
688 3379 870 3431 μουσικῇ
909 3373 979 3414 καὶ
1009 3374 1061 3414 τὰ
1095 3372 1183 3414 ὑπο

393 3441 490 3481 ταῖς
531 3433 680 3482 ἄλλαις
720 3437 896 3486 τέχναις.
968 3432 1030 3474 De
1071 3431 1183 3487 Rep.

1266 2515 1422 2557 ἔστιν
1449 2539 1507 2546 -
1535 2513 1725 2569 παντί]
1762 2517 1812 2558 in
1846 2515 2064 2557 univer-

1268 2586 1387 2616 sum
1429 2571 1649 2627 quidem
1690 2573 1866 2614 omnis
1894 2572 2063 2613 bono-

1267 2642 1378 2671 rum
1431 2643 1495 2671 ac
1547 2628 1847 2671 felicitatis
1895 2641 2062 2682 appe-

1268 2687 1403 2728 titio
1444 2685 1741 2738 unicuique
1787 2685 2062 2727 maximus

1267 2748 1356 2784 est
1395 2748 1558 2796 atque
1600 2742 1836 2786 dolosus
1883 2748 2062 2794 Amor,

1266 2799 1294 2841 i.
1328 2812 1362 2841 e.
1413 2801 1453 2840 in
1483 2799 1725 2842 universum
1768 2800 1953 2853 quaevis
1981 2800 2063 2842 bo-

1267 2869 1418 2898 norum
1467 2869 1519 2898 ac
1575 2856 1790 2899 felicitatis
1852 2857 2063 2912 cupiditas

1268 2914 1420 2967 cuique
1451 2927 1573 2956 amor
1602 2921 1670 2956 est
1693 2915 1902 2956 maximus
1932 2920 2064 2968 atque

1267 2972 1516 3014 insidiosus.
1584 2971 1802 3026 lungenda
1851 2973 1980 3014 verba
2022 2972 2065 3013 in

1269 3028 1380 3071 hunc
1410 3029 1612 3071 modum=
1643 3029 1693 3070 τὸ
1726 3033 1800 3086 μὲν
1831 3028 2065 3082 κεφάλαιον

1270 3085 1292 3138 ἡ
1326 3091 1409 3127 τῶν
1435 3085 1618 3140 ἀγαθῶν
1641 3086 1712 3127 καὶ
1741 3087 1822 3129 τοῦ
1851 3086 2062 3141 εὐδαιμο-

1268 3149 1354 3185 νεῖν
1382 3146 1599 3199 ἐηιθυμία
1638 3144 1731 3186 ἐστὶ
1772 3143 1899 3185 παντὶ
1929 3143 1952 3186 ὁ
1983 3145 2062 3200 μέ-

1269 3201 1418 3257 γιστός
1447 3217 1492 3243 τε
1522 3201 1594 3242 καὶ
1622 3201 1796 3257 δολερὸς
1825 3201 1940 3255 ἔρως.
1996 3201 2062 3243 De

1271 3260 1451 3301 articulo
1503 3259 1749 3314 praedicato
1803 3259 1972 3301 adiecto
2019 3271 2059 3297 v,

1270 3317 1425 3359 Rost.
1457 3318 1534 3359 Gr.
1561 3317 1596 3370 §.
1617 3316 1685 3362 98.
1718 3319 1767 3360 Α,
1799 3330 1837 3371 p.
1858 3314 1956 3358 447.
1990 3315 2062 3356 ed.

1270 3374 1312 3418 4.
1350 3375 1619 3417 Matthiae
1659 3374 1735 3415 Gr.
1769 3373 1863 3419 268.
1899 3379 1943 3415 et
1970 3377 2061 3415 not.

1273 3431 1325 3475 ad
1356 3432 1494 3487 Gorg.
1524 3430 1676 3486 p.491.
1695 3430 1731 3473 E
1796 3430 1964 3474 Tribuit
1985 3443 2062 3473 au-
