2222 3762
408 111 441 162 8
874 103 1485 160 PROLEGOMENA
1521 103 1632 156 AD

412 268 539 303 nam
586 248 666 300 illi
714 247 851 315 sint,
919 247 1013 316 qui
1059 245 1128 300 ad
1177 264 1358 300 mores
1405 244 1700 301 iuventutis
1750 243 2104 318 corrigendos

413 329 578 391 atque
606 315 981 372 vemend-andos
1015 337 1235 388 operam
1275 337 1428 372 suam
1483 325 1648 387 atque
1697 315 1940 388 studium
1977 335 2106 371 eon-

413 393 593 447 ferant
629 389 706 461 (p.
748 391 833 443 ⁶24.
869 387 933 446 C.
970 420 1037 430 --
1078 390 1162 444 25.
1195 387 1305 458 0.).
1381 389 1674 442 Praeterea
1711 407 1829 442 esse
1873 387 2108 442 hominis

413 462 554 516 male
587 461 802 530 terimi,
853 478 1200 531 corrumpere
1246 459 1585 513 iuventutem
1622 459 1880 528 studere,
1936 478 2109 530 quan-

416 531 714 602 doquidem
753 550 941 585 omnes
981 541 1129 586 certe
1166 530 1358 584 malint
1390 531 1534 584 inter
1571 530 1718 585 cives
1756 528 1895 584 bene
1931 549 2110 584 mora·

414 612 501 658 tos
539 622 702 675 quam
738 601 881 656 inter
914 602 1191 673 improbos
1229 602 1430 656 vivere.
1503 601 1566 657 Si
1615 610 1795 655 autem
1830 621 1930 674 per
1964 601 2110 654 frau-

417 674 540 729 dem
586 683 643 727 et
692 692 924 726 errorem
977 673 1082 727 sibi
1119 671 1407 742 acciderit,
1462 681 1525 726 ut
1571 671 1942 729 adolescentes
1990 691 2112 727 cor-

415 752 722 818 rumperet,
784 742 1042 804 debuisse
1102 752 1250 798 certe
1296 744 1562 798 Meletum
1625 743 1802 814 ipsum
1858 743 2114 817 privatim

416 816 707 870 admonere
757 822 814 868 et
859 814 1084 868 meliora
1122 813 1386 885 edocere,
1436 835 1546 870 non
1598 814 1816 885 publice
1851 833 2111 870 accusare

417 891 498 959 (p.
531 888 624 941 ⁴25.
663 883 727 942 C.
755 916 818 924 -—-
845 885 930 940 26.
963 885 1076 954 B.).
1114 918 1184 926 --
1255 886 1375 941 Iam
1412 906 1543 942 vero
1580 886 1627 938 si
1666 895 1957 956 quaeratur
1993 886 2114 956 qui-

415 959 645 1012 bus-nam
692 956 857 1011 rebus
907 965 964 1011 et
1009 973 1244 1028 quonam
1296 958 1460 1013 modo
1495 957 1834 1012 iuventutem
1871 977 2113 1012 eorrum-

416 1037 542 1102 pat,
589 1027 874 1083 formulam
923 1030 1289 1084 accusationis
1340 1031 1459 1085 eius
1506 1028 1585 1082 rei
1637 1048 1862 1084 caussas
1917 1028 2115 1082 exinde

414 1108 694 1171 repetere,
746 1098 896 1169 quod
933 1100 1183 1171 publicos
1223 1101 1356 1156 deos
1396 1121 1503 1155 non
1542 1107 1783 1170 statuat,
1831 1100 1930 1155 sed
1975 1119 2115 1154 sern-

416 1192 515 1245 per
550 1171 891 1227 daemonium
933 1170 1192 1242 quiddam
1230 1173 1285 1227 in
1312 1192 1405 1226 ore
1434 1171 1649 1227 habeat.
1725 1171 1798 1227 Se
1836 1191 1966 1226 vero
2003 1171 2116 1243 pri-

416 1263 564 1298 mum
610 1241 832 1312 quidem
877 1255 1158 1297 asseverat
1205 1244 1419 1313 Solem,
1468 1244 1902 1311 Lunam,walios
1961 1243 2116 1310 deOS,

413 1335 517 1388 pro
552 1313 867 1368 numinibus
907 1313 1107 1368 habere
1154 1335 1334 1385 neque
1384 1316 1438 1368 in
1476 1317 1844 1386 Anaxagorae
1892 1333 2116 1369 eonces-

416 1387 556 1441 sisse
594 1384 949 1453 sententiam,
1001 1386 1095 1455 qui
1130 1387 1453 1457 corporibus
1493 1387 1823 1457 coelestibus
1862 1385 2118 1440 divinita·-

414 1465 530 1512 2tem
566 1466 814 1528 ereptum
852 1457 1012 1510 iverit
1051 1458 1126 1528 (p.
1152 1461 1238 1514 26.
1263 1459 1330 1511 B.
1358 1489 1430 1498 -—
1455 1458 1570 1528 Ε..)
1623 1459 1918 1511 Praeterea
1953 1457 2117 1512 etiam

413 1542 793 1583 accusatorem
830 1529 1013 1600 arguit
1046 1531 1288 1600 proferre
1325 1531 1657 1602 pugnantia,
1706 1529 1933 1601 perinde
1970 1548 2035 1587 ac
2071 1529 2119 1583 si

421 1600 569 1655 dicat
604 1599 887 1665 Socratem
925 1599 1087 1672 impie
1147 1621 1346 1673 agere,
1399 1600 1546 1672 quod
1584 1601 1717 1655 deos
1766 1601 1946 1655 nullos
1999 1620 2119 1655 esse
2166 1658 2174 1663 ,

419 1671 637 1740 credat,
686 1679 741 1726 et
788 1678 970 1726 tam-en
1023 1672 1155 1726 deos
1205 1692 1322 1727 esse
1372 1672 1578 1726 credat.
1661 1671 1805 1726 Nam
1851 1672 2120 1726 Meletum

418 1744 596 1814 ipsum
632 1742 838 1815 largiri,
881 1761 1000 1797 sese
1041 1743 1385 1798 daemonium
1423 1744 1537 1798 sive
1577 1744 1819 1797 divinum
1858 1742 2119 1813 quiddam

418 1813 658 1871 credere.
742 1815 860 1869 Iam
914 1834 1044 1868 vero
1099 1815 1263 1869 sicuti
1320 1816 1555 1869 humana
1600 1835 1757 1869 nemo
1793 1815 1973 1886 possit
2009 1822 2119 1868 sta-

419 1894 605 1953 tuere,
657 1885 762 1940 nisi
812 1886 907 1955 qui
955 1885 1084 1940 item
1135 1887 1381 1941 homines
1431 1906 1551 1941 esse
1604 1886 1821 1954 eredat,
1874 1894 1930 1939 et
1977 1905 2120 1955 quae

419 1957 531 2012 sint
566 1956 623 2010 id
662 1975 836 2029 genus
874 1957 980 2013 alia
1017 1958 1232 2027 similia,
1273 1960 1351 2012 ita
1388 1979 1490 2013 nec
1528 1958 1714 2012 divina
1751 1977 1916 2029 posse
1953 1957 2120 2011 statui

419 2027 526 2083 nisi
562 2029 630 2082 ab
668 2049 753 2097 ρο,
792 2029 888 2099 qui
920 2027 1056 2086 ‘deos
1095 2049 1215 2084 esse
1252 2030 1545 2084 arbitretur
1581 2034 1658 2101 (p.
1693 2030 1780 2082 26.
1819 2030 1886 2083 Ε.
1924 2060 1994 2069 --
2033 2029 2118 2082 27.

419 2100 536 2170 Ε..)
572 2130 645 2138 -
715 2099 990 2156 Absoluta
1026 2119 1155 2155 vero
1194 2108 1250 2155 et
1286 2101 1356 2155 ad
1392 2102 1555 2155 finem
1597 2099 1862 2173 perducta
1897 2099 2000 2154 hac
2037 2119 2122 2153 ar·-

410 2172 848 2242 ,gumentationffi
890 2171 1174 2226 dialectice
1200 2173 1375 2245 magis
1413 2192 1575 2243 quam
1613 2173 1848 2227 oratorie
1884 2178 2123 2226 tractata

419 2243 540 2312 illa,
579 2243 872 2297 revertitur
908 2242 978 2296 ad
1013 2243 1307 2298 simultatis
1345 2252 1400 2298 et
1436 2244 1748 2298 inimicitiae
1839 2243 2123 2298 ravitatem

410 2334 489 2369 >ex
534 2314 651 2368 suis
694 2315 943 2372 *consiliis
992 2315 1096 2369 sibi
1133 2317 1414 2370 subnatae.
1489 2315 1669 2385 Quam
1706 2316 1799 2386 qui
1842 2334 1927 2370 em
1964 2334 2121 2368 caus-

410 2406 537 2440 -sam
574 2387 689 2440 fore
727 2393 1056 2458 auguratur,
1117 2407 1215 2440 cur
1251 2387 1485 2457 denique
1522 2387 1795 2440 afficiatur
1830 2406 1893 2441 su
1938 2386 2120 2456 plicio.

421 2458 616 2527 Neque
653 2465 833 2514 tamen
870 2476 992 2511 sese
1033 2458 1111 2510 ait
1145 2459 1291 2511 vitae
1327 2465 1609 2511 anteactae
1637 2458 1749 2510 ullo
1788 2407 1950 2511 modb
1988 2468 2121 2527 poe-

412 2528 625 2594 nitere,
691 2528 896 2601 quippe
958 2547 1126 2597 quum
1182 2528 1318 2583 recti
1365 2528 1700 2582 conscientia
1751 2536 2121 2593 sustentetur3

416 2599 529 2654 :imo
568 2598 674 2650 sibi
711 2599 870 2670 plane
908 2599 985 2655 ita
1019 2617 1140 2653 esse
1176 2619 1494 2670 persuasum
1531 2608 1837 2668 asseverat,
1875 2606 1938 2653 ut
1976 2600 2121 2654 bono

414 2688 489 2722 ..ac
527 2670 762 2739 sapienti
817 2671 934 2724 viro
973 2690 1083 2723 non
1122 2671 1350 2741 periculi
1387 2679 1484 2724 aut
1517 2669 1823 2724 detrimenti
1862 2680 1958 2725 aut
1992 2691 2122 2742 snp-

415 2740 573 2813 zplicii
613 2748 668 2793 et
704 2741 913 2809 mortis,
953 2741 1051 2795 sed
1091 2741 1248 2796 unice
1279 2742 1497 2796 virtutis
1535 2751 1590 2795 et
1627 2742 1926 2797 honestatis
1955 2743 2121 2797 ratio-

415 2830 548 2867 ·nem
594 2811 900 2866 ducendam
949 2831 1070 2866 esse
1105 2812 1394 2868 existimet.
1470 2815 1665 2883 Itaque
1713 2833 1833 2867 sese
1873 2814 1977 2867 hac
2014 2815 2121 2866 frui

416 2881 561 2936 dicit
599 2883 763 2937 animi
796 2883 1206 2954 consolatione,
1261 2884 1408 2953 quod
1448 2893 1765 2941 constanter
1800 2886 2120 2954 fortiterque

425 2953 480 3006 in
520 2973 586 3010 ea
622 2954 766 3008 vitae
804 2955 1037 3010 statione
1074 2956 1459 3027 permanserit,
1510 2957 1564 3010 in
1604 2976 1713 3027 qua
1749 2954 1927 3028 ipsum
1966 2957 2121 3010 Deus

416 3024 805 3093 collocaverit,
857 3046 925 3080 ex
975 3046 1150 3096 eoque
1200 3026 1287 3082 vel
1339 3027 1571 3082 maxime
1621 3029 1965 3100 perspicuum
2003 3028 2120 3082 fore

423 3115 453 3149 s
491 3104 634 3163 erat,
687 3097 1017 3169 impietatem
1065 3098 1120 3151 in
1173 3098 1304 3154 deos
1341 3099 1442 3152 sibi
1483 3100 1746 3153 immerito
1787 3099 2118 3170 exprobrari.

423 3116 567 3223 §am
604 3187 717 3234 eos,
758 3169 853 3238 qui
890 3189 1020 3241 prae
1051 3178 1196 3223 metu
1225 3171 1415 3224 mortis
1454 3172 1522 3225 ab
1563 3171 1865 3225 honestatis
1905 3178 1959 3224 et
1994 3190 2121 3242 pro-

423 3237 612 3294 bitatis
661 3240 844 3294 studio
890 3241 1180 3309 recedant,
1242 3242 1431 3311 utique
1482 3243 1643 3314 impie
1693 3242 1897 3313 pariter
1955 3253 2120 3310 atque

424 3308 619 3367 stolide
677 3329 870 3383 agere,
933 3321 1226 3386 propterca
1290 3312 1467 3385 quod,
1546 3334 1708 3386 quum
1759 3313 2119 3386 improbitatis
