<?xml version="1.0" encoding="UTF-8"?>
<!DOCTYPE html PUBLIC "-//W3C//DTD XHTML 1.0 Transitional//EN"
    "http://www.w3.org/TR/xhtml1/DTD/xhtml1-transitional.dtd">
<html xmlns="http://www.w3.org/1999/xhtml" xml:lang="en" lang="en">
 <head>
  <title>
</title>
<meta http-equiv="Content-Type" content="text/html;charset=utf-8" />
  <meta name='ocr-system' content='tesseract 3.04.00' />
  <meta name='ocr-capabilities' content='ocr_page ocr_carea ocr_par ocr_line ocrx_word'/>
</head>
<body>
  <div class='ocr_page' id='page_1' title='image "./operaomniarecens01platuoft/operaomniarecens01platuoft_0340.png"; bbox 0 0 2158 3718; ppageno 0'>
   <div class='ocr_carea' id='block_1_1' title="bbox 278 163 1395 218">
    <p class='ocr_par' dir='ltr' id='par_1_1' title="bbox 278 163 1395 218">
     <span class='ocr_line' id='line_1_1' title="bbox 278 163 1395 218; baseline -0.001 -9"><span class='ocrx_word' id='word_1_1' title='bbox 278 165 314 218; x_wconf 89' lang='lat'>4</span> <span class='ocrx_word' id='word_1_2' title='bbox 903 163 1395 212; x_wconf 80' lang='lat' dir='ltr'>PROLEGOMENA</span> 
     </span>
    </p>
   </div>
   <div class='ocr_carea' id='block_1_2' title="bbox 721 350 1665 501">
    <p class='ocr_par' dir='ltr' id='par_1_2' title="bbox 721 350 1665 501">
     <span class='ocr_line' id='line_1_2' title="bbox 1003 350 1322 393; baseline -0.003 -2"><span class='ocrx_word' id='word_1_3' title='bbox 1003 350 1231 392; x_wconf 85' lang='lat' dir='ltr'>CAPUT</span> <span class='ocrx_word' id='word_1_4' title='bbox 1259 351 1322 393; x_wconf 93' lang='grc' dir='ltr'>ΙΙ.</span> 
     </span>
     <span class='ocr_line' id='line_1_3' title="bbox 721 422 1665 501; baseline -0.001 -1"><span class='ocrx_word' id='word_1_5' title='bbox 721 450 932 501; x_wconf 87' lang='lat' dir='ltr'>SUMMA</span> <span class='ocrx_word' id='word_1_6' title='bbox 974 449 1225 499; x_wconf 88' lang='lat' dir='ltr'>DIALOGl</span> <span class='ocrx_word' id='word_1_7' title='bbox 1263 449 1612 500; x_wconf 90' lang='lat' dir='ltr'>REFERTUR.</span> <span class='ocrx_word' id='word_1_8' title='bbox 1664 422 1665 425; x_wconf 8' lang='grc' dir='ltr'><strong>Ἴ</strong></span> 
     </span>
    </p>
   </div>
   <div class='ocr_carea' id='block_1_3' title="bbox 227 576 2048 3395">
    <p class='ocr_par' dir='ltr' id='par_1_3' title="bbox 277 576 2048 2485">
     <span class='ocr_line' id='line_1_4' title="bbox 421 576 2044 642; baseline -0.002 -13"><span class='ocrx_word' id='word_1_9' title='bbox 421 578 633 635; x_wconf 89' lang='lat' dir='ltr'>Phaedo,</span> <span class='ocrx_word' id='word_1_10' title='bbox 679 576 945 641; x_wconf 91' lang='lat' dir='ltr'>discipulus</span> <span class='ocrx_word' id='word_1_11' title='bbox 990 576 1231 634; x_wconf 83' lang='lat' dir='ltr'>SocratiS,</span> <span class='ocrx_word' id='word_1_12' title='bbox 1278 579 1362 641; x_wconf 93' lang='lat' dir='ltr'>qui</span> <span class='ocrx_word' id='word_1_13' title='bbox 1405 584 1573 642; x_wconf 85' lang='lat' dir='ltr'>postea</span> <span class='ocrx_word' id='word_1_14' title='bbox 1628 579 1807 627; x_wconf 88' lang='lat' dir='ltr'>exstitit</span> <span class='ocrx_word' id='word_1_15' title='bbox 1850 576 2044 626; x_wconf 90' lang='lat' dir='ltr'>scholae</span> 
     </span>
     <span class='ocr_line' id='line_1_5' title="bbox 280 647 2045 713; baseline -0.002 -14"><span class='ocrx_word' id='word_1_16' title='bbox 280 649 471 700; x_wconf 89' lang='lat' dir='ltr'>Eliacae</span> <span class='ocrx_word' id='word_1_17' title='bbox 498 654 685 706; x_wconf 79' lang='lat' dir='ltr'><strong>auctor,</strong></span> <span class='ocrx_word' id='word_1_18' title='bbox 714 663 809 711; x_wconf 91' lang='lat' dir='ltr'>quo</span> <span class='ocrx_word' id='word_1_19' title='bbox 838 653 1059 712; x_wconf 83' lang='lat' dir='ltr'>ternpore</span> <span class='ocrx_word' id='word_1_20' title='bbox 1085 647 1328 704; x_wconf 81' lang='lat' dir='ltr'>Phliunte,</span> <span class='ocrx_word' id='word_1_21' title='bbox 1358 649 1537 713; x_wconf 88' lang='lat' dir='ltr'>oppido</span> <span class='ocrx_word' id='word_1_22' title='bbox 1567 649 1837 713; x_wconf 82' lang='lat' dir='ltr'>Sicyoniae,</span> <span class='ocrx_word' id='word_1_23' title='bbox 1867 648 2045 712; x_wconf 83' lang='lat' dir='ltr'>hospes</span> 
     </span>
     <span class='ocr_line' id='line_1_6' title="bbox 281 718 2044 784; baseline -0.002 -14"><span class='ocrx_word' id='word_1_24' title='bbox 281 726 611 770; x_wconf 82' lang='lat' dir='ltr'>commoratus</span> <span class='ocrx_word' id='word_1_25' title='bbox 639 724 733 776; x_wconf 89' lang='lat' dir='ltr'>est,</span> <span class='ocrx_word' id='word_1_26' title='bbox 771 718 1029 768; x_wconf 90' lang='lat' dir='ltr'>Echecrati</span> <span class='ocrx_word' id='word_1_27' title='bbox 1054 718 1281 776; x_wconf 89' lang='lat' dir='ltr'>Phliasio,</span> <span class='ocrx_word' id='word_1_28' title='bbox 1310 719 1519 776; x_wconf 90' lang='lat' dir='ltr'>homini,</span> <span class='ocrx_word' id='word_1_29' title='bbox 1556 726 1611 768; x_wconf 93' lang='lat' dir='ltr'>-ut</span> <span class='ocrx_word' id='word_1_30' title='bbox 1635 719 1841 776; x_wconf 88' lang='lat' dir='ltr'>videtur,</span> <span class='ocrx_word' id='word_1_31' title='bbox 1871 719 2044 784; x_wconf 85' lang='lat' dir='ltr'>Pytha-</span> 
     </span>
     <span class='ocr_line' id='line_1_7' title="bbox 280 788 2044 855; baseline -0.002 -15"><span class='ocrx_word' id='word_1_32' title='bbox 280 793 476 855; x_wconf 86' lang='lat' dir='ltr'>goricae</span> <span class='ocrx_word' id='word_1_33' title='bbox 510 789 846 855; x_wconf 82' lang='lat' dir='ltr'>philosophiae</span> <span class='ocrx_word' id='word_1_34' title='bbox 881 789 1050 839; x_wconf 90' lang='lat' dir='ltr'>studiis</span> <span class='ocrx_word' id='word_1_35' title='bbox 1086 789 1271 847; x_wconf 86' lang='lat' dir='ltr'>dedito,</span> <span class='ocrx_word' id='word_1_36' title='bbox 1311 791 1512 854; x_wconf 91' lang='lat' dir='ltr'>eiusque</span> <span class='ocrx_word' id='word_1_37' title='bbox 1542 791 1714 840; x_wconf 87' lang='lat' dir='ltr'>amicis</span> <span class='ocrx_word' id='word_1_38' title='bbox 1750 805 1806 839; x_wconf 93' lang='lat' dir='ltr'>ac</span> <span class='ocrx_word' id='word_1_39' title='bbox 1843 788 2044 839; x_wconf 85' lang='lat' dir='ltr'>familia-</span> 
     </span>
     <span class='ocr_line' id='line_1_8' title="bbox 277 859 2045 925; baseline -0.001 -15"><span class='ocrx_word' id='word_1_40' title='bbox 277 862 415 911; x_wconf 87' lang='lat' dir='ltr'>ribus</span> <span class='ocrx_word' id='word_1_41' title='bbox 451 862 511 911; x_wconf 88' lang='lat' dir='ltr'>de</span> <span class='ocrx_word' id='word_1_42' title='bbox 532 861 744 910; x_wconf 89' lang='lat' dir='ltr'>Socratis</span> <span class='ocrx_word' id='word_1_43' title='bbox 771 875 928 925; x_wconf 82' lang='lat' dir='ltr'>nuper</span> <span class='ocrx_word' id='word_1_44' title='bbox 939 860 1141 910; x_wconf 83' lang='lat' dir='ltr'>Athenis</span> <span class='ocrx_word' id='word_1_45' title='bbox 1168 861 1260 909; x_wconf 90' lang='lat' dir='ltr'>vita</span> <span class='ocrx_word' id='word_1_46' title='bbox 1288 859 1502 909; x_wconf 83' lang='lat' dir='ltr'>defuncti</span> <span class='ocrx_word' id='word_1_47' title='bbox 1528 859 1710 910; x_wconf 83' lang='lat' dir='ltr'>ultimis</span> <span class='ocrx_word' id='word_1_48' title='bbox 1736 861 1873 909; x_wconf 89' lang='lat' dir='ltr'>dictis</span> <span class='ocrx_word' id='word_1_49' title='bbox 1899 867 2045 924; x_wconf 88' lang='lat' dir='ltr'>atque</span> 
     </span>
     <span class='ocr_line' id='line_1_9' title="bbox 279 931 2045 995; baseline -0.002 -14"><span class='ocrx_word' id='word_1_50' title='bbox 279 933 385 982; x_wconf 86' lang='lat' dir='ltr'>fatis</span> <span class='ocrx_word' id='word_1_51' title='bbox 419 947 627 982; x_wconf 89' lang='lat' dir='ltr'>narrans</span> <span class='ocrx_word' id='word_1_52' title='bbox 661 931 1005 981; x_wconf 87' lang='lat' dir='ltr'>introducitur.</span> <span class='ocrx_word' id='word_1_53' title='bbox 1061 931 1354 981; x_wconf 90' lang='lat' dir='ltr'>Convenisse</span> <span class='ocrx_word' id='word_1_54' title='bbox 1390 931 1505 980; x_wconf 91' lang='lat' dir='ltr'>dicit</span> <span class='ocrx_word' id='word_1_55' title='bbox 1547 931 1785 995; x_wconf 88' lang='lat' dir='ltr'>plurimos</span> <span class='ocrx_word' id='word_1_56' title='bbox 1829 932 2045 980; x_wconf 87' lang='lat' dir='ltr'>Socratis</span> 
     </span>
     <span class='ocr_line' id='line_1_10' title="bbox 278 1001 2046 1066; baseline -0.001 -14"><span class='ocrx_word' id='word_1_57' title='bbox 278 1003 541 1054; x_wconf 81' lang='lat' dir='ltr'>familiares</span> <span class='ocrx_word' id='word_1_58' title='bbox 568 1008 614 1052; x_wconf 89' lang='lat' dir='ltr'>et</span> <span class='ocrx_word' id='word_1_59' title='bbox 639 1004 821 1052; x_wconf 88' lang='lat' dir='ltr'>amicos</span> <span class='ocrx_word' id='word_1_60' title='bbox 847 1004 898 1051; x_wconf 93' lang='lat' dir='ltr'>in</span> <span class='ocrx_word' id='word_1_61' title='bbox 926 1003 1194 1052; x_wconf 84' lang='lat' dir='ltr'>custodiam</span> <span class='ocrx_word' id='word_1_62' title='bbox 1217 1003 1440 1060; x_wconf 82' lang='lat' dir='ltr'>carceriS,</span> <span class='ocrx_word' id='word_1_63' title='bbox 1464 1003 1513 1051; x_wconf 93' lang='lat' dir='ltr'>in</span> <span class='ocrx_word' id='word_1_64' title='bbox 1535 1017 1631 1066; x_wconf 86' lang='lat' dir='ltr'>quo</span> <span class='ocrx_word' id='word_1_65' title='bbox 1652 1001 1855 1052; x_wconf 88' lang='lat' dir='ltr'>vinculis</span> <span class='ocrx_word' id='word_1_66' title='bbox 1875 1007 2046 1066; x_wconf 87' lang='lat' dir='ltr'>captus</span> 
     </span>
     <span class='ocr_line' id='line_1_11' title="bbox 281 1072 2045 1137; baseline -0.001 -15"><span class='ocrx_word' id='word_1_67' title='bbox 281 1075 449 1132; x_wconf 86' lang='lat' dir='ltr'>fuerit,</span> <span class='ocrx_word' id='word_1_68' title='bbox 490 1089 599 1123; x_wconf 92' lang='lat' dir='ltr'>cum</span> <span class='ocrx_word' id='word_1_69' title='bbox 638 1073 744 1123; x_wconf 90' lang='lat' dir='ltr'>aliis</span> <span class='ocrx_word' id='word_1_70' title='bbox 780 1072 977 1131; x_wconf 88' lang='lat' dir='ltr'>diebus,</span> <span class='ocrx_word' id='word_1_71' title='bbox 1005 1079 1109 1122; x_wconf 91' lang='lat' dir='ltr'>tum</span> <span class='ocrx_word' id='word_1_72' title='bbox 1137 1089 1194 1122; x_wconf 92' lang='lat' dir='ltr'>eo</span> <span class='ocrx_word' id='word_1_73' title='bbox 1223 1073 1327 1128; x_wconf 89' lang='lat' dir='ltr'>die,</span> <span class='ocrx_word' id='word_1_74' title='bbox 1357 1087 1454 1137; x_wconf 91' lang='lat' dir='ltr'>quo</span> <span class='ocrx_word' id='word_1_75' title='bbox 1483 1074 1526 1122; x_wconf 91' lang='lat' dir='ltr'>ei</span> <span class='ocrx_word' id='word_1_76' title='bbox 1551 1088 1790 1122; x_wconf 87' lang='lat' dir='ltr'>venenum</span> <span class='ocrx_word' id='word_1_77' title='bbox 1818 1073 2045 1122; x_wconf 89' lang='lat' dir='ltr'>haurien-</span> 
     </span>
     <span class='ocr_line' id='line_1_12' title="bbox 281 1142 2044 1208; baseline -0.001 -14"><span class='ocrx_word' id='word_1_78' title='bbox 281 1145 397 1194; x_wconf 91' lang='lat' dir='ltr'>dum</span> <span class='ocrx_word' id='word_1_79' title='bbox 424 1145 593 1203; x_wconf 85' lang='lat' dir='ltr'>suerit,</span> <span class='ocrx_word' id='word_1_80' title='bbox 622 1144 774 1194; x_wconf 92' lang='lat' dir='ltr'>multo</span> <span class='ocrx_word' id='word_1_81' title='bbox 800 1159 959 1195; x_wconf 86' lang='lat' dir='ltr'>mane.</span> <span class='ocrx_word' id='word_1_82' title='bbox 1008 1144 1212 1194; x_wconf 88' lang='lat' dir='ltr'>Audisse</span> <span class='ocrx_word' id='word_1_83' title='bbox 1240 1147 1369 1193; x_wconf 89' lang='lat' dir='ltr'>enim</span> <span class='ocrx_word' id='word_1_84' title='bbox 1406 1146 1536 1208; x_wconf 85' lang='lat' dir='ltr'>ipsos</span> <span class='ocrx_word' id='word_1_85' title='bbox 1575 1159 1711 1194; x_wconf 90' lang='lat' dir='ltr'>sacra</span> <span class='ocrx_word' id='word_1_86' title='bbox 1743 1145 1850 1194; x_wconf 90' lang='lat' dir='ltr'>navi</span> <span class='ocrx_word' id='word_1_87' title='bbox 1880 1159 1905 1192; x_wconf 92' lang='lat' dir='ltr'>e</span> <span class='ocrx_word' id='word_1_88' title='bbox 1927 1142 2044 1193; x_wconf 90' lang='lat' dir='ltr'>Delo</span> 
     </span>
     <span class='ocr_line' id='line_1_13' title="bbox 278 1215 2045 1280; baseline -0.001 -16"><span class='ocrx_word' id='word_1_89' title='bbox 278 1215 435 1266; x_wconf 90' lang='lat' dir='ltr'>insula</span> <span class='ocrx_word' id='word_1_90' title='bbox 479 1230 676 1266; x_wconf 88' lang='lat' dir='ltr'>reversa</span> <span class='ocrx_word' id='word_1_91' title='bbox 725 1222 924 1280; x_wconf 88' lang='lat' dir='ltr'>postero</span> <span class='ocrx_word' id='word_1_92' title='bbox 975 1215 1052 1265; x_wconf 89' lang='lat' dir='ltr'>die</span> <span class='ocrx_word' id='word_1_93' title='bbox 1103 1216 1291 1265; x_wconf 89' lang='lat' dir='ltr'>Socrati</span> <span class='ocrx_word' id='word_1_94' title='bbox 1333 1215 1642 1266; x_wconf 88' lang='lat' dir='ltr'>moriendum</span> <span class='ocrx_word' id='word_1_95' title='bbox 1687 1215 1808 1264; x_wconf 86' lang='lat' dir='ltr'>fore.</span> <span class='ocrx_word' id='word_1_96' title='bbox 1877 1215 2045 1279; x_wconf 86' lang='lat' dir='ltr'>Itaque</span> 
     </span>
     <span class='ocr_line' id='line_1_14' title="bbox 281 1286 2044 1351; baseline -0.002 -15"><span class='ocrx_word' id='word_1_97' title='bbox 281 1302 452 1337; x_wconf 91' lang='lat' dir='ltr'>omnes</span> <span class='ocrx_word' id='word_1_98' title='bbox 479 1289 544 1336; x_wconf 89' lang='lat' dir='ltr'>ait</span> <span class='ocrx_word' id='word_1_99' title='bbox 569 1287 659 1336; x_wconf 90' lang='lat' dir='ltr'>sub</span> <span class='ocrx_word' id='word_1_100' title='bbox 686 1287 847 1351; x_wconf 90' lang='lat' dir='ltr'>ipsum</span> <span class='ocrx_word' id='word_1_101' title='bbox 875 1286 1143 1336; x_wconf 85' lang='lat' dir='ltr'>diluculum</span> <span class='ocrx_word' id='word_1_102' title='bbox 1180 1286 1240 1336; x_wconf 90' lang='lat' dir='ltr'>ad</span> <span class='ocrx_word' id='word_1_103' title='bbox 1277 1286 1548 1335; x_wconf 84' lang='lat' dir='ltr'>custodiam</span> <span class='ocrx_word' id='word_1_104' title='bbox 1575 1288 1872 1335; x_wconf 90' lang='lat' dir='ltr'>convenisse.</span> <span class='ocrx_word' id='word_1_105' title='bbox 1925 1286 2044 1335; x_wconf 90' lang='lat' dir='ltr'>Cum</span> 
     </span>
     <span class='ocr_line' id='line_1_15' title="bbox 278 1355 2047 1422; baseline -0.001 -16"><span class='ocrx_word' id='word_1_106' title='bbox 278 1359 448 1421; x_wconf 86' lang='lat' dir='ltr'>igitur,</span> <span class='ocrx_word' id='word_1_107' title='bbox 493 1359 671 1422; x_wconf 90' lang='lat' dir='ltr'>inquit,</span> <span class='ocrx_word' id='word_1_108' title='bbox 717 1357 779 1407; x_wconf 91' lang='lat' dir='ltr'>ad</span> <span class='ocrx_word' id='word_1_109' title='bbox 814 1373 1061 1407; x_wconf 89' lang='lat' dir='ltr'>carcerem</span> <span class='ocrx_word' id='word_1_110' title='bbox 1109 1357 1506 1415; x_wconf 87' lang='lat' dir='ltr'>accessissemus,</span> <span class='ocrx_word' id='word_1_111' title='bbox 1552 1358 1751 1413; x_wconf 90' lang='lat' dir='ltr'>ianitor,</span> <span class='ocrx_word' id='word_1_112' title='bbox 1799 1359 1879 1421; x_wconf 88' lang='lat' dir='ltr'>qui</span> <span class='ocrx_word' id='word_1_113' title='bbox 1915 1355 2047 1405; x_wconf 86' lang='lat' dir='ltr'>fores</span> 
     </span>
     <span class='ocr_line' id='line_1_16' title="bbox 280 1427 2046 1493; baseline -0.001 -16"><span class='ocrx_word' id='word_1_114' title='bbox 280 1430 473 1493; x_wconf 87' lang='lat' dir='ltr'>aperire</span> <span class='ocrx_word' id='word_1_115' title='bbox 508 1428 718 1485; x_wconf 90' lang='lat' dir='ltr'>solebat,</span> <span class='ocrx_word' id='word_1_116' title='bbox 756 1443 846 1477; x_wconf 91' lang='lat' dir='ltr'>nos</span> <span class='ocrx_word' id='word_1_117' title='bbox 881 1428 1227 1493; x_wconf 85' lang='lat' dir='ltr'>aliquantisper</span> <span class='ocrx_word' id='word_1_118' title='bbox 1263 1428 1382 1477; x_wconf 89' lang='lat' dir='ltr'>foris</span> <span class='ocrx_word' id='word_1_119' title='bbox 1418 1429 1715 1478; x_wconf 91' lang='lat' dir='ltr'>commorari</span> <span class='ocrx_word' id='word_1_120' title='bbox 1739 1427 1905 1483; x_wconf 91' lang='lat' dir='ltr'>iussit,</span> <span class='ocrx_word' id='word_1_121' title='bbox 1935 1442 2046 1476; x_wconf 92' lang='lat' dir='ltr'>cum</span> 
     </span>
     <span class='ocr_line' id='line_1_17' title="bbox 278 1497 2048 1564; baseline -0.002 -15"><span class='ocrx_word' id='word_1_122' title='bbox 278 1500 599 1549; x_wconf 89' lang='lat' dir='ltr'>undecimviri</span> <span class='ocrx_word' id='word_1_123' title='bbox 633 1499 863 1562; x_wconf 88' lang='lat' dir='ltr'>capitales</span> <span class='ocrx_word' id='word_1_124' title='bbox 896 1514 1029 1548; x_wconf 89' lang='lat' dir='ltr'>nunc</span> <span class='ocrx_word' id='word_1_125' title='bbox 1065 1501 1223 1564; x_wconf 91' lang='lat' dir='ltr'>ipsum</span> <span class='ocrx_word' id='word_1_126' title='bbox 1263 1500 1515 1548; x_wconf 87' lang='lat' dir='ltr'>Socratem</span> <span class='ocrx_word' id='word_1_127' title='bbox 1552 1498 1756 1548; x_wconf 85' lang='lat' dir='ltr'>vinculis</span> <span class='ocrx_word' id='word_1_128' title='bbox 1781 1497 2048 1547; x_wconf 88' lang='lat' dir='ltr'>liberarent</span> 
     </span>
     <span class='ocr_line' id='line_1_18' title="bbox 279 1569 2048 1635; baseline -0.002 -15"><span class='ocrx_word' id='word_1_129' title='bbox 279 1572 421 1635; x_wconf 88' lang='lat' dir='ltr'>eique</span> <span class='ocrx_word' id='word_1_130' title='bbox 448 1571 792 1620; x_wconf 83' lang='lat' dir='ltr'>denuntiarent</span> <span class='ocrx_word' id='word_1_131' title='bbox 817 1571 1057 1619; x_wconf 90' lang='lat' dir='ltr'>moriendi</span> <span class='ocrx_word' id='word_1_132' title='bbox 1083 1572 1443 1620; x_wconf 84' lang='lat' dir='ltr'>necessitatem.</span> <span class='ocrx_word' id='word_1_133' title='bbox 1493 1569 1661 1619; x_wconf 91' lang='lat' dir='ltr'>Paullo</span> <span class='ocrx_word' id='word_1_134' title='bbox 1687 1575 1798 1633; x_wconf 85' lang='lat' dir='ltr'>post</span> <span class='ocrx_word' id='word_1_135' title='bbox 1822 1583 2048 1619; x_wconf 87' lang='lat' dir='ltr'>reversus</span> 
     </span>
     <span class='ocr_line' id='line_1_19' title="bbox 280 1639 2047 1704; baseline -0.001 -14"><span class='ocrx_word' id='word_1_136' title='bbox 280 1656 368 1690; x_wconf 91' lang='lat' dir='ltr'>nos</span> <span class='ocrx_word' id='word_1_137' title='bbox 401 1642 680 1690; x_wconf 90' lang='lat' dir='ltr'>intromisit.</span> <span class='ocrx_word' id='word_1_138' title='bbox 732 1642 1069 1704; x_wconf 85' lang='lat' dir='ltr'>Ingredientes</span> <span class='ocrx_word' id='word_1_139' title='bbox 1106 1649 1266 1690; x_wconf 89' lang='lat' dir='ltr'>autem</span> <span class='ocrx_word' id='word_1_140' title='bbox 1302 1642 1350 1689; x_wconf 93' lang='lat' dir='ltr'>in</span> <span class='ocrx_word' id='word_1_141' title='bbox 1387 1641 1657 1691; x_wconf 91' lang='lat' dir='ltr'>custodiam</span> <span class='ocrx_word' id='word_1_142' title='bbox 1685 1642 1935 1690; x_wconf 87' lang='lat' dir='ltr'>Socratem</span> <span class='ocrx_word' id='word_1_143' title='bbox 1963 1639 2047 1689; x_wconf 86' lang='lat' dir='ltr'>de·</span> 
     </span>
     <span class='ocr_line' id='line_1_20' title="bbox 277 1710 2048 1776; baseline -0.002 -15"><span class='ocrx_word' id='word_1_144' title='bbox 277 1712 627 1776; x_wconf 89' lang='lat' dir='ltr'>prehendimus</span> <span class='ocrx_word' id='word_1_145' title='bbox 672 1712 819 1761; x_wconf 91' lang='lat' dir='ltr'>modo</span> <span class='ocrx_word' id='word_1_146' title='bbox 856 1712 1061 1761; x_wconf 91' lang='lat' dir='ltr'>vinculis</span> <span class='ocrx_word' id='word_1_147' title='bbox 1117 1711 1326 1760; x_wconf 89' lang='lat' dir='ltr'>solutum</span> <span class='ocrx_word' id='word_1_148' title='bbox 1374 1718 1518 1776; x_wconf 89' lang='lat' dir='ltr'>atque</span> <span class='ocrx_word' id='word_1_149' title='bbox 1559 1710 1895 1776; x_wconf 87' lang='lat' dir='ltr'>Xanthippen,</span> <span class='ocrx_word' id='word_1_150' title='bbox 1944 1711 2048 1759; x_wconf 87' lang='lat' dir='ltr'>eius</span> 
     </span>
     <span class='ocr_line' id='line_1_21' title="bbox 277 1781 2047 1846; baseline -0.001 -14"><span class='ocrx_word' id='word_1_151' title='bbox 277 1798 508 1841; x_wconf 88' lang='lat' dir='ltr'>uxorem,</span> <span class='ocrx_word' id='word_1_152' title='bbox 546 1798 657 1832; x_wconf 92' lang='lat' dir='ltr'>cum</span> <span class='ocrx_word' id='word_1_153' title='bbox 693 1783 879 1832; x_wconf 84' lang='lat' dir='ltr'>infante</span> <span class='ocrx_word' id='word_1_154' title='bbox 912 1784 1043 1831; x_wconf 90' lang='lat' dir='ltr'>iuxta</span> <span class='ocrx_word' id='word_1_155' title='bbox 1080 1783 1241 1846; x_wconf 88' lang='lat' dir='ltr'>ipsum</span> <span class='ocrx_word' id='word_1_156' title='bbox 1279 1784 1627 1832; x_wconf 87' lang='lat' dir='ltr'>considentem.</span> <span class='ocrx_word' id='word_1_157' title='bbox 1681 1781 1814 1839; x_wconf 85' lang='lat' dir='ltr'>Quae</span> <span class='ocrx_word' id='word_1_158' title='bbox 1840 1782 1923 1831; x_wconf 90' lang='lat' dir='ltr'>ubi</span> <span class='ocrx_word' id='word_1_159' title='bbox 1957 1797 2047 1830; x_wconf 90' lang='lat' dir='ltr'>nos</span> 
     </span>
     <span class='ocr_line' id='line_1_22' title="bbox 280 1852 2048 1919; baseline 0 -17"><span class='ocrx_word' id='word_1_160' title='bbox 280 1855 553 1919; x_wconf 86' lang='lat' dir='ltr'>conspexit,</span> <span class='ocrx_word' id='word_1_161' title='bbox 592 1859 646 1902; x_wconf 90' lang='lat' dir='ltr'>ut</span> <span class='ocrx_word' id='word_1_162' title='bbox 680 1852 838 1902; x_wconf 89' lang='lat' dir='ltr'>solent</span> <span class='ocrx_word' id='word_1_163' title='bbox 874 1852 1213 1909; x_wconf 90' lang='lat' dir='ltr'>mulierculae,</span> <span class='ocrx_word' id='word_1_164' title='bbox 1261 1853 1466 1903; x_wconf 91' lang='lat' dir='ltr'>multum</span> <span class='ocrx_word' id='word_1_165' title='bbox 1503 1853 1753 1902; x_wconf 86' lang='lat' dir='ltr'>lacrimata</span> <span class='ocrx_word' id='word_1_166' title='bbox 1790 1860 1863 1902; x_wconf 92' lang='lat' dir='ltr'>est</span> <span class='ocrx_word' id='word_1_167' title='bbox 1904 1853 2048 1902; x_wconf 88' lang='lat' dir='ltr'>vehe-</span> 
     </span>
     <span class='ocr_line' id='line_1_23' title="bbox 278 1923 2045 1989; baseline -0.001 -15"><span class='ocrx_word' id='word_1_168' title='bbox 278 1931 569 1989; x_wconf 69' lang='lat' dir='ltr'>menterque</span> <span class='ocrx_word' id='word_1_169' title='bbox 606 1923 816 1974; x_wconf 87' lang='lat' dir='ltr'>eiulavit.</span> <span class='ocrx_word' id='word_1_170' title='bbox 867 1923 992 1972; x_wconf 90' lang='lat' dir='ltr'>Tum</span> <span class='ocrx_word' id='word_1_171' title='bbox 1032 1939 1144 1973; x_wconf 88' lang='lat' dir='ltr'>vero</span> <span class='ocrx_word' id='word_1_172' title='bbox 1173 1925 1397 1974; x_wconf 88' lang='lat' dir='ltr'>Socrates</span> <span class='ocrx_word' id='word_1_173' title='bbox 1422 1924 1614 1989; x_wconf 89' lang='lat' dir='ltr'>placido</span> <span class='ocrx_word' id='word_1_174' title='bbox 1642 1923 1774 1973; x_wconf 80' lang='lat' dir='ltr'>vultu</span> <span class='ocrx_word' id='word_1_175' title='bbox 1801 1925 2045 1973; x_wconf 85' lang='lat' dir='ltr'>Critonem</span> 
     </span>
     <span class='ocr_line' id='line_1_24' title="bbox 278 1993 2045 2059; baseline -0.001 -15"><span class='ocrx_word' id='word_1_176' title='bbox 278 1997 472 2045; x_wconf 90' lang='lat' dir='ltr'>intuens</span> <span class='ocrx_word' id='word_1_177' title='bbox 491 1996 725 2059; x_wconf 75' lang='lat' dir='ltr'>rogavit,</span> <span class='ocrx_word' id='word_1_178' title='bbox 766 2001 818 2043; x_wconf 93' lang='lat' dir='ltr'>ut</span> <span class='ocrx_word' id='word_1_179' title='bbox 853 1993 1026 2058; x_wconf 87' lang='lat' dir='ltr'>aliquis</span> <span class='ocrx_word' id='word_1_180' title='bbox 1053 2011 1158 2044; x_wconf 87' lang='lat' dir='ltr'>eam</span> <span class='ocrx_word' id='word_1_181' title='bbox 1187 1995 1383 2045; x_wconf 90' lang='lat' dir='ltr'>domum</span> <span class='ocrx_word' id='word_1_182' title='bbox 1412 1995 1703 2050; x_wconf 87' lang='lat' dir='ltr'>abduceret;</span> <span class='ocrx_word' id='word_1_183' title='bbox 1742 1995 1791 2043; x_wconf 93' lang='lat' dir='ltr'>id</span> <span class='ocrx_word' id='word_1_184' title='bbox 1819 1995 1947 2058; x_wconf 89' lang='lat' dir='ltr'>quod</span> <span class='ocrx_word' id='word_1_185' title='bbox 1977 1995 2045 2043; x_wconf 86' lang='lat' dir='ltr'>fe-</span> 
     </span>
     <span class='ocr_line' id='line_1_25' title="bbox 279 2065 2046 2130; baseline -0.002 -14"><span class='ocrx_word' id='word_1_186' title='bbox 279 2072 455 2116; x_wconf 85' lang='lat' dir='ltr'>cerunt</span> <span class='ocrx_word' id='word_1_187' title='bbox 498 2066 707 2116; x_wconf 89' lang='lat' dir='ltr'>Critonis</span> <span class='ocrx_word' id='word_1_188' title='bbox 750 2065 1021 2130; x_wconf 89' lang='lat' dir='ltr'>pedisequi.</span> <span class='ocrx_word' id='word_1_189' title='bbox 1074 2066 1172 2115; x_wconf 90' lang='lat' dir='ltr'>Nos</span> <span class='ocrx_word' id='word_1_190' title='bbox 1216 2081 1386 2115; x_wconf 89' lang='lat' dir='ltr'>omnes</span> <span class='ocrx_word' id='word_1_191' title='bbox 1427 2072 1588 2115; x_wconf 91' lang='lat' dir='ltr'>autem</span> <span class='ocrx_word' id='word_1_192' title='bbox 1633 2082 1690 2115; x_wconf 89' lang='lat' dir='ltr'>eo</span> <span class='ocrx_word' id='word_1_193' title='bbox 1726 2066 1803 2114; x_wconf 90' lang='lat' dir='ltr'>die</span> <span class='ocrx_word' id='word_1_194' title='bbox 1845 2066 2046 2114; x_wconf 86' lang='lat' dir='ltr'>mirifice</span> 
     </span>
     <span class='ocr_line' id='line_1_26' title="bbox 279 2136 2048 2201; baseline -0.001 -16"><span class='ocrx_word' id='word_1_195' title='bbox 279 2138 440 2186; x_wconf 82' lang='lat' dir='ltr'>affecti</span> <span class='ocrx_word' id='word_1_196' title='bbox 467 2153 689 2193; x_wconf 82' lang='lat' dir='ltr'>eramuS,</span> <span class='ocrx_word' id='word_1_197' title='bbox 719 2151 828 2185; x_wconf 90' lang='lat' dir='ltr'>cum</span> <span class='ocrx_word' id='word_1_198' title='bbox 857 2137 1037 2185; x_wconf 87' lang='lat' dir='ltr'>mixtus</span> <span class='ocrx_word' id='word_1_199' title='bbox 1064 2137 1257 2201; x_wconf 88' lang='lat' dir='ltr'>quidam</span> <span class='ocrx_word' id='word_1_200' title='bbox 1286 2138 1475 2186; x_wconf 84' lang='lat' dir='ltr'>tristitia</span> <span class='ocrx_word' id='word_1_201' title='bbox 1502 2143 1647 2200; x_wconf 89' lang='lat' dir='ltr'>atque</span> <span class='ocrx_word' id='word_1_202' title='bbox 1673 2136 1849 2200; x_wconf 85' lang='lat' dir='ltr'>gaudio</span> <span class='ocrx_word' id='word_1_203' title='bbox 1877 2150 2048 2185; x_wconf 88' lang='lat' dir='ltr'>sensus</span> 
     </span>
     <span class='ocr_line' id='line_1_27' title="bbox 279 2206 2045 2272; baseline -0.001 -16"><span class='ocrx_word' id='word_1_204' title='bbox 279 2210 468 2257; x_wconf 90' lang='lat' dir='ltr'>animos</span> <span class='ocrx_word' id='word_1_205' title='bbox 505 2214 701 2258; x_wconf 85' lang='lat' dir='ltr'>nostros</span> <span class='ocrx_word' id='word_1_206' title='bbox 736 2213 999 2272; x_wconf 90' lang='lat' dir='ltr'>occupatos</span> <span class='ocrx_word' id='word_1_207' title='bbox 1044 2215 1256 2264; x_wconf 85' lang='lat' dir='ltr'>teneret;</span> <span class='ocrx_word' id='word_1_208' title='bbox 1298 2208 1444 2257; x_wconf 93' lang='lat' dir='ltr'>modo</span> <span class='ocrx_word' id='word_1_209' title='bbox 1479 2210 1608 2257; x_wconf 91' lang='lat' dir='ltr'>enim</span> <span class='ocrx_word' id='word_1_210' title='bbox 1651 2206 2045 2272; x_wconf 89' lang='lat' dir='ltr'>tranquillitatem</span> 
     </span>
     <span class='ocr_line' id='line_1_28' title="bbox 278 2278 2045 2343; baseline -0.001 -15"><span class='ocrx_word' id='word_1_211' title='bbox 278 2278 669 2343; x_wconf 87' lang='lat' dir='ltr'>hilaritatemque</span> <span class='ocrx_word' id='word_1_212' title='bbox 705 2278 919 2328; x_wconf 91' lang='lat' dir='ltr'>Socratis</span> <span class='ocrx_word' id='word_1_213' title='bbox 953 2278 1338 2334; x_wconf 87' lang='lat' dir='ltr'>admirabamur,</span> <span class='ocrx_word' id='word_1_214' title='bbox 1373 2285 1426 2327; x_wconf 91' lang='lat' dir='ltr'>ut</span> <span class='ocrx_word' id='word_1_215' title='bbox 1460 2279 1859 2328; x_wconf 83' lang='lat' dir='ltr'>oblivisceremur</span> <span class='ocrx_word' id='word_1_216' title='bbox 1905 2292 2045 2342; x_wconf 89' lang='lat' dir='ltr'>prae-</span> 
     </span>
     <span class='ocr_line' id='line_1_29' title="bbox 278 2349 2046 2414; baseline -0.002 -15"><span class='ocrx_word' id='word_1_217' title='bbox 278 2351 428 2399; x_wconf 88' lang='lat' dir='ltr'>sentis</span> <span class='ocrx_word' id='word_1_218' title='bbox 456 2349 764 2406; x_wconf 81' lang='lat' dir='ltr'>calamitatiS,</span> <span class='ocrx_word' id='word_1_219' title='bbox 802 2349 949 2398; x_wconf 90' lang='lat' dir='ltr'>modo</span> <span class='ocrx_word' id='word_1_220' title='bbox 978 2364 1119 2399; x_wconf 92' lang='lat' dir='ltr'>casus</span> <span class='ocrx_word' id='word_1_221' title='bbox 1145 2352 1379 2414; x_wconf 85' lang='lat' dir='ltr'>gravitate</span> <span class='ocrx_word' id='word_1_222' title='bbox 1420 2349 1593 2399; x_wconf 83' lang='lat' dir='ltr'>devicti</span> <span class='ocrx_word' id='word_1_223' title='bbox 1620 2351 1877 2399; x_wconf 86' lang='lat' dir='ltr'>instantem</span> <span class='ocrx_word' id='word_1_224' title='bbox 1906 2349 2046 2397; x_wconf 89' lang='lat' dir='ltr'>amici</span> 
     </span>
     <span class='ocr_line' id='line_1_30' title="bbox 280 2419 997 2485; baseline 0 -16"><span class='ocrx_word' id='word_1_225' title='bbox 280 2422 523 2470; x_wconf 83' lang='lat' dir='ltr'>fortunam</span> <span class='ocrx_word' id='word_1_226' title='bbox 553 2419 931 2483; x_wconf 89' lang='lat' dir='ltr'>deplorabamus</span> <span class='ocrx_word' id='word_1_227' title='bbox 946 2419 997 2485; x_wconf 87' lang='lat'>1).</span> 
     </span>
    </p>

    <p class='ocr_par' dir='ltr' id='par_1_4' title="bbox 227 2489 2047 3395">
     <span class='ocr_line' id='line_1_31' title="bbox 421 2489 2043 2555; baseline -0.001 -15"><span class='ocrx_word' id='word_1_228' title='bbox 421 2492 649 2540; x_wconf 86' lang='lat' dir='ltr'>Socrates</span> <span class='ocrx_word' id='word_1_229' title='bbox 682 2506 799 2541; x_wconf 86' lang='lat' dir='ltr'>vero</span> <span class='ocrx_word' id='word_1_230' title='bbox 837 2492 1030 2554; x_wconf 84' lang='lat' dir='ltr'>crigens</span> <span class='ocrx_word' id='word_1_231' title='bbox 1067 2505 1118 2541; x_wconf 92' lang='lat' dir='ltr'>se</span> <span class='ocrx_word' id='word_1_232' title='bbox 1152 2493 1202 2539; x_wconf 91' lang='lat' dir='ltr'>in</span> <span class='ocrx_word' id='word_1_233' title='bbox 1239 2490 1418 2540; x_wconf 89' lang='lat' dir='ltr'>lectulo</span> <span class='ocrx_word' id='word_1_234' title='bbox 1456 2497 1503 2539; x_wconf 92' lang='lat' dir='ltr'>et</span> <span class='ocrx_word' id='word_1_235' title='bbox 1539 2505 1650 2540; x_wconf 87' lang='lat' dir='ltr'>crus</span> <span class='ocrx_word' id='word_1_236' title='bbox 1686 2491 1887 2546; x_wconf 82' lang='lat' dir='ltr'>fricanS‚</span> <span class='ocrx_word' id='word_1_237' title='bbox 1917 2489 2043 2555; x_wconf 89' lang='lat' dir='ltr'>quod</span> 
     </span>
     <span class='ocr_line' id='line_1_32' title="bbox 279 2560 2045 2626; baseline -0.002 -15"><span class='ocrx_word' id='word_1_238' title='bbox 279 2562 469 2611; x_wconf 91' lang='lat' dir='ltr'>vincula</span> <span class='ocrx_word' id='word_1_239' title='bbox 506 2568 648 2611; x_wconf 85' lang='lat' dir='ltr'>antea</span> <span class='ocrx_word' id='word_1_240' title='bbox 683 2563 1112 2626; x_wconf 88' lang='lat' dir='ltr'>compressissent,</span> <span class='ocrx_word' id='word_1_241' title='bbox 1152 2577 1296 2626; x_wconf 87' lang='lat' dir='ltr'>quam</span> <span class='ocrx_word' id='word_1_242' title='bbox 1323 2563 1445 2610; x_wconf 90' lang='lat' dir='ltr'>mira</span> <span class='ocrx_word' id='word_1_243' title='bbox 1473 2567 1568 2618; x_wconf 89' lang='lat' dir='ltr'>est,</span> <span class='ocrx_word' id='word_1_244' title='bbox 1607 2562 1783 2625; x_wconf 91' lang='lat' dir='ltr'>inquit,</span> <span class='ocrx_word' id='word_1_245' title='bbox 1823 2560 1901 2610; x_wconf 90' lang='lat' dir='ltr'>illa</span> <span class='ocrx_word' id='word_1_246' title='bbox 1929 2576 2045 2610; x_wconf 91' lang='lat' dir='ltr'>con-</span> 
     </span>
     <span class='ocr_line' id='line_1_33' title="bbox 280 2631 2043 2697; baseline -0.001 -15"><span class='ocrx_word' id='word_1_247' title='bbox 280 2635 491 2689; x_wconf 89' lang='lat' dir='ltr'>iuncti0,</span> <span class='ocrx_word' id='word_1_248' title='bbox 530 2648 653 2697; x_wconf 88' lang='lat' dir='ltr'>quae</span> <span class='ocrx_word' id='word_1_249' title='bbox 687 2634 816 2681; x_wconf 90' lang='lat' dir='ltr'>inter</span> <span class='ocrx_word' id='word_1_250' title='bbox 851 2631 1223 2697; x_wconf 87' lang='lat' dir='ltr'>voluptatem</span> <span class='ocrx_word' id='word_1_251' title='bbox 1260 2639 1406 2697; x_wconf 86' lang='lat' dir='ltr'>atque</span> <span class='ocrx_word' id='word_1_252' title='bbox 1451 2632 1729 2681; x_wconf 91' lang='lat' dir='ltr'>dolorem</span> <span class='ocrx_word' id='word_1_253' title='bbox 1773 2632 2043 2682; x_wconf 86' lang='lat' dir='ltr'>intercedit.</span> 
     </span>
     <span class='ocr_line' id='line_1_34' title="bbox 280 2701 2045 2757; baseline -0.001 -5"><span class='ocrx_word' id='word_1_254' title='bbox 280 2703 401 2752; x_wconf 87' lang='lat' dir='ltr'>Nam</span> <span class='ocrx_word' id='word_1_255' title='bbox 439 2719 549 2752; x_wconf 91' lang='lat' dir='ltr'>cum</span> <span class='ocrx_word' id='word_1_256' title='bbox 587 2703 731 2752; x_wconf 90' lang='lat' dir='ltr'>simul</span> <span class='ocrx_word' id='word_1_257' title='bbox 774 2703 944 2753; x_wconf 88' lang='lat' dir='ltr'>adesse</span> <span class='ocrx_word' id='word_1_258' title='bbox 987 2718 1085 2752; x_wconf 92' lang='lat' dir='ltr'>non</span> <span class='ocrx_word' id='word_1_259' title='bbox 1120 2702 1332 2757; x_wconf 87' lang='lat' dir='ltr'>soleant,</span> <span class='ocrx_word' id='word_1_260' title='bbox 1377 2710 1538 2752; x_wconf 87' lang='lat' dir='ltr'>tamen</span> <span class='ocrx_word' id='word_1_261' title='bbox 1573 2701 1807 2752; x_wconf 87' lang='lat' dir='ltr'>alterutro</span> <span class='ocrx_word' id='word_1_262' title='bbox 1843 2702 2045 2752; x_wconf 88' lang='lat' dir='ltr'>cedente</span> 
     </span>
     <span class='ocr_line' id='line_1_35' title="bbox 282 2773 2047 2839; baseline 0 -18"><span class='ocrx_word' id='word_1_263' title='bbox 282 2773 487 2822; x_wconf 90' lang='lat' dir='ltr'>alterum</span> <span class='ocrx_word' id='word_1_264' title='bbox 515 2773 712 2824; x_wconf 88' lang='lat' dir='ltr'>alterius</span> <span class='ocrx_word' id='word_1_265' title='bbox 739 2777 969 2823; x_wconf 92' lang='lat' dir='ltr'>continuo</span> <span class='ocrx_word' id='word_1_266' title='bbox 994 2773 1155 2823; x_wconf 91' lang='lat' dir='ltr'>locum</span> <span class='ocrx_word' id='word_1_267' title='bbox 1184 2781 1405 2839; x_wconf 88' lang='lat' dir='ltr'>occupat.</span> <span class='ocrx_word' id='word_1_268' title='bbox 1434 2774 1536 2823; x_wconf 88' lang='lat' dir='ltr'>Iloc</span> <span class='ocrx_word' id='word_1_269' title='bbox 1563 2775 1602 2822; x_wconf 88' lang='lat' dir='ltr'>si</span> <span class='ocrx_word' id='word_1_270' title='bbox 1627 2774 2047 2823; x_wconf 83' lang='lat' dir='ltr'>animadvertisset</span> 
     </span>
     <span class='ocr_line' id='line_1_36' title="bbox 282 2843 2042 2909; baseline -0.001 -16"><span class='ocrx_word' id='word_1_271' title='bbox 282 2848 523 2907; x_wconf 84' lang='lat' dir='ltr'>Aesopus,</span> <span class='ocrx_word' id='word_1_272' title='bbox 564 2860 673 2893; x_wconf 90' lang='lat' dir='ltr'>eum</span> <span class='ocrx_word' id='word_1_273' title='bbox 713 2846 860 2894; x_wconf 87' lang='lat' dir='ltr'>credo</span> <span class='ocrx_word' id='word_1_274' title='bbox 895 2844 1109 2894; x_wconf 83' lang='lat' dir='ltr'>fabulam</span> <span class='ocrx_word' id='word_1_275' title='bbox 1143 2845 1290 2894; x_wconf 86' lang='lat' dir='ltr'>fuisse</span> <span class='ocrx_word' id='word_1_276' title='bbox 1317 2846 1726 2909; x_wconf 86' lang='lat' dir='ltr'>compositurum,</span> <span class='ocrx_word' id='word_1_277' title='bbox 1765 2859 1889 2908; x_wconf 89' lang='lat' dir='ltr'>quae</span> <span class='ocrx_word' id='word_1_278' title='bbox 1914 2843 2042 2893; x_wconf 84' lang='lat' dir='ltr'>illam</span> 
     </span>
     <span class='ocr_line' id='line_1_37' title="bbox 283 2914 2042 2979; baseline 0.001 -16"><span class='ocrx_word' id='word_1_279' title='bbox 283 2914 464 2963; x_wconf 88' lang='lat' dir='ltr'>doloris</span> <span class='ocrx_word' id='word_1_280' title='bbox 491 2920 538 2963; x_wconf 88' lang='lat' dir='ltr'>et</span> <span class='ocrx_word' id='word_1_281' title='bbox 564 2914 820 2979; x_wconf 90' lang='lat' dir='ltr'>voluptatis</span> <span class='ocrx_word' id='word_1_282' title='bbox 848 2916 1223 2965; x_wconf 87' lang='lat' dir='ltr'>vicissitudinem</span> <span class='ocrx_word' id='word_1_283' title='bbox 1251 2915 1528 2965; x_wconf 87' lang='lat' dir='ltr'>illustraret.</span> <span class='ocrx_word' id='word_1_284' title='bbox 1581 2915 1707 2964; x_wconf 92' lang='lat' dir='ltr'>Tum</span> <span class='ocrx_word' id='word_1_285' title='bbox 1732 2930 1846 2964; x_wconf 91' lang='lat' dir='ltr'>vero</span> <span class='ocrx_word' id='word_1_286' title='bbox 1874 2915 2042 2970; x_wconf 86' lang='lat' dir='ltr'>Cebes,</span> 
     </span>
     <span class='ocr_line' id='line_1_38' title="bbox 283 2987 2044 3051; baseline 0.001 -17"><span class='ocrx_word' id='word_1_287' title='bbox 283 2991 584 3050; x_wconf 89' lang='lat' dir='ltr'>opportune,</span> <span class='ocrx_word' id='word_1_288' title='bbox 613 2987 792 3050; x_wconf 89' lang='lat' dir='ltr'>inquit,</span> <span class='ocrx_word' id='word_1_289' title='bbox 823 2987 1056 3036; x_wconf 88' lang='lat' dir='ltr'>admones</span> <span class='ocrx_word' id='word_1_290' title='bbox 1080 3003 1159 3036; x_wconf 93' lang='lat' dir='ltr'>me</span> <span class='ocrx_word' id='word_1_291' title='bbox 1187 2987 1423 3041; x_wconf 85' lang='lat' dir='ltr'>carmina,</span> <span class='ocrx_word' id='word_1_292' title='bbox 1454 3003 1576 3051; x_wconf 87' lang='lat' dir='ltr'>quae</span> <span class='ocrx_word' id='word_1_293' title='bbox 1602 2988 1653 3035; x_wconf 94' lang='lat' dir='ltr'>in</span> <span class='ocrx_word' id='word_1_294' title='bbox 1682 3001 1880 3035; x_wconf 85' lang='lat' dir='ltr'>carcere</span> <span class='ocrx_word' id='word_1_295' title='bbox 1905 2987 2044 3051; x_wconf 55' lang='lat' dir='ltr'>pepif</span> 
     </span>
     <span class='ocr_line' id='line_1_39' title="bbox 283 3055 2042 3122; baseline 0 -17"><span class='ocrx_word' id='word_1_296' title='bbox 283 3057 407 3119; x_wconf 86' lang='lat' dir='ltr'>gisti.</span> <span class='ocrx_word' id='word_1_297' title='bbox 477 3055 599 3105; x_wconf 90' lang='lat' dir='ltr'>Nam</span> <span class='ocrx_word' id='word_1_298' title='bbox 647 3071 755 3105; x_wconf 91' lang='lat' dir='ltr'>cum</span> <span class='ocrx_word' id='word_1_299' title='bbox 803 3056 907 3113; x_wconf 93' lang='lat' dir='ltr'>alii,</span> <span class='ocrx_word' id='word_1_300' title='bbox 959 3063 1059 3106; x_wconf 91' lang='lat' dir='ltr'>tum</span> <span class='ocrx_word' id='word_1_301' title='bbox 1115 3072 1273 3121; x_wconf 91' lang='lat' dir='ltr'>nuper</span> <span class='ocrx_word' id='word_1_302' title='bbox 1320 3057 1511 3107; x_wconf 85' lang='lat' dir='ltr'>Evenus</span> <span class='ocrx_word' id='word_1_303' title='bbox 1564 3073 1623 3107; x_wconf 86' lang='lat' dir='ltr'>ex</span> <span class='ocrx_word' id='word_1_304' title='bbox 1667 3072 1746 3106; x_wconf 87' lang='lat' dir='ltr'>me</span> <span class='ocrx_word' id='word_1_305' title='bbox 1795 3058 2042 3122; x_wconf 83' lang='lat' dir='ltr'>quaesivit,</span> 
     </span>
     <span class='ocr_line' id='line_1_40' title="bbox 227 3126 2042 3193; baseline 0 -17"><span class='ocrx_word' id='word_1_306' title='bbox 227 3154 233 3158; x_wconf 26' lang='grc' dir='ltr'><strong><em>κ</em></strong></span> <span class='ocrx_word' id='word_1_307' title='bbox 282 3127 395 3192; x_wconf 90' lang='lat' dir='ltr'>quid</span> <span class='ocrx_word' id='word_1_308' title='bbox 432 3126 627 3176; x_wconf 89' lang='lat' dir='ltr'>tandem</span> <span class='ocrx_word' id='word_1_309' title='bbox 663 3142 836 3176; x_wconf 88' lang='lat' dir='ltr'>causae</span> <span class='ocrx_word' id='word_1_310' title='bbox 878 3134 1028 3183; x_wconf 89' lang='lat' dir='ltr'>esset,</span> <span class='ocrx_word' id='word_1_311' title='bbox 1076 3128 1204 3193; x_wconf 88' lang='lat' dir='ltr'>quod</span> <span class='ocrx_word' id='word_1_312' title='bbox 1241 3134 1315 3181; x_wconf 87' lang='lat' dir='ltr'>tu.</span> <span class='ocrx_word' id='word_1_313' title='bbox 1355 3129 1437 3191; x_wconf 86' lang='lat' dir='ltr'>qui</span> <span class='ocrx_word' id='word_1_314' title='bbox 1473 3143 1723 3192; x_wconf 90' lang='lat' dir='ltr'>nunquam</span> <span class='ocrx_word' id='word_1_315' title='bbox 1759 3133 1898 3178; x_wconf 89' lang='lat' dir='ltr'>antea</span> <span class='ocrx_word' id='word_1_316' title='bbox 1936 3142 2042 3177; x_wconf 88' lang='lat' dir='ltr'>car-</span> 
     </span>
     <span class='ocr_line' id='line_1_41' title="bbox 282 3197 2043 3263; baseline -0.001 -16"><span class='ocrx_word' id='word_1_317' title='bbox 282 3198 413 3247; x_wconf 89' lang='lat' dir='ltr'>mina</span> <span class='ocrx_word' id='word_1_318' title='bbox 441 3197 661 3253; x_wconf 85' lang='lat' dir='ltr'>fecisses,</span> <span class='ocrx_word' id='word_1_319' title='bbox 691 3204 908 3247; x_wconf 86' lang='lat' dir='ltr'>extremo</span> <span class='ocrx_word' id='word_1_320' title='bbox 934 3200 1059 3248; x_wconf 87' lang='lat' dir='ltr'>vitae</span> <span class='ocrx_word' id='word_1_321' title='bbox 1085 3206 1305 3263; x_wconf 90' lang='lat' dir='ltr'>tempore</span> <span class='ocrx_word' id='word_1_322' title='bbox 1331 3198 1426 3248; x_wconf 92' lang='lat' dir='ltr'>illis</span> <span class='ocrx_word' id='word_1_323' title='bbox 1452 3199 1802 3263; x_wconf 88' lang='lat' dir='ltr'>componendis</span> <span class='ocrx_word' id='word_1_324' title='bbox 1828 3199 2043 3248; x_wconf 87' lang='lat' dir='ltr'>dedisses</span> 
     </span>
     <span class='ocr_line' id='line_1_42' title="bbox 284 3268 2043 3334; baseline 0 -17"><span class='ocrx_word' id='word_1_325' title='bbox 284 3284 501 3334; x_wconf 87' lang='lat' dir='ltr'>operam.</span> <span class='ocrx_word' id='word_1_326' title='bbox 554 3268 678 3327; x_wconf 87' lang='lat' dir='ltr'>Quid</span> <span class='ocrx_word' id='word_1_327' title='bbox 714 3270 863 3332; x_wconf 84' lang='lat' dir='ltr'>igitur</span> <span class='ocrx_word' id='word_1_328' title='bbox 888 3271 957 3318; x_wconf 88' lang='lat' dir='ltr'>vis</span> <span class='ocrx_word' id='word_1_329' title='bbox 992 3277 1044 3318; x_wconf 90' lang='lat' dir='ltr'>ut</span> <span class='ocrx_word' id='word_1_330' title='bbox 1081 3269 1149 3318; x_wconf 93' lang='lat' dir='ltr'>illi</span> <span class='ocrx_word' id='word_1_331' title='bbox 1182 3270 1534 3333; x_wconf 80' lang='lat' dir='ltr'>respondeam?</span> <span class='ocrx_word' id='word_1_332' title='bbox 1572 3271 1672 3334; x_wconf 85' lang='lat' dir='ltr'>Ego</span> <span class='ocrx_word' id='word_1_333' title='bbox 1706 3285 1845 3326; x_wconf 90' lang='lat' dir='ltr'>ver0,</span> <span class='ocrx_word' id='word_1_334' title='bbox 1886 3270 2043 3333; x_wconf 91' lang='lat' dir='ltr'>inquit</span> 
     </span>
     <span class='ocr_line' id='line_1_43' title="bbox 284 3338 2042 3395; baseline 0 -7"><span class='ocrx_word' id='word_1_335' title='bbox 284 3338 534 3395; x_wconf 83' lang='lat' dir='ltr'>SocrateS‚</span> <span class='ocrx_word' id='word_1_336' title='bbox 573 3340 665 3388; x_wconf 92' lang='lat' dir='ltr'>hoc</span> <span class='ocrx_word' id='word_1_337' title='bbox 702 3355 799 3389; x_wconf 90' lang='lat' dir='ltr'>non</span> <span class='ocrx_word' id='word_1_338' title='bbox 838 3355 895 3388; x_wconf 85' lang='lat' dir='ltr'>co</span> <span class='ocrx_word' id='word_1_339' title='bbox 933 3340 1135 3389; x_wconf 87' lang='lat' dir='ltr'>consilio</span> <span class='ocrx_word' id='word_1_340' title='bbox 1172 3340 1286 3390; x_wconf 80' lang='lat' dir='ltr'>feci.</span> <span class='ocrx_word' id='word_1_341' title='bbox 1326 3347 1378 3389; x_wconf 89' lang='lat' dir='ltr'>ut</span> <span class='ocrx_word' id='word_1_342' title='bbox 1415 3341 1609 3391; x_wconf 87' lang='lat' dir='ltr'>laudum</span> <span class='ocrx_word' id='word_1_343' title='bbox 1645 3341 1791 3389; x_wconf 84' lang='lat' dir='ltr'>Eveni</span> <span class='ocrx_word' id='word_1_344' title='bbox 1825 3339 2042 3390; x_wconf 88' lang='lat' dir='ltr'>aemulus</span> 
     </span>
    </p>
   </div>
   <div class='ocr_carea' id='block_1_4' title="bbox 397 3509 797 3566">
    <p class='ocr_par' dir='ltr' id='par_1_5' title="bbox 397 3509 797 3566">
     <span class='ocr_line' id='line_1_44' title="bbox 397 3509 797 3566; baseline 0.013 -16"><span class='ocrx_word' id='word_1_345' title='bbox 397 3510 439 3566; x_wconf 89' lang='lat'>1)</span> <span class='ocrx_word' id='word_1_346' title='bbox 471 3511 519 3551; x_wconf 87' lang='grc' dir='ltr'>Ρ.</span> <span class='ocrx_word' id='word_1_347' title='bbox 551 3512 718 3552; x_wconf 82' lang='lat'>57—60</span> <span class='ocrx_word' id='word_1_348' title='bbox 746 3509 797 3555; x_wconf 82' lang='grc' dir='ltr'>Β.</span> 
     </span>
    </p>
   </div>
   <div class='ocr_carea' id='block_1_5' title="bbox 1839 0 2158 85">
    <p class='ocr_par' dir='ltr' id='par_1_6' title="bbox 1839 0 2158 85">
     <span class='ocr_line' id='line_1_45' title="bbox 1839 0 2158 85; baseline 0 3633"><span class='ocrx_word' id='word_1_349' title='bbox 1839 0 2158 85; x_wconf 95' lang='lat' dir='ltr'> </span> 
     </span>
    </p>
   </div>
  </div>
 </body>
</html>
