2222 3762
255 164 656 224 PLATONIS
698 168 1184 223 APOIJOGIAM
1222 166 1625 225 SOCRATIS.
1735 175 1795 224 19

93 313 386 380 sententia,
426 321 488 365 ut
525 312 782 364 mortales
820 309 1155 364 existimaret
1192 311 1479 364 veritatem
1503 331 1798 381 numquam

94 383 317 454 plenam
369 391 425 436 et
471 384 740 454 integram
778 383 997 453 assequi
1050 401 1212 454 posse
1251 401 1573 452 omnemque
1612 402 1795 437 eorum

95 454 422 524 sapientiam
457 461 677 525 putaret
712 453 769 506 in
805 473 915 506 uno
955 454 1201 507 veritatis
1232 453 1645 523 cognoscendae
1683 462 1799 508 stu.-

93 524 184 578 dio
234 533 289 578 et
339 525 620 579 conamine
670 525 954 578 contineri.
1041 524 1187 578 Huic
1233 524 1339 595 ipsi
1394 532 1576 578 autem
1613 526 1798 580 studio

92 596 169 648 ita
207 595 424 666 demum
461 595 714 650 satisfieri
751 615 916 665 posse
954 596 1237 663 iudicavit,
1280 595 1326 649 si
1364 614 1677 650 communes
1714 617 1799 651 re-

91 686 211 720 rum
247 668 536 736 notiones,
589 686 728 736 quae
779 675 965 720 essent
1013 688 1045 720 a
1081 666 1214 721 visis
1253 679 1307 719 et
1346 666 1799 738 adspectabilium

91 755 270 791 rerum
318 746 513 790 natura
560 738 860 807 abductae,
914 738 1330 810 indagarentur,
1387 739 1800 808 exquirerentur

90 817 256 878 atque
309 811 510 863 certius
558 809 930 863 definirentur.
1008 809 1189 877 Quam
1237 829 1352 862 rem
1388 818 1544 863 tanto
1581 811 1798 882 gravio-

91 899 202 934 rem
242 887 502 949 tantoque
541 880 844 952 digniorem
883 881 1130 950 sapiente
1167 880 1388 949 habuit,
1447 881 1595 950 quod
1634 882 1797 935 etiam

92 971 251 1004 verae
315 952 529 1005 virtutis
585 953 704 1006 laus
764 952 892 1004 inde
967 970 1236 1022 suspensa
1310 971 1428 1005 esse
1500 952 1796 1006 videretur.

90 1022 314 1077 Etenim
350 1023 607 1081 virtutem
658 1023 742 1076 vir
781 1022 1220 1094 sapientissimus
1259 1022 1574 1091 neutiquam
1611 1025 1797 1094 posuit

91 1095 149 1146 in
185 1113 304 1146 unav
333 1093 647 1162 voluntate,
688 1092 786 1146 sed
823 1094 880 1145 in
918 1093 1067 1161 veri,
1109 1093 1239 1147 boni
1277 1099 1332 1145 et
1369 1093 1587 1147 honesti
1623 1095 1797 1147 scien-

90 1165 196 1236 tia,
246 1164 352 1217 hoc
399 1176 511 1232 est,
561 1165 618 1216 in
655 1164 1036 1235 philosophiae
1076 1164 1461 1234 persuasione,
1501 1183 1662 1234 quam
1701 1186 1798 1218 vo-

88 1235 191 1288 luit
227 1252 412 1289 omnes
449 1236 595 1288 vitae
632 1244 818 1306 partes
855 1244 1133 1304 tamquam
1162 1254 1353 1307 regere
1393 1243 1558 1304 atque
1594 1237 1795 1307 guber-

89 1325 237 1360 nare.
277 1327 329 1360 v.
366 1306 678 1378 Xe-noph.
715 1308 884 1361 Mem.
922 1307 1030 1359 III.
1071 1308 1133 1375 3,
1173 1308 1223 1359 9.
1262 1306 1370 1360 III.
1411 1307 1461 1374 6,
1506 1310 1588 1364 17.
1626 1310 1797 1361 omni-

88 1397 270 1447 noque
318 1378 424 1430 ΠΙ.
489 1397 536 1432 c.
605 1383 654 1430 (5.
720 1387 776 1432 et
822 1381 874 1432 7.
930 1379 1021 1431 1V.
1071 1381 1136 1446 4,
1191 1379 1275 1431 15.
1337 1378 1417 1432 18.
1494 1379 1795 1451 Diogen.

89 1450 323 1503 Laaert.
373 1449 451 1501 ΙΙ.
505 1451 572 1502 29
613 1467 735 1520 sqq.
787 1450 884 1504 ubi
933 1450 1075 1502 inter
1121 1450 1227 1502 alia
1278 1451 1322 1519 ξ.
1375 1451 1460 1504 31.
1510 1453 1688 1518 ἔλεγεν
1739 1451 1798 1505 ἓν

87 1519 271 1590 μόνον
318 1518 549 1589 ἀγαθὸν
596 1521 769 1591 εἶναι,
834 1520 956 1588 τὴν
994 1519 1430 1589 ἐπιστήμην,
1472 1525 1564 1575 καὶ
1603 1520 1662 1575 ἓν
1697 1522 1796 1591 μό-

88 1611 187 1646 νον
235 1588 440 1655 κακόν,
492 1589 614 1658 τὴν
666 1592 1011 1664 ἀμαθίαν.
1089 1591 1270 1660 Quam
1321 1591 1541 1661 quidem
1579 1602 1798 1647 senten-

88 1664 222 1716 tiam
266 1670 487 1717 constat
538 1671 735 1734 postea
784 1664 948 1718 etiam
997 1664 1222 1717 Platoni
1273 1664 1445 1716 fuisse
1492 1665 1794 1735 probatam,

90 1736 187 1804 qui
223 1733 342 1788 eam
377 1743 560 1788 tamen
586 1736 842 1790 subtilius
867 1736 1151 1789 exornavit
1178 1735 1536 1806 inprimisque
1571 1736 1638 1789 iis
1679 1736 1795 1789 dia-

88 1806 250 1878 logis,
288 1807 346 1859 in
384 1807 583 1875 quibus
619 1806 687 1860 de
723 1807 944 1861 virtutis
984 1805 1278 1860 discendae
1315 1807 1570 1860 facultate
1610 1807 1797 1879 dispu-

89 1885 256 1945 tatur,
294 1879 455 1930 utin
490 1878 700 1949 Hippia
736 1879 964 1947 minore,
1002 1878 1060 1930 in
1101 1877 1414 1939 Charmide,
1449 1878 1505 1930 in
1527 1879 1791 1948 Lachete,

89 1950 147 2001 in
183 1950 460 2018 Menone,
499 1950 555 2001 in
592 1950 993 2021 Euthyphrone
1031 1957 1086 2002 et
1122 1950 1180 2002 in
1216 1949 1554 2020 Protagora,
1598 1950 1797 2004 funda-

89 2021 259 2073 menti
293 2020 416 2074 loco
457 2021 778 2092 supposuit,
830 2021 907 2073 ita
958 2020 1175 2091 quidem
1234 2028 1298 2072 ut
1335 2020 1452 2073 eius
1490 2040 1593 2092 ope
1632 2023 1794 2075 etiam

91 2091 367 2163 sophistas
433 2111 497 2145 ac
556 2093 703 2146 viros
765 2092 954 2146 civiles
1016 2091 1212 2145 callide
1268 2091 1530 2160 illuserit,
1593 2094 1797 2164 quippe

91 2164 187 2231 qui
222 2182 333 2216 non
370 2164 774 2234 intelligerent,
814 2164 1069 2215 virtutem
1108 2162 1351 2228 civilem,
1396 2180 1538 2231 quae
1576 2164 1663 2216 vel
1703 2184 1796 2217 ex-

89 2243 366 2286 ternarum
414 2253 594 2286 rerum
640 2234 837 2286 notitia
887 2233 975 2286 vel
1012 2233 1174 2285 meris
1212 2233 1560 2302 opinionibus
1598 2236 1796 2288 nitere·-

89 2311 211 2371 tur,
267 2304 416 2357 nullo
465 2303 628 2358 modo
678 2304 863 2358 doceri
929 2323 1092 2374 posse
1139 2303 1392 2373 (Menon.
1448 2325 1502 2374 p.
1555 2307 1620 2358 87
1673 2326 1795 2376 sqq.

90 2377 160 2428 96
194 2394 313 2444 sqq.
362 2376 653 2447 Protagor.
701 2396 755 2447 p.
796 2378 898 2429 318
938 2375 1116 2444 sqq.);
1163 2394 1328 2427 unam
1373 2374 1629 2429 virtutem
1675 2378 1796 2450 phi-

91 2446 442 2516 losophorum
505 2465 668 2516 posse
743 2446 1104 2518 intelligentia
1179 2445 1568 2516 comprehendi
1630 2457 1795 2518 atque

92 2516 250 2571 disci.
309 2517 436 2584 Quo
477 2517 698 2588 quidem
738 2518 956 2571 nomine
995 2517 1273 2585 Socrates,
1312 2524 1377 2569 ut
1412 2517 1516 2571 hoc
1553 2519 1608 2570 in
1647 2527 1795 2573 tran-

91 2589 202 2642 situ
248 2608 583 2658 moneamus,
620 2590 678 2642 in
717 2587 930 2662 Gorgia
962 2588 1209 2641 Platonis
1247 2609 1299 2659 p.
1342 2590 1465 2640 521.
1501 2589 1637 2643 adeo
1677 2610 1797 2646 sese

91 2679 260 2713 unum
307 2668 471 2730 atque
525 2661 702 2714 solum
749 2680 930 2714 rerum
992 2659 1230 2712 civilium
1278 2678 1403 2712 vere
1453 2680 1682 2732 gnarum
1733 2683 1797 2717 ac

91 2728 325 2802 peritum
372 2750 491 2786 esse
517 2733 804 2799 affirmat,
859 2731 1070 2785 abiecta
1121 2729 1414 2798 aliquando
1475 2733 1794 2788 inscientiae

94 2800 452 2856 simulatione.
523 2802 651 2858 'Sed
707 2803 994 2857 redeamus
1057 2802 1112 2853 in
1173 2802 1333 2856 viam.
1418 2803 1796 2860 Intelleximus

92 2873 279 2945 igitur,
318 2892 579 2943 quorsum
613 2875 749 2928 illud
775 2874 1018 2930 Socratis
1054 2873 1351 2944 negotium,
1393 2874 1486 2943 qui
1512 2876 1795 2931 scientiam

95 2945 442 3014 explorabat,
492 2946 831 3000 inscientiam
881 2944 1174 3017 arguebat,
1234 2943 1469 3014 denique
1517 2948 1794 3016 pertinue-

94 3016 194 3084 rit,
251 3015 491 3085 quidque
528 3018 634 3088 ipsi
670 3018 837 3071 fuerit
874 3036 937 3069 ea
975 3018 1031 3067 in
1069 3034 1127 3068 re
1165 3017 1527 3086 propositum.
1604 3019 1795 3073 Valuit

239 3270 374 3311 Plat.
406 3271 554 3323 Symp.
593 3284 634 3322 p.
679 3269 778 3313 216.
819 3270 910 3319 A),
952 3278 1095 3311 tamen
1135 3272 1238 3311 item
1275 3270 1330 3310 ad
1370 3272 1460 3310 veri
1502 3273 1793 3324 cognitionem

239 3330 476 3380 pertinuit,
515 3340 725 3380 quorsum
752 3329 979 3369 verissime
1010 3330 1054 3367 in
1087 3329 1220 3381 Apol.
1252 3341 1294 3380 p.
1325 3326 1393 3370 28.
1427 3327 1462 3366 κ]
1496 3342 1588 3382 sqq.
1626 3339 1793 3382 pertra-

239 3386 371 3426 hitur.
409 3387 524 3427 conf.
555 3386 753 3436 Phaedr.
774 3400 817 3438 p.
847 3385 946 3428 229.
976 3387 1027 3426 E.

1362 3454 1392 3504 2
1433 3454 1456 3478 a<
