2158 3718
337 92 436 145 168
939 89 1407 144 PLATONIS

334 234 556 291 ἐπειδάν
589 257 667 300 τις
695 233 991 290 καθεύδων
1027 235 1147 306 μηδ’
1183 234 1323 309 ὄναρ
1345 240 1517 309 μηδὲν
1546 236 1669 308 ὁοὰ,
1697 239 2026 310 θαυμάσιον

336 321 572 391 κέρδος
551 342 623 374 αν
651 322 731 387 εἴη
756 318 784 375 ὁ
817 318 1097 383 θάνατος.
1126 319 1227 388 ἐγώ
1262 345 1370 393 γαρ
1385 344 1457 377 αν
1475 321 1643 389 οἶμαι,
1668 322 1715 376 εἴ
1739 344 1861 377 τινα
1887 327 2030 378 ἐκλε-

334 405 574 475 ξάμενον
617 409 731 461 δέοι
773 403 983 470 ταύτην
1027 403 1131 470 τὴν
1177 404 1370 475 νύκτα,
1413 413 1472 460 ὲν
1513 409 1544 483 ᾗ
1594 405 1738 461 οὕτω
1768 410 2032 479 κατέδαρ-

335 493 463 555 θεν,
507 486 638 552 ὥςτε
680 487 802 561 μηδ
854 485 995 559 ὄναρ
1039 493 1190 554 ιὸεῖν,
1233 513 1323 544 και
1366 490 1467 554 τὰς
1509 489 1684 555 ἄλλας
1733 489 1932 555 νύκτας
1977 513 2032 546 τε

336 576 429 628 καὶ
470 571 677 644 ἡμέρας
725 572 826 636 τὰς
870 576 969 628 τοῦ
1013 575 1139 642 βίου
1184 578 1286 630 τοῦ
1317 580 1518 645 ἑαυτοῦ
1562 575 2031 647 άντιηαραθὲντα

336 656 513 733 ταύτῃ
558 661 623 734 τῇ
668 661 822 711 νυκτὶ
863 660 973 712 δέοι
1017 657 1371 732 σκεψάμενον
1416 666 1611 723 εἰπεῖν,
1659 659 1836 724 πόσας
1880 655 2036 729 ἄμει-

336 763 438 796 νον
481 746 573 795 καὶ
615 738 778 807 ἥδιον
821 738 1027 811 ἡμέρας
1070 744 1164 796 καὶ
1203 742 1405 807 νύκτας
1452 742 1656 811 ταύτης
1700 748 1799 812 τῆς
1839 742 2037 808 νυκτὸς

334 828 592 895 βεβίωκεν
607 832 663 880 ὲν
682 828 759 895 τῷ
775 828 977 880 ἑαυτοῦ
1005 823 1392 898 βίῳ,οἷμαιᾶν
1417 828 1491 898 μὴ
1527 825 1613 884 ὅτι
1645 829 1866 895 ἰδιώτην
1884 828 2033 894 τινά,

334 906 478 964 ἀλλὰ
506 906 606 964 τὸν
632 915 805 980 μέγαν
830 912 1057 980 βασιλέα
1082 911 1504 982 εὐαριθμήτους
1541 909 1614 968 ἂν
1655 910 1830 980 εὑρεῖν
1862 910 2039 968 αὐτὸν

336 994 547 1058 ταύτας
571 993 711 1067 πρὸς
736 993 838 1058 τας
860 993 1035 1058 ἄλλας
1063 993 1268 1069 ἡμέρας
1286 1000 1376 1050 καὶ
1404 998 1624 1061 νύκτας.
1651 1003 1694 1051 εὶ
1721 989 1824 1052 οὖν
1852 1000 2038 1052 τοιοῦ-

452 1188 502 1228 Ι).
571 1187 747 1228 πόσας
785 1185 1040 1242 ἄμεινον]
1106 1191 1153 1231 V.
1190 1186 1378 1244 ὁπόσας,
1419 1193 1564 1234 invitis
1595 1193 1770 1247 optimis
1801 1190 2040 1233 codicibus.

453 1246 504 1286 Ε.
570 1242 809 1286 ἅπαντες
851 1246 904 1286 οἱ
940 1247 1106 1304 zetha]
1176 1250 1218 1288 i.
1252 1247 1426 1299 πάντες,
1472 1249 1586 1302 quod
1627 1264 1678 1292 ex
1711 1249 1887 1303 optimis
1921 1250 2039 1290 libris

339 1304 539 1344 omnibus
580 1310 808 1348 mutatum.
867 1306 1010 1347 Etiam
1058 1305 1183 1347 codd.
1216 1306 1395 1350 Stohaei
1428 1304 1622 1349 ἅπαντες.
1686 1308 1797 1349 Dein
1826 1307 1880 1348 ab
1913 1307 2041 1348 editis

341 1361 460 1402 libris
493 1362 688 1404 Platonis
721 1370 825 1404 vett.
857 1359 911 1403 ἄν
942 1369 1041 1418 post
1071 1361 1231 1404 τούτου
1262 1365 1327 1418 εἴη
1359 1367 1506 1417 abest,
1540 1366 1677 1407 invitis
1709 1365 1883 1418 optimis
1914 1363 2040 1405 codd.

337 1538 603 1586 perpetua
661 1547 757 1576 una
818 1533 1145 1577 dormienda.

338 1591 530 1645 Horat.
562 1591 645 1634 Od.
692 1593 721 1636 Ι.
768 1592 858 1643 28,
905 1593 971 1636 15.
1036 1594 1147 1635 Sed

338 1661 530 1690 omnes
560 1663 659 1691 uua
694 1656 876 1697 manet
908 1663 1035 1703 ιιοΧ,
1075 1653 1146 1693 ubi

338 1719 377 1750 v.
409 1706 540 1761 intpp.
587 1709 691 1750 item
726 1721 821 1751 cum
856 1721 1072 1763 somuo3
1108 1723 1147 1748 v.

337 1763 581 1820 Xenoph.
615 1765 773 1820 Cyrop.
823 1765 932 1809 vm.
973 1767 1024 1819 7,
1075 1767 1146 1810 21.

337 1824 472 1876 intpp.
520 1824 573 1864 ad
615 1825 824 1865 Aeliau.
865 1825 982 1868 Varr.
1032 1825 1148 1866 Hist.

341 1881 392 1924 ΙΙ.
410 1879 480 1923 35.
514 1881 777 1935 Heyuium
811 1880 865 1923 ad
897 1883 1018 1936 Virg.
1045 1887 1149 1926 Aen.

399 2025 452 2066 D.
516 2022 618 2079 ἐγὼ
680 2023 779 2079 γὰρ
849 2042 908 2067 αν
969 2023 1149 2081 οἶμαι]

338 2082 539 2124 Pertinet
589 2080 643 2124 ἄν
693 2084 745 2124 ad
794 2085 1044 2126 infinitivum
1081 2082 1151 2127 εὖ·

341 2140 732 2196 petv.Repeti111n1
778 2150 845 2183 est
875 2149 1020 2185 autem
1053 2157 1152 2198 pro—

341 2205 439 2253 pter
477 2198 749 2252 parenthesin
797 2202 942 2254 paullo
985 2203 1154 2255 longio-

339 2270 447 2302 rem.
481 2257 535 2298 de
565 2270 651 2310 quo
683 2270 761 2297 usu
790 2271 828 2302 v.
865 2258 1151 2301 Hermann.

339 2315 390 2356 ad
420 2315 571 2367 Vigor.
604 2329 644 2368 ρ.
667 2315 763 2359 780.
797 2317 950 2358 Rost.
983 2316 1018 2369 §.
1053 2317 1151 2362 120.

338 2379 427 2413 not.
457 2371 500 2415 4.
537 2373 705 2414 Eadem
745 2374 799 2413 de
832 2387 990 2416 caussa
1025 2377 1151 2417 etiam

338 2431 514 2471 verbum
548 2429 638 2471 δέοι
671 2440 713 2471 et
746 2426 860 2480 οἶμαι
887 2431 1044 2474 deiude
1069 2434 1152 2474 ite-

338 2493 470 2529 ratur.
505 2488 876 2530 Heiudorfius
914 2491 1041 2530 etiam
1076 2503 1152 2530 vo-

341 2547 479 2586 culam
514 2544 557 2585 εί
582 2552 679 2587 aute
713 2548 841 2587 verba
874 2544 963 2587 δέοι
998 2544 1152 2598 σκεψᾶ·

341 2616 471 2653 μενον
513 2603 661 2644 iterari
707 2604 880 2645 volebat
916 2606 1154 2657 perspicui-

343 2661 444 2701 tatis
471 2673 640 2703 caussa.
685 2661 745 2701 Et
775 2662 980 2714 scriptum
1008 2668 1076 2702 est
1096 2663 1153 2702 ita

343 2717 455 2768 apud
486 2719 739 2760 Eusebium.
800 2718 890 2760 Sed
922 2732 1046 2772 quum
1086 2721 1150 2760 in-

342 2774 498 2816 choata
529 2781 772 2816 structurae
806 2777 915 2817 ratio
949 2790 1031 2817 non
1062 2790 1153 2818 mu-

341 2837 477 2880 tetur,
511 2832 618 2874 hauic
638 2835 937 2887 repetitionem
963 2846 1046 2875 non
1079 2848 1150 2876 ne-

343 2892 574 2931 cessariam
608 2904 705 2932 esse
736 2889 983 2933 censemus.

399 2973 464 3031 μὴ
507 2972 588 3015 ὅτι
632 2973 876 3029 ἰδιώτην]
931 2977 968 3019 h.
1010 2992 1048 3021 e.
1093 2992 1153 3021 ne

343 3034 513 3076 dicam
563 3035 838 3088 privatum
890 3037 1152 3089 aiiquem.

340 3105 378 3136 v.
414 3093 707 3134 Hermann.
739 3092 791 3132 ad
817 3092 955 3141 vierer.
988 3094 1148 3147 ρ804,

340 3163 403 3203 sq.
442 3149 651 3191 Matthiae
683 3149 755 3190 Gr.
793 3149 830 3202 ξ.
864 3149 962 3194 624.
994 3151 1037 3195 4.

399 3209 453 3251 E.
502 3202 929 3278 ευαριθμήτους
967 3205 1030 3249 ἂν
1067 3207 1148 3251 εύ-

345 3271 456 3319 ρεῐν
488 3260 650 3306 αυτὸν
683 3264 740 3335 τ.]
774 3261 910 3306 αυτόν
929 3274 1048 3309 arcte
1074 3281 1147 3309 co-

345 3324 493 3367 haeret
543 3337 638 3367 cum
682 3320 756 3365 τὸν
798 3323 929 3377 peyav
971 3325 1151 3377 βασιλέα

1233 1537 1444 1592 habetque
1466 1538 1547 1579 vim
1570 1538 1773 1590 augendi:
1796 1550 2040 1591 magnum

1233 1609 1413 1650 regem
1435 1597 1627 1649 ipsum.
1666 1595 1756 1636 Nisi
1785 1595 1896 1637 forte
1920 1598 2043 1638 maiis

1233 1661 1389 1724 putare
1437 1654 1726 1706 negiigentius
1785 1654 1886 1695 iilud
1941 1661 2044 1707 post

1232 1714 1372 1767 ipsum
1407 1725 1562 1752 nomen
1592 1724 1689 1752 esse
1721 1712 2043 1765 interpositum,

1234 1777 1283 1811 ut
1324 1769 1572 1822 Xenoph.
1627 1770 1761 1812 Annb.
1806 1770 1859 1813 ΙΙ.
1906 1768 1955 1817 4,
2004 1771 2043 1816 7.

1234 1829 1378 1871 Piat.
1429 1828 1492 1867 De
1534 1827 1646 1879 Rep.
1685 1827 1722 1868 Ι.
1769 1841 1808 1881 ρ.
1847 1827 1948 1872 375
1996 1829 2044 1869 Ι).

1237 1888 1290 1931 a!
1330 1909 1382 1916 —-
1435 1880 1801 1938 εὐαρίθμητοι
1856 1882 2045 1939 ἡμέραι

1238 1950 1436 1985 autema.
1465 1942 1584 1984 dies
1615 1945 1699 1995 qui
1733 1943 1902 1985 facile
1932 1957 2046 1997 pos-

1238 2007 1367 2043 sunt
1398 2002 1690 2053 numernri,
1731 2001 1768 2045 h.
1810 2003 1846 2045 Ἰ.
1889 2002 2045 2042 inteni-

1237 2065 1396 2114 guntur
1437 2059 1660 2112 perpauci:
1706 2066 1752 2100 et
1788 2056 1902 2113 πρὸς
1939 2060 2044 2100 indi—

1239 2125 1308 2158 cat
1336 2117 1726 2171 comparationem:
1759 2119 1799 2157 si
1834 2130 2046 2171 compn-

1239 2180 1426 2217 rentur
1456 2173 1519 2215 ad
1551 2180 1777 2216 ceteros
1818 2175 1938 2216 dies
1969 2181 2047 2216 at-

1238 2246 1338 2286 que
1379 2237 1585 2275 noctes.
1649 2231 1721 2273 Sic
1751 2234 1892 2285 pauno
1924 2239 2046 2286 post:

1237 2289 1287 2333 τὰ
1319 2289 1508 2341 ἐμαυτοῦ
1549 2287 1672 2343 πάθη
1719 2287 1832 2344 πρὸς
1864 2288 1913 2331 τὰ
1941 2288 2047 2331 ἐκεί-

1238 2364 1339 2391 νων.
1403 2348 1472 2389 Ad
1528 2344 1823 2402 εὐαρίθμητος
1871 2354 2050 2390 conten-

1239 2408 1318 2449 das
1344 2406 1530 2450 Horat.
1554 2407 1671 2447 A.P.
1694 2407 2051 2460 206.populus

1239 2465 1610 2506 numerabilis
1670 2464 1870 2517 utpote
1932 2477 2050 2517 par·

1240 2534 1348 2563 vus.
1414 2521 1617 2562 vocabuli
1641 2533 1763 2563 usum
1783 2526 1905 2562 notat
1931 2521 2050 2563 ΡοΙ-

1239 2581 1337 2622 lux
1371 2578 1510 2619 Onon.
1548 2579 1618 2622 ΙΙΙ.
1651 2578 1721 2622 88.

1298 2633 1516 2689 καὶγὰρ
1570 2631 1737 2694 οιῆδὲν
1803 2635 2042 2690 πλείων]

1239 2694 1545 2735 Fischerus
1590 2708 1642 2735 ex
1678 2694 1870 2737 Eusebio
1903 2696 2049 2735 πλεῖον

1240 2753 1422 2806 recepit.
1481 2751 1571 2793 Sed
1605 2752 1763 2793 rectius
1794 2753 1948 2793 πλείων
1979 2766 2047 2794 re-

1239 2810 1419 2855 tinetur,
1468 2815 1515 2851 ut
1546 2810 1759 2880 significet
1791 2811 2044 2864 longior,

1241 2872 1286 2908 et
1326 2862 1457 2907 ουδὲν
1498 2881 1577 2921 pro
1622 2862 1676 2908 οὖ
1723 2867 1883 2910 dictum
1928 2869 2048 2910 acci-

1241 2926 1403 2978 piatur,
1447 2938 1522 2966 usu
1565 2925 1887 2978 haudquaquam
1935 2938 2046 2969 raro.

1239 2981 1380 3024 Codd.
1419 2984 1538 3024 multi
1571 2984 1726 3035 πλείω,
1760 2995 1845 3035 quo
1877 2985 2048 3035 vnigata

1236 3041 1447 3082 firmatur.
1510 3043 1710 3083 Cicero
1758 3039 1863 3082 haec
1915 3042 2048 3082 varba

1236 3098 1292 3138 ita
1315 3098 1527 3144 reddidit:
1551 3098 1900 3154 perpetuitas
1928 3110 2047 3140 con-

1237 3159 1522 3209 sequentis
1583 3156 1850 3210 temporis
1901 3157 2049 3197 simi-

1238 3214 1304 3253 lis
1362 3214 1550 3256 futura
1597 3220 1676 3256 est
1738 3215 1827 3254 uni
1885 3214 2050 3256 nocti.

1237 3269 1441 3314 Ceterum
1493 3273 1568 3314 cfr.
1613 3271 1796 3324 Eurip.
1845 3269 1962 3312 Med.
2010 3284 2048 3311 v·

1233 3327 1301 3373 25.
1351 3328 1425 3371 τὸν
1471 3327 1607 3372 πάντα
1653 3325 1926 3382 συντήκουσα
1970 3327 2046 3368 δα-
