2222 3762
233 197 634 253 PLATONIS
675 195 1163 254 APOLOGIAM
1199 198 1607 258 SOORATIS.
1710 204 1774 256 21

79 359 186 411 que
223 360 413 395 revera
459 360 527 393 ex
563 337 845 393 voluntate
896 340 1083 394 divina
1120 360 1283 412 agere
1321 340 1634 412 planissime
1672 345 1777 398 sibi

75 411 446 482 persuaderet.
522 410 890 479 Quamobrem
941 411 1100 465 etiam
1156 413 1214 464 in
1262 413 1542 485 Apologia
1587 415 1775 469 Plato-

76 483 200 537 nica
250 481 549 537 identidem
609 482 875 550 affirmat,
943 503 1002 536 se
1056 482 1490 539 Atheniensibus
1549 486 1775 540 missum

76 571 196 608 csse
235 553 497 608 divinitus
536 561 592 607 et
626 571 692 606 ex
730 553 916 607 divino
955 553 1210 607 mandato
1250 555 1431 608 omnia
1468 556 1680 610 fecisse.

215 652 422 707 Verum
460 652 593 706 satis
631 651 766 706 haec
799 652 867 706 de
894 652 1240 725 philosophia
1266 652 1507 709 Socratis
1533 655 1591 708 in
1615 658 1771 726 Apo-

72 723 223 796 logia
274 723 550 794 descripta
600 723 687 776 vel
734 725 917 795 potius
974 723 1259 778 delineata.
1337 724 1505 793 Quod
1552 726 1772 796 quidem

71 798 150 848 ita
183 796 389 850 factum
443 813 592 862 esse,
642 802 706 847 ut
755 795 936 849 omnia
989 796 1206 849 veritati
1254 796 1398 849 vitae
1434 798 1771 868 respondere

71 867 252 938 putari
288 866 485 935 liceat,
524 865 582 918 id
620 873 766 920 certe
801 874 952 920 tanto
991 874 1076 919 est
1113 866 1463 937 credibilius,
1513 870 1771 937 quoniam

72 957 210 1007 quae
259 937 332 990 ad
378 937 803 991 consummanda
853 957 918 991 ea
966 937 1185 992 aliunde
1247 946 1377 992 sunt
1426 939 1768 1008 assumenda,

70 1008 384 1079 planissime
431 1028 554 1073 cum
591 1008 696 1061 illis
736 1010 1117 1076 consentiunt,
1166 1017 1230 1061 ut
1275 1029 1444 1062 unum
1493 1018 1769 1080 tamquam

68 1081 373 1134 sententiae
421 1098 486 1132 ac
522 1078 842 1148 disciplinae
882 1098 1079 1151 corpus
1118 1080 1430 1133 conficiant.
1498 1081 1767 1135 Transea-

70 1169 190 1204 mus
228 1148 524 1221 aliquando
564 1149 634 1203 ad
672 1149 795 1202 alia.

206 1240 510 1296 Acceditur
565 1261 696 1295 vero
744 1242 872 1295 inde
924 1262 956 1295 a
1012 1241 1252 1300 secunda
1296 1241 1465 1296 libelli
1560 1255 1674 1297 arte
1729 1278 1763 1295 <.

0 1337 1 1346 ¹
67 1314 152 1366 24.
204 1311 269 1366 C.
315 1332 436 1384 sqq.
483 1313 552 1366 ad
606 1314 972 1368 accusationis
1033 1313 1286 1385 publicae
1350 1314 1526 1368 formu
1550 1334 1634 1368 am
1684 1265 1765 1368 εἰς·

65 1383 416 1438 lucidandam
485 1393 650 1454 atque
729 1384 1088 1439 refutandam.
1199 1383 1356 1452 Quae
1432 1405 1598 1455 quum
1659 1384 1766 1441 So-

66 1455 201 1509 crati
236 1455 447 1510 crimini
482 1456 739 1509 vertisset
787 1455 1217 1510 adolescentium
1265 1459 1671 1528 corruptionem
1709 1475 1765 1511 et,-

64 1526 406 1597 publicorum
445 1526 668 1580 deorum
707 1528 1152 1594 contemtionem,
1206 1526 1585 1582 demonstrata
1635 1529 1759 1582 bre-

64 1598 206 1651 viter
251 1598 445 1651 Meleti
491 1599 596 1652 hoc
644 1599 701 1652 in
745 1618 943 1671 genere
990 1598 1209 1652 inscitia
1257 1606 1586 1670 ostensaque
1637 1601 1760 1655 talis

63 1669 278 1723 consilii
325 1671 711 1741 perversitate,
765 1670 892 1723 inde
940 1690 972 1722 a
1020 1689 1071 1739 p.
1126 1671 1210 1722 26.
1253 1669 1319 1722 Β.
1370 1670 1440 1723 ad
1481 1672 1759 1741 quaestio-

64 1759 187 1793 nem
225 1739 293 1794 de
344 1740 506 1795 modo
545 1749 599 1794 et
634 1742 841 1795 ratione
887 1740 1270 1811 depravandae
1307 1742 1609 1796 iuventutis
1647 1763 1758 1797 res—

62 1811 350 1882 pondetur.
437 1812 719 1866 Iudicatur
776 1821 957 1866 autem
1017 1813 1107 1865 ille
1167 1811 1467 1866 secundum
1534 1833 1758 1868 accusa-

61 1891 208 1937 tores
279 1883 335 1936 in
399 1904 464 1937 eo
524 1885 702 1953 cerni,
780 1883 932 1955 quod
994 1883 1252 1939 Socrates
1313 1884 1562 1954 publicos
1624 1885 1757 1940 deos

62 1960 268 2007 statuat
324 1956 532 2024 nuIIOS,
595 1955 694 2009 sed
752 1955 1094 2009 daemonium
1153 1954 1412 2024 quiddam
1461 1974 1580 2011 esse
1640 1976 1756 2011 cre-

61 2025 171 2078 dat.
240 2026 508 2079 Nimirum
557 2028 728 2080 altera
773 2026 1200 2097 corrumpendae
1248 2027 1547 2082 iuventutis
1593 2029 1753 2097 ratio⁷

58 2097 312 2151 universe
360 2118 427 2151 ex
471 2098 789 2168 sophisticis
839 2106 894 2151 et
940 2097 1183 2169 physicis
1238 2097 1484 2151 derivata
1535 2098 1752 2168 studiis,

59 2168 166 2221 iam
199 2169 258 2221 in
295 2169 664 2239 superioribus
719 2170 851 2222 satis
887 2170 1125 2222 refutata
1173 2177 1287 2236 est,
1337 2176 1399 2221 ut
1446 2169 1582 2222 nihil
1627 2190 1754 2241 pro-

58 2239 203 2292 fecto
241 2239 508 2307 viderint,
559 2241 655 2308 qui
694 2240 785 2293 hic
823 2239 1020 2293 callida
1055 2239 1246 2291 fraude
1282 2241 1598 2294 transmissa
1636 2260 1753 2295 esse

58 2309 466 2379 iudicaverunt,
516 2329 656 2380 quae
706 2310 775 2364 ad
823 2331 935 2364 rem
987 2317 1325 2381 praesentem
1371 2313 1750 2382 pertinuerint,

56 2383 374 2452 praesertim
411 2401 575 2452 quum
617 2402 680 2435 ea
719 2382 847 2436 alibi
894 2401 1114 2451 quoque
1169 2390 1479 2453 tangantur.
1553 2382 1751 2453 Itaque

58 2459 242 2506 orator
288 2472 432 2507 nunc
480 2453 719 2524 pressius
768 2471 1002 2534 sequens
1053 2453 1222 2506 verba
1283 2454 1645 2508 accusationis
1694 2456 1751 2508 in

56 2524 360 2594 posteriore
398 2525 513 2578 eius
550 2532 702 2594 parte
740 2525 937 2594 prioris
971 2543 1221 2578 caussam
1244 2531 1299 2576 et
1319 2524 1582 2579 rationem
1620 2545 1749 2579 con-

56 2596 216 2648 tineri
255 2598 420 2649 sumit
455 2595 702 2665 adeoque
743 2597 1036 2649 acervatim
1075 2596 1236 2649 ambo
1274 2595 1418 2649 illius
1458 2597 1640 2668 capita
1676 2598 1749 2651 si-

54 2667 167 2719 mul
205 2687 271 2720 ex
311 2667 481 2735 lorat,
532 2674 807 2737 tamquam
857 2666 924 2720 de
981 2681 1092 2720 una
1127 2667 1358 2720 maxime
1395 2675 1589 2740 agatur
1623 2669 1748 2724 reli-

54 2739 218 2810 gione
265 2688 598 2808 deorumque
644 2739 982 2809 publicorum
1029 2739 1393 2792 contemtione
1443 2747 1605 2808 atque
1652 2760 1747 2794 ne-

94 2809 341 2864 lectione.
416 2810 502 2862 lta
549 2829 677 2863 vero
714 2810 803 2874 fit,
854 2818 914 2863 ut
949 2829 1096 2863 nunc
1134 2810 1295 2863 etiam
1333 2812 1746 2882 comperiamu8‚

55 2829 313 2937 {ocrates
349 2881 481 2951 quid
518 2881 585 2934 de
622 2882 969 2953 religione
1007 2882 1255 2935 senserit.
1471 2879 1475 2882 ’

198 2972 341 3029 Sunt
376 2981 557 3026 autem
604 2981 714 3028 tres
752 2973 1092 3043 potissimum
1129 2973 1257 3041 loci,
1296 2973 1389 3043 qui
1426 2973 1514 3026 hic
1552 2972 1744 3028 diluci-

55 3044 268 3098 dantur.
342 3045 584 3098 Primum
627 3045 767 3097 enim
816 3043 1061 3098 ostendit
1095 3051 1302 3112 orator,
1349 3063 1469 3098 sese
1505 3045 1743 3116 Lunam,

56 3115 268 3184 Solem,
317 3117 452 3170 alios
501 3115 632 3169 deos
680 3116 959 3187 publicos,
1008 3135 1108 3185 pro
1159 3114 1356 3170 divinis
1404 3115 1604 3169 habere
1641 3137 1741 3170 nu-

53 3187 287 3241 minibus
324 3206 499 3258 ncque
524 3187 883 3259 Anaxagorae
924 3186 1220 3240 accessisse
1257 3186 1579 3256 sententiae,
1615 3188 1740 3243 illos

53 3259 107 3310 in
162 3277 392 3330 corpora
440 3259 698 3312 coelestia
743 3258 1120 3312 commutantis
1169 3259 1249 3328 (p.
1303 3260 1391 3311 26.
1429 3258 1478 3310 Β
1515 3290 1584 3298 —
1623 3258 1737 3329 E.).

54 3330 196 3383 Tum
234 3330 700 3403 argumentatione
739 3330 1022 3382 subtiliore
1077 3348 1143 3381 ex
1182 3330 1303 3399 ipsa
1338 3328 1607 3383 daemonii
1643 3350 1738 3384 na-

52 3404 174 3453 tura
220 3402 481 3469 consequi
538 3400 898 3468 demonstrat,
960 3407 1021 3453 ut
1067 3399 1200 3453 deos
1255 3419 1375 3455 esse
1420 3399 1609 3455 credat
1654 3403 1731 3471 (ρο
