2158 3718
1773 118 1876 170 173
1906 75 1907 78 Ἴ

753 113 1013 162 PHAEDO
1044 133 1089 174 p.
1122 121 1192 161 81.

99 256 189 326 δῆ,
231 253 518 319 εἰς”Αιδου
556 252 633 317 ὣς
669 253 913 325 ἀληθῶς,
953 254 1106 327 παρὰ
1141 255 1242 310 τὸν
1281 253 1500 324 ἀγαθὸν
1538 258 1633 309 καὶ
1672 255 1875 325 φρόνι-

96 360 206 410 μον
241 338 414 408 θεόν,
452 332 538 408 οἶ,
576 336 648 393 ἀν
684 338 822 402 θεὸς
859 340 1058 412 ἐθέλῃ,
1106 339 1307 394 αὐτίκα
1345 342 1438 393 καὶ
1474 342 1542 410 τῇ
1582 340 1687 409 ε’μῇ
1724 344 1875 409 ψυχῇ

98 425 281 493 ἰτέον,
330 421 472 492 αὕτη
511 423 573 477 δὲ
620 421 688 493 δὴ
725 421 860 493 ἡμῖν
897 423 931 495 ἡ
979 425 1209 495 τοιαύτη
1258 425 1352 478 καὶ
1399 422 1548 477 οὕτω
1587 432 1876 493 πεφυκυῖα

97 507 554 576 ἀπαλλαττομένη
609 511 712 560 τοῦ
774 508 1028 578 σώματος
1083 507 1260 572 εὐθὺς
1315 507 1727 578 διαπεφύσηται
1782 511 1877 562 καὶ
1938 517 1942 525 ’

97 591 418 660 ἀπόλωλεν,
467 589 547 654 ὥς
602 606 778 660 φασιν
834 594 892 646 οἱ
933 596 1133 647 πολλοὶ
1179 593 1502 663 ἄνθρωποι;
1559 595 1775 645 πολλοῦ
1812 611 1877 660 γε

97 678 210 744 δεῖ,
259 667 308 730 οἷ
345 677 475 745 φίλε
513 676 696 746 Κέβης
732 696 790 730 τε
828 679 921 731 καὶ
960 682 1200 749 Σιμμία,
1256 674 1398 731 ἀλλὰ
1433 680 1625 748 πολλῷ
1661 679 1878 746 μᾶλλον
1900 687 1934 728 Ε

98 751 402 832 ὤδεγέχει·
463 758 565 814 ε’ἀν
619 760 723 830 μὲν
775 760 1000 833 καθαροὶ
1052 760 1492 832 ἀπαλλάττηται,
1548 760 1725 831 μηδὲν
1775 763 1878 814 τοῦ

97 842 351 913 σώματος
388 844 840 916 ξυνεφέλκουσα,
880 845 978 900 ἅτε
1016 844 1189 901 οὐδὲν
1226 848 1583 901 κοινωνοῦσα
1622 842 1773 914 αὐτῷ
1813 845 1877 898 ἐν

94 931 172 999 τῷ
209 931 315 999 βίῳ
353 928 561 983 ἑκοῦσα
588 926 751 999 εἶναι,
792 930 933 984 ἀλλά
961 932 1255 1000 φεύγουσα
1282 928 1419 984 αὐτὸ
1444 932 1538 983 καὶ
1565 935 1878 999 συνηθροι-

94 1013 272 1082 σμένη
310 1009 451 1082 αὕτη
493 1014 570 1076 εἰς
596 1010 794 1083 αὑτήν,
833 1013 930 1068 ἅτε
955 1018 1242 1083 μελετῶσα
1268 1012 1354 1067 ἀεὶ
1379 1017 1565 1082 τοῦτο,
1611 1045 1668 1053 --
1709 1015 1875 1065 τοῦτο

55 1135 66 1142 »
94 1096 159 1149 δὲ
197 1093 368 1150 οὐδὲν
406 1095 544 1150 ἄλλο
585 1097 740 1151 ἐστὶν
776 1097 812 1167 ἢ
851 1096 1038 1168 ὀρθῶς
1075 1102 1473 1168 φιλοσοφοῦσα
1510 1098 1604 1151 καὶ
1640 1100 1716 1166 τῷ
1754 1094 1878 1149 ὄντι

65 1174 368 1234 τεθνάναι
413 1183 700 1250 μελετῶσα
747 1174 977 1252 ῥαδίως·
1043 1181 1079 1252 ἢ
1126 1181 1195 1236 οὐ
1242 1180 1396 1236 τοῦτ’
1437 1181 1508 1235 ἀν
1556 1186 1640 1250 εἰή
1678 1180 1876 1249 μελέτη
1907 1194 1961 1236 81

96 1264 380 1329 θανάτους
419 1264 764 1319 Παντάπασί
795 1286 876 1335 γε.
958 1266 1189 1320 Οὐκοῦν
1227 1265 1374 1320 οὕτω
1414 1267 1517 1336 μὲν
1555 1267 1762 1333 ἔχουσα
1801 1265 1879 1328 εἰς

96 1347 159 1401 τὸ
199 1346 396 1418 ὅμοιον
433 1347 606 1420 αὐτῇ,
652 1349 718 1403 τό
759 1347 965 1420 ἀειδές,
1015 1349 1338 1422 ἀπέρχεται,
1387 1349 1449 1403 τὸ
1486 1349 1650 1403 θεῖόν
1686 1368 1746 1401 τε
1783 1350 1877 1401 καὶ

47 1502 52 1506 .
96 1431 386 1487 ἀθάνατον
442 1436 535 1487 καὶ
592 1435 900 1504 φρόνιμον,
958 1427 1017 1488 οἶ
1068 1433 1382 1505 ἀφικομένῃ
1439 1432 1677 1503 ὑπάρχει
1734 1430 1876 1500 αὐτῇ

98 1515 392 1587 εὐδαίμονι
419 1514 582 1587 εἶναι,
622 1519 836 1588 πλάνης
862 1522 954 1573 καὶ
982 1519 1175 1583 ἀνοίας
1200 1521 1293 1573 καὶ
1320 1519 1518 1588 φόβων
1543 1518 1637 1570 καὶ
1662 1516 1876 1586 ἀγρίων

210 1683 267 1730 οἴ
282 1687 495 1731 πολλοὶ
517 1681 844 1745 ανθρωποι]
868 1686 917 1731 οἷ
934 1704 983 1732 π.
1006 1690 1098 1732 τῶν
1121 1684 1393 1745 ἀνθρώπων
1412 1691 1541 1731 vind.
1555 1688 1595 1730 Φ
1614 1690 1762 1730 Ambl-

208 1759 257 1799 E.
289 1746 324 1800 ὦ
354 1759 490 1812 φίλε
518 1758 667 1815 Κεβ.]
702 1760 814 1814 φίλε
841 1761 968 1814 vulgo
992 1762 1229 1815 neglectum
1252 1774 1305 1802 ex
1325 1762 1450 1802 codd.
1474 1761 1598 1814 longe
1619 1759 1814 1813 plurimis
1837 1766 1878 1799 et

96 1814 192 1855 Bas.
216 1817 241 1855 2
261 1817 551 1857 revocandum
573 1816 668 1857 fuit.

210 1877 355 1939 αὐτὴ
380 1882 463 1934 εἰς
484 1879 686 1941 αὑτήν]
712 1888 876 1928 Desunt
896 1888 1029 1928 haec
1021 1902 1063 1927 m
1086 1890 1192 1929 Tub.
1216 1896 1257 1928 et
1277 1889 1320 1927 in
1341 1887 1462 1930 Bodl.
1472 1887 1659 1939 margini
1679 1891 1780 1925 suut
1799 1885 1874 1925 ad-

95 1941 268 2038 siciiipta.
308 1941 515 1983 N1m11um
539 1945 629 1984 visa
650 1952 750 1984 sunt
771 1946 900 1986 verba
924 1945 1080 1985 criticis
1103 1946 1194 1985 istis
1218 1956 1313 1985 esse
1336 1954 1666 1997 supervacanea,
1689 1939 1804 1982 unde
1827 1953 1876 1981 ea

127 2010 149 2038 e
168 2005 280 2038 etum
301 1998 481 2038 iverunt.

207 2082 256 2122 P.
279 2083 345 2124 81.
377 2076 438 2123 τὸ
481 2076 697 2135 ἀειδές]
740 2085 821 2125 Ριο
853 2081 905 2126 τὸ
938 2077 1113 2133 ἀειδὲς,
1137 2085 1252 2136 quod
1274 2084 1449 2124 debetur
1470 2083 1590 2125 Bodl.
1615 2084 1721 2126 Tub.
1746 2081 1875 2123 Coisl.

96 2139 192 2179 V.at
223 2139 331 2178 Ven.
349 2138 445 2185 ΞΠ
471 2141 600 2180 vind.
624 2140 664 2181 Φ
694 2140 847 2184 Pa1.G
878 2142 1025 2185 Amb1.
1058 2143 1166 2193 Aug
1198 2140 1309 2180 F101.
1332 2140 1359 2180 d
1386 2139 1571 2179 Eusebio
1603 2146 1644 2178 et
1673 2138 1874 2188 Stobaeo,

94 2194 225 2247 vulgo
246 2194 467 2246 legebatur
487 2189 538 2237 τὸ
562 2197 716 2238 θεῖον.

210 2261 310 2305 καὶ
349 2257 578 2330 ἀνοίας]
621 2265 767 2319 Steph.
790 2278 885 2306 cum
907 2267 1001 2308 Pa1.
1026 2265 1058 2307 G
1088 2259 1302 2320 ἀγνοίας.
1346 2264 1446 2306 Mox
1466 2267 1578 2308 Ven.
1601 2263 1704 2311 ΞΠ
1727 2263 1822 2304 Par.
1843 2264 1876 2305 L

96 2320 207 2362 Flor.
229 2333 251 2361 c
271 2321 376 2363 Tub
399 2314 733 2375 ἀνθρωπίνων.

156 2470 242 2523 εἰς
272 2469 463 2517 ’Ἅιδου
491 2469 561 2523 ὡς
592 2468 848 2541 ἀληθῶς]
892 2478 941 2516 in

97 2543 205 2572 eum
253 2531 446 2582 locum,
498 2533 589 2583 qui
628 2545 752 2572 vere
792 2525 942 2587 α’δης

97 2595 191 2628 est.
223 2587 350 2628 Ludit
371 2589 480 2628 enim
504 2590 545 2627 in
570 2588 845 2629 similitudine
865 2602 936 2630 vo-

95 2643 340 2684 cabalorum
380 2637 551 2698 ἀειδής
591 2651 632 2684 et
660 2635 838 2699 Ἅιδης.
881 2645 944 2685 De

95 2700 320 2749 utriusque
373 2713 467 2744 voc
523 2702 836 2742 necessitudine
903 2715 942 2745 v,

97 2756 223 2796 etiam
253 2754 412 2809 Cratyl.
404 2770 477 2821 p.
497 2758 596 2798 403.
639 2758 776 2798 Vocat
801 2767 943 2797 autem

95 2811 209 2852 hunc
237 2824 388 2853 verum
404 2804 584 2867 Αιδην,
615 2814 715 2865 quia
741 2814 825 2854 illic
845 2822 948 2855 sunt

97 2867 325 2932 simplices
347 2869 445 2909 illae
481 2877 522 2909 et
556 2871 842 2911 immutabiles
879 2884 944 2910 re-

95 2935 191 2963 rum
213 2924 393 2975 species,
425 2938 529 2976 quas
551 2934 675 2966 antea
697 2927 834 2967 omnis
855 2926 945 2967 foi-

98 2991 193 3019 mae
205 2989 413 3047 expertes
437 2993 532 3020 esse
553 2982 708 3025 docuit.

156 3048 303 3089 αντη
333 3030 394 3076 δε
425 3029 496 3089 δὴ
517 3029 605 3089 ἡμ.
614 3034 631 3091 ]
656 3039 832 3091 Propter
854 3040 947 3080 lon—

97 3091 260 3144 gioiem
320 3092 520 3132 oiationis
586 3093 946 3158 inteicapedinem

98 3148 274 3187 iteratur
302 3144 373 3200 δέ,
403 3160 486 3200 quo
517 3149 727 3201 oppositio
749 3149 946 3191 inchoata

98 3204 240 3244 denuo
262 3202 760 3257 1ediuteg1etur.cf.ad
779 3219 821 3260 p.
831 3207 942 3250 8813.

97 3259 232 3329 Legg.
256 3262 327 3301 III.
351 3274 394 3313 p.
418 3262 500 3302 69.)
516 3261 607 3303 DE

157 3329 209 3357 οι
229 3314 439 3358 πολλοὶ
461 3308 787 3371 ἄνθρωποι]
812 3318 867 3361 V.
892 3318 947 3358 ad

158 3427 205 3470 Ε.
237 3419 447 3470 ἑκοῦσα
478 3423 649 3481 εἶναι]
694 3438 971 3480 ᾳιιαιιιιιηι’

1030 2477 1241 2528 quidem
1282 2477 1342 2516 ab
1383 2476 1557 2529 ipsius
1598 2474 1879 2515 voluntate

1028 2533 1301 2597 penderet.
1332 2546 1371 2573 v.
1395 2545 1438 2586 p
1461 2532 1586 2573 610.

1086 2582 1378 2631 τεθνάναι
1428 2586 1721 2652 μελετῶσα
1779 2580 1879 2640 ρα-

1034 2643 1193 2696 δίως]
1235 2657 1402 2696 aequo
1444 2645 1616 2684 animo
1657 2650 1878 2683 mortem

1030 2702 1307 2742 meditans.
1364 2701 1508 2752 Neque
1548 2701 1661 2739 enim
1701 2693 1879 2754 ραδίως

1030 2770 1128 2797 cum
1152 2753 1391 2799 τεθνάναι
1410 2757 1688 2820 iungendum.

1088 2814 1137 2854 P.
1159 2815 1227 2854 81.
1281 2808 1513 2856 Οὐκοῦν
1572 2803 1720 2853 ου’τω
1743 2824 1879 2877 μεν

1033 2866 1250 2938 ἔχουσα
1272 2868 1344 2923 --]
1392 2872 1567 2910 Iteratur
1595 2881 1673 2922 per
1701 2859 1880 2909 οὐκοῦν

1033 2940 1186 2974 ουτως
1223 2921 1395 2981 ἔχουσα
1431 2926 1616 2978 p10tasis
1651 2933 1775 2965 antea
1804 2925 1880 2963 ab-

1033 2991 1159 3036 iupta
1189 2991 1229 3022 et
1255 2983 1488 3023 absolvitur
1518 2982 1614 3022 dein
1644 2981 1761 3020 filum
1783 2991 1879 3018 ota-

1033 3040 1159 3078 tionis
1189 3042 1272 3089 sic,
1303 3048 1351 3078 ut
1372 3039 1575 3092 apodosis
1606 3042 1728 3076 exeat
1747 3036 1791 3074 in
1812 3035 1878 3074 in—

1034 3104 1119 3134 tem
1100 3097 1378 3160 ogationem.

1088 3144 1338 3205 ὑπάρχει
1380 3143 1526 3203 αὐτῇ
1563 3139 1879 3212 εὐδαίμονι

1034 3200 1211 3261 εἶναι]
1242 3207 1287 3248 h.
1316 3221 1352 3247 e.
1383 3207 1431 3246 ei
1461 3205 1733 3271 contingit
1763 3216 1880 3243 esse

1032 3264 1235 3304 beatae.
1310 3264 1410 3303 Mox
1458 3254 1654 3315 ἀγρίους
1705 3255 1879 3312 ἔρωτας

1034 3319 1203 3359 omnino
1232 3319 1454 3370 intellegas
1485 3318 1545 3357 de
1585 3317 1760 3356 saevis
1798 3315 1878 3354 in-

1032 3375 1359 3424 domitisque
1390 3373 1797 3425 cupiditatibus.
1823 3368 1880 3409 ef.

1032 3430 1168 3483 intpp.
1191 3431 1246 3472 ad
1268 3429 1485 3483 Aristoph.
1508 3429 1617 3471 Nnb.
1637 3429 1736 3469 349.
