2222 3762
383 178 448 231 32
846 166 1461 232 PROLEGOM'ENA
1501 179 1610 231 At)

379 318 666 387 νησάντων
718 322 870 375 δοκεῖ
926 327 984 374 ὲκ
1033 323 1134 374 τοῦ
1183 317 1466 388 τάγματος
1510 322 1619 374 τῶν
1675 321 1873 374 ἀθέων
1909 319 2078 391 ὑπάρ·

375 413 523 464 χειν,
588 391 837 464 φάμενος
883 391 972 446 ὅτι
1020 397 1074 446 οἱ
1125 394 1353 444 παλαιοὶ
1404 395 1722 462 νομοθέται
1772 395 2079 448 ἐπίσκοπόν

380 485 504 518 τινα
541 467 652 517 τῶν
689 463 1070 534 ἀνθρωπίνων
1108 461 1574 532 κατορθωμάτων
1622 468 1714 517 καὶ
1753 463 2077 534 ἀμαρτημά·

378 557 488 590 των
527 539 768 589 ἔπλασαν
807 535 906 588 τὸν
947 531 1121 604 θεόν,
1172 532 1307 605 ὑπὲρ
1346 537 1446 587 τοῦ
1478 539 1692 604 μηδένα
1731 534 1930 606 λάθρᾳ
1978 535 2079 590 τὸν

377 604 614 673 πλήσιον
663 607 875 660 ἀδικεῖν
927 601 1338 674 εὐλαβούμενον
1374 604 1474 671 τὴν
1512 605 1620 660 ὑπὸ
1662 610 1769 661 τῶν
1811 609 1964 661 θεῶν
1998 629 2073 661 τι·

374 682 623 749 μωρίαν,
663 700 710 731 κ.
750 700 796 731 τ.
839 680 884 730 λ.
941 683 995 729 et
1042 675 1498 730 Plutarchum
1535 677 1623 731 De
1661 677 2072 749 superstitione,

374 771 429 822 p.
477 753 594 803 171.
634 749 728 820 qui
764 768 886 802 eum
919 767 1104 819 parem
1148 747 1280 809 dicit
1303 747 1413 800 Dia
1454 768 1580 802 orae
1613 749 1749 815 μήτε
1774 746 1898 803 τινὰ
1923 753 2078 804 θεῶν

373 820 511 890 μήτε
560 818 846 885 δαιμόνων
894 822 1196 887 νομίζοντι..
1248 819 1390 872 conf.
1495 820 1722 893 aylius
1759 822 1898 875 Lex.
1938 820 2075 875 Crit.

377 912 418 946 S.
458 914 510 946 v.
550 891 838 947 Critias.
910 890 1092 944 Huius
1114 890 1283 962 igitur
1309 891 1516 944 scelera
1541 899 1704 961 atque
1742 893 2076 963 impietatem

373 963 529 1017 multi
570 963 786 1018 Socrati
827 963 1038 1016 crimini
1074 961 1372 1031 dederunt,
1424 962 1626 1035 quippe
1677 983 1743 1016 ex
1794 965 1947 1018 cuius
1995 965 2079 1017 in-

373 1035 657 1089 stitutione
695 1053 759 1088 ac
798 1034 1087 1105 disciplina
1121 1034 1397 1105 profectus
1434 1043 1604 1104 esset,
1644 1055 1823 1105 neque
1860 1035 2078 1089 videtur

371 1107 483 1160 ullo
518 1106 680 1160 modo
720 1105 957 1160 dubitari
993 1124 1176 1176 posse,
1223 1106 1356 1174 quin
1394 1105 1558 1160 huius
1598 1107 1943 1176 potissimum
1977 1106 2075 1160 ho·-

371 1178 530 1231 minis
569 1182 828 1231 memoria
863 1196 955 1230 reo
992 1178 1271 1230 innocenti
1315 1196 1415 1248 per
1451 1186 1831 1231 accusatorum
1871 1178 2075 1231 calum-

370 1251 516 1303 niam
555 1257 768 1302 tantum
803 1249 1041 1302 invidiae
1081 1249 1406 1316 confecerit,
1448 1256 1512 1301 ut
1548 1249 1616 1302 ab
1655 1249 1900 1302 heliastis
1940 1269 2074 1302 con·-

372 1321 735 1374 demnaretur.
812 1321 901 1374 De
954 1340 1064 1390 qua
1112 1339 1171 1372 re
1221 1319 1624 1374 Aeschines
1676 1320 1773 1375 Or.
1813 1320 1937 1375 adv.
1978 1322 2074 1374 Ti-

370 1392 570 1450 march.
616 1413 668 1464 p.
724 1394 839 1446 118.
904 1391 988 1445 ed.
1040 1391 1242 1444 Bremi.
1292 1392 1339 1461 ξ.
1392 1393 1474 1447 71.
1537 1393 1721 1446 ἔπειθ’
1787 1393 1971 1462 ὑμεῖς,
2031 1389 2072 1445 ὦ

365 1464 689 1528 Ἀθηναῖοι,
736 1463 1055 1535 Σωκράτην
1103 1466 1205 1532 μὲν
1244 1468 1343 1516 τον
1382 1461 1662 1536 σοφιστὴν
1699 1463 2071 1534 ἀπεκτείνατε,

370 1537 457 1590 ὅτι
483 1539 723 1605 Κριτίαν
747 1533 927 1609 ἐφάνη
957 1532 1329 1598 πεπαιδευκώς
1368 1540 1463 1588 ἕνα
1491 1537 1598 1588 τῶν
1622 1534 1722 1590 τὸν
1760 1538 1938 1603 δῆμον
1960 1547 2073 1590 ’κα-

368 1605 740 1662 ταλυσάντων.
781 1607 876 1661 ubi
914 1605 1063 1677 quod
1088 1605 1345 1661 Socrates
1389 1604 1666 1680 σοφιστής
1702 1615 1950 1676 vocatur,
1990 1608 2071 1661 vi-

369 1679 530 1733 detur
564 1678 733 1746 illud,
787 1698 1116 1749 quamquam
1164 1697 1361 1731 nomen
1411 1696 1475 1731 eo
1524 1685 1769 1749 tempore
1805 1698 1919 1732 non
1957 1687 2075 1732 erat

367 1751 824 1822 ignominiosum,
865 1750 990 1820 sed,
1030 1757 1087 1805 ut
1123 1749 1202 1802 ait
1240 1749 1602 1821 Diogenes
1641 1751 1869 1804 Laert.
1901 1751 1946 1804 I.
1990 1753 2071 1804 12.

369 1828 422 1876 οὶ
473 1826 648 1895 σοφοὶ
700 1826 791 1875 καὶ
853 1824 1123 1894 σοφισταὶ
1171 1824 1502 1885 ἐκαλοῦντο,
1550 1829 1733 1875 tamen
1784 1841 1893 1875 non
1953 1822 2072 1875 sine

369 1893 608 1963 quodam
645 1900 924 1947 contemtu
949 1894 1026 1946 ita
1051 1892 1187 1946 fieri.
1267 1891 1379 1948 Sed
1407 1899 1748 1946 transeamus
1773 1892 2071 1962 aliquando

367 1964 438 2018 ad
475 1964 940 2020 Alcibiadem.
1023 1964 1082 2018 Is
1131 1983 1261 2018 vero
1317 1963 1602 2018 Socratem
1652 1965 1783 2017 item
1832 1971 2071 2018 sectatus

366 2050 450 2091 est
486 2036 903 2105 studiosissime,
941 2035 1108 2105 idque
1141 2054 1204 2089 eo
1235 2034 1399 2089 modo
1424 2036 1572 2104 fecit,
1613 2036 1845 2088 utillum
1872 2055 2072 2108 magna

365 2128 576 2181 semper
611 2108 918 2162 reverentia
953 2114 1394 2177 prosequeretur.
1473 2106 1644 2160 Cuius
1696 2107 1777 2160 rei
1823 2108 2070 2161 testimo-

362 2180 514 2234 nium
549 2187 766 2251 praeter
803 2179 1091 2232 Platonem
1128 2179 1184 2231 in
1224 2177 1480 2252 SympOS.
1518 2199 1573 2250 p.
1602 2180 1722 2231 216.
1763 2179 1830 2231 Β.
1870 2178 1972 2247 ἐγώ
2011 2182 2070 2232 δὲ

362 2255 564 2306 τοῦτον
615 2250 795 2319 μόνον
839 2250 1174 2319 αἰσχύνομαι
1223 2272 1270 2303 κ.
1323 2272 1370 2303 τ.
1418 2253 1466 2303 λ.
1515 2250 1581 2303 al.
1639 2249 1859 2304 exhibet
1907 2249 2069 2303 etiam

362 2322 795 2377 Plutarchus
862 2321 988 2375 Vol.
1046 2322 1092 2375 I.
1145 2341 1199 2393 p.
1254 2323 1371 2375 194.
1427 2321 1495 2374 Β.
1565 2325 1656 2375 καὶ
1718 2322 2068 2392 δραπετεύων

361 2394 598 2467 ἀτεχνῶς
649 2402 996 2463 ἐκυνηγεῖτο,
1050 2398 1195 2462 πρός
1241 2393 1424 2460 μόνον
1460 2399 1671 2447 ἐκεῖνον
1710 2396 1845 2462 ἔχων
1884 2390 1946 2446 τὸ
1986 2399 2066 2447 αὶ-

362 2468 593 2522 δεῒσθαι
630 2470 721 2520 καὶ
761 2463 823 2519 τὸ
868 2469 1199 2535 φοβεῖσθαι.
1275 2464 1397 2517 Nec
1451 2483 1580 2517 vero
1621 2462 1878 2517 Socrates
1914 2463 2066 2516 vide-

360 2546 450 2591 tur
509 2538 565 2591 in
623 2537 970 2590 adolescente
1037 2535 1518 2606 praestantissimis
1578 2535 1783 2606 ingenii
1845 2534 2067 2588 dotibus

362 2617 553 2663 ornato
593 2609 846 2680 exiguam
887 2627 1037 2679 spem
1075 2607 1357 2678 posuisse3
1413 2626 1465 2658 v,
1507 2606 1686 2658 Plat.
1728 2606 1951 2678 Protag.
1990 2605 2066 2659 in.

363 2678 537 2753 Gorg.
577 2700 630 2751 p.
670 2681 791 2733 481.
843 2679 915 2732 D.
967 2677 1218 2749 Sympos.
1271 2698 1323 2747 p.
1365 2678 1468 2729 212
1509 2697 1663 2747 sqq.,
1719 2677 1814 2731 ubi
1851 2677 2063 2730 indoles

362 2758 528 2821 atque
566 2770 742 2804 mores
779 2749 1084 2804 Alcibiadis
1123 2748 1322 2802 vividis
1364 2747 1566 2818 depicti
1605 2757 1734 2802 sunt
1773 2749 2066 2803 coloribus.

363 2821 477 2878 Sed
518 2823 677 2876 istam
714 2823 920 2892 primae
953 2821 1252 2875 iuventutis
1292 2821 1652 2873 reverentiam
1692 2839 1814 2873 cum
1855 2819 2064 2891 pudore

359 2895 499 2948 inter
535 2895 669 2948 vitia
705 2901 759 2946 et
798 2894 1057 2946 virtutem
1096 2891 1273 2945 medio
1313 2891 1659 2944 coniunctam
1698 2891 1906 2962 expulit
1938 2911 2065 2944 mox

359 2973 524 3035 atque
585 2965 824 3019 abolevit
883 2964 1168 3035 superbia,
1228 2961 1532 3032 cupiditas,
1594 2982 1764 3034 prava
1822 2963 2062 3016 ambitio,

359 3037 504 3091 Nam
545 3037 638 3107 qui
683 3044 793 3089 tam
829 3036 1163 3107 praeclaram
1201 3053 1352 3104 spem
1391 3032 1457 3086 de
1498 3053 1556 3087 se
1596 3034 1973 3102 excitavisset,
2015 3034 2061 3087 is

358 3108 573 3180 generis
617 3107 917 3176 nobilitate,
955 3106 1265 3160 divitiarum
1303 3105 1692 3175 magnitudine,
1729 3107 1930 3158 formae
1967 3125 2063 3158 ve-

358 3187 610 3248 nustate,
661 3179 823 3232 animi
871 3178 1187 3250 ingeniique
1245 3177 1535 3245 felicitate,
1603 3176 1837 3245 denique
1885 3176 2062 3229 homi-

358 3271 488 3304 num
524 3251 878 3304 admiratione
929 3249 1063 3302 adeo
1112 3257 1455 3301 transversus
1493 3256 1647 3302 actus
1687 3256 1802 3316 est,
1852 3255 1914 3300 ut
1950 3267 2060 3300 non

359 3322 520 3376 modo
571 3330 864 3394 praecepta
914 3320 1157 3376 Socratis
1208 3339 1315 3373 non
1370 3320 1600 3390 amplius
1657 3326 1900 3385 curaret,
1961 3318 2056 3371 sed

361 3395 524 3450 etiam
573 3395 749 3467 ipsum
799 3394 1118 3466 magistrum
1169 3391 1332 3462 impie
1386 3391 1706 3462 negligeret.
1782 3389 2059 3458 Quocirca
