2158 3718
220 113 329 168 244
950 113 1275 160 PLATONIS

222 258 280 308 εἴ
317 255 377 308 τί
417 254 573 309 ἐστιν
618 252 758 310 ἄλλο
810 251 987 308 καλὸν
1033 251 1184 324 πλὴν
1220 251 1358 309 αὐτὰ
1395 253 1458 309 τὸ
1496 254 1702 325 καλόν,
1750 253 1886 310 οὐδὲ
1922 254 2004 310 δι’

221 338 285 393 ἓν
322 336 462 393 ἄλλο
499 337 675 394 καλὸν
714 335 861 394 εἶναι
895 330 933 408 ἢ
971 338 1114 393 διότι
1149 339 1364 409 μετέχει
1392 340 1616 394 ἐκείνου
1653 343 1756 394 τοῦ
1794 343 2001 394 καλοῦ·

222 422 318 477 καὶ
362 424 544 478 πάντα
589 422 658 494 δὴ
706 422 855 478 οὕτω
903 422 1068 491 λέγω.
1141 427 1211 494 τῇ
1255 425 1445 494 τοιᾷδε
1482 425 1632 496 αἰτίᾳ
1670 424 2001 495 ξυγχωρεῖς;

221 508 525 580 Ξυγχωρῶ,
566 510 692 578 ἔφη.
748 506 834 561 Οὐ
871 509 1089 576 τοίνυν,
1124 500 1164 576 ἦ
1202 505 1275 560 δ’·
1299 505 1378 577 ὅς,
1417 510 1499 563 ἔτι
1534 509 1830 580 μανθάνω,
1869 507 2007 563 οὐδὲ

222 591 470 662 δύναμαι
505 590 602 656 τὰς
639 590 813 655 ἄλλας
849 593 1028 655 αἰτίας
1063 589 1161 656 τὰς
1198 590 1378 662 σοφὰς
1401 594 1606 658 ταύτας
1640 593 2003 664 γιγνώσκειν·

223 674 352 730 ἀλλ’
394 676 496 731 ἐάν
531 678 615 740 τίς
651 697 747 747 μοι
784 678 946 748 λέγῃ,
997 677 1141 730 διότι
1177 677 1355 732 καλόν
1395 678 1550 733 ἐστιν
1587 677 1810 748 ὁτιοῦν,
1848 678 1884 748 ἢ
1922 677 2008 732 ὅτι

159 774 195 815 D
227 765 422 831 χρῶμα
473 759 713 824 εὐανθὲς
749 762 898 830 ἔχον,
936 760 973 831 ἢ
1012 766 1219 833 σχῆμα,
1258 761 1295 832 ἢ
1333 761 1470 816 ἄλλο
1509 761 1703 817 ὁτιοῦν
1738 767 1854 817 τῶν
1890 782 2009 816 τοι-

226 843 433 915 ούτων,
472 843 539 898 τοὶ
577 845 682 915 μὲν
719 843 864 899 ἄλλα
902 849 1119 917 χαίρειν
1159 848 1254 916 ἐῶ,
1291 847 1632 917 ταράττομαι
1655 845 1764 918 γὰρ
1791 849 1856 902 ἐν
1892 853 2010 909 τοῖς

225 926 420 994 ἄλλοις
455 934 611 999 πᾶσι,
650 933 818 984 τοῦτο
858 930 921 985 δὲ
958 929 1148 995 ἁπλῶς
1184 933 1279 986 καὶ
1316 930 1560 1002 ἀτέχνως
1603 932 1698 985 καὶ
1742 935 1876 995 ἴσως
1913 927 2010 984 εὕ-

224 1014 383 1084 ήθως
412 1016 526 1084 ιέχω
565 1013 701 1085 παρ’
742 1015 984 1088 ἐμαυτῷ,
1013 1015 1098 1070 ὅτι
1136 1015 1242 1071 οὐκ
1268 1015 1417 1077 ,ἄλλο
1456 1037 1508 1071 τι
1545 1023 1699 1071 ποιεῖ
1730 1012 1868 1070 αὐτὸ
1906 1034 2010 1069 κα-

227 1096 331 1153 λὸν
366 1097 404 1171 ἢ
439 1097 473 1169 ἡ
517 1100 742 1154 ἐκείνου
779 1104 882 1154 τοῦ
908 1105 1088 1154 καλοῦ
1117 1106 1226 1155 εἴτε
1249 1105 1533 1172 παρουσία
1572 1105 1682 1155 εἴτε
1719 1101 2006 1169 κοινωνία,

338 1271 386 1316 G
417 1268 567 1326 πλην
588 1286 730 1315 αυτο
753 1266 813 1314 τὸ
835 1269 1040 1330 καλόν]
1066 1287 1148 1316 οιιι.
1171 1289 1236 1329 pr.
1260 1274 1381 1316 Bodl.
1404 1275 1513 1318 Ven.
1538 1274 1600 1319 H.

337 1356 426 1385 οτι
447 1335 717 1398 χρῶμα]”
688 1355 762 1385 οτι
784 1356 866 1384 οιιι.
879 1345 986 1386 Tub.
997 1346 1105 1389 Ven.
1118 1345 1169 1387 H
1186 1351 1226 1386 et
1245 1357 1310 1400 pr.
1328 1345 1449 1388 Bodl.
1472 1345 1609 1385 Eiecit
1629 1343 1825 1385 voculam
1847 1344 2003 1403 Herm.²

223 1400 302 1441 sed
321 1413 364 1444 v.
384 1401 603 1453 interpret.
645 1400 751 1440 Dein
774 1390 850 1442 ὅτι
872 1400 1031 1456 σχῆμα
1050 1403 1147 1445 Vat.
1170 1403 1302 1444 Vind.
1324 1402 1363 1444 Φ
1383 1402 1478 1442 Par.
1502 1400 1538 1442 G
1558 1402 1706 1445 Ambr.

335 1470 385 1511 D.
419 1461 688 1539 ατὲχνως]
715 1470 787 1512 Sic
807 1471 919 1513 Ven.
942 1470 990 1519 ,Ξ
1005 1473 1133 1513 Vind.
1161 1473 1203 1515 Y
1219 1473 1314 1517 Par.
1340 1472 1418 1514 CG
1439 1471 1549 1515 Flor.
1575 1472 1603 1512 d
1622 1484 1663 1512 m
1686 1478 1727 1511 et
1747 1483 1853 1513 corr.
1877 1469 2007 1512 Coisl.

223 1527 332 1568 Ven.
355 1528 397 1568 Λ
417 1538 494 1580 pro
515 1527 634 1581 vulg.
656 1525 882 1582 ατεχνῶς.

333 1590 364 1651 ἡ
406 1589 565 1639 ἔκείν
576 1596 658 1651 ου]
700 1598 936 1638 Articulum
959 1612 982 1639 e
1000 1600 1096 1641 Vat.
1120 1599 1249 1641 Vind.
1275 1599 1314 1641 Φ
1343 1599 1438 1640 Par.
1461 1597 1497 1639 G
1524 1598 1634 1641 Flor.
1656 1599 1684 1639 d
1710 1599 1853 1653 recepi
1881 1609 2009 1653 prae·

222 1661 347 1695 eunte
367 1653 576 1698 Bekkero.
619 1655 736 1695 Idem
758 1654 860 1695 fecit
879 1655 1021 1697 Herm.
1043 1657 1238 1708 quamvis
1260 1656 1391 1697 invito
1412 1655 1534 1696 Bodl.
1557 1661 1599 1695 et
1618 1654 1724 1700 Tub.

278 1802 416 1851 οὐδὲ
438 1801 516 1850 δι’
535 1804 601 1852 ἓν
622 1800 761 1852 ἄλλο
783 1806 850 1865 κ.]
878 1810 921 1854 h.
947 1823 983 1854 e.
1009 1823 1071 1850 ne

220 1879 314 1920 per
340 1866 503 1907 ullam
533 1867 743 1932 quide-m
771 1867 931 1907 aliam
965 1879 1071 1906 rem

219 1923 462 1977 pulcrum
503 1935 639 1973 esse,
700 1924 729 1964 i.
773 1936 810 1968 e.
852 1936 928 1977 per
968 1923 1071 1963 nihil

221 1980 454 2032 quidquam
469 1979 585 2020 aliud
603 1992 701 2020 esse
715 1981 927 2046 pulcrum.
943 1980 1071 2020 Pror-

220 2049 295 2076 sus
317 2037 379 2076 sic
398 2035 508 2103 X„e¹¹·
534 2036 565 2077 G
569 2050 631 2090 yr.
657 2039 707 2080 ΙΙ.
735 2039 772 2086 1,
803 2040 829 2080 8
859 2050 933 2078 οτι
956 2029 1072 2078 οὐδὲ

222 2085 293 2136 δι’
327 2088 384 2135 ἓν
419 2084 535 2134 ἄλλο
579 2090 852 2147 τρέφονται.
902 2093 958 2138 cf.
997 2107 1072 2134 su-

220 2162 298 2206 pra
317 2162 360 2203 p.
382 2150 436 2191 72
458 2150 510 2194 D.

279 2198 435 2247 διότι
458 2203 852 2273 μετέχει]Ηιιίιι3
869 2205 1073 2261 μετοχῆς

223 2263 324 2303 alibi
357 2265 528 2317 saepius
564 2263 664 2303 facit
691 2265 950 2305 mentionem
979 2264 1072 2316 phi-

221 2319 442 2372 losophus.
504 2320 586 2368 Qui
625 2322 824 2372 quoniam
866 2334 925 2362 τα
963 2318 1071 2374 εἴδη

220 2376 468 2418 nominabat
496 2377 691 2418 notiones
722 2390 862 2418 rerum
890 2389 1070 2430 genera—

219 2433 284 2474 les
305 2446 383 2487 per
403 2446 451 2473 se
473 2441 714 2484 exstantes,
742 2447 810 2475 res
843 2435 885 2473 in
915 2446 1070 2474 sensus

152 2520 158 2523 ν
222 2490 420 2530 cadentes
443 2490 499 2530 ad
521 2503 569 2530 ea
589 2491 648 2530 ita
668 2490 891 2542 referebat,
918 2497 965 2530 ut
994 2490 1071 2530 has

223 2546 383 2587 diceret
421 2560 497 2600 per
536 2547 607 2587 illa
644 2559 765 2587 suam
803 2556 996 2587 naturam
1033 2554 1073 2585 et

221 2602 403 2643 formam
423 2604 659 2656 accepisse.
683 2604 806 2651 Quod
826 2610 963 2643 tamen
989 2615 1073 2654 qua

221 2660 384 2700 ratione
404 2659 564 2699 factum
585 2668 714 2708 esset,
731 2659 968 2699 accuratius
986 2659 1072 2711 ‚hoo

221 2715 316 2755 loco
347 2715 523 2756 definire
553 2716 701 2764 noluit,
733 2717 958 2756 ostendere
979 2723 1070 2755 stu—

224 2771 316 2812 duit
335 2771 377 2810 in
400 2772 666 2815 Parmenide.
698 2773 752 2812 V.
774 2772 969 2823 Prolegg.
994 2782 1071 2810 no-

224 2837 312 2868 stra
328 2827 382 2867 ad
403 2829 540 2868 Parm.
563 2841 606 2880 p.
620 2829 806 2879 140sqq.
830 2829 964 2881 p.272
977 2840 1072 2878 sqq.

223 2884 538 2925 Dubitationem
557 2885 609 2924 de
623 2884 688 2924 his
706 2887 832 2924 rebus
852 2885 943 2936 ipse
954 2884 1071 2923 Plato

223 2941 412 2994 prodidit
441 2942 482 2980 in
506 2941 642 2981 Parm.
675 2952 715 2992 p
741 2942 821 2982 130
843 2941 876 2980 Ε
897 2962 951 2968 -
975 2941 1071 2980 132.

281 2995 346 3051 τῇ
388 2995 594 3051 τοιᾷδε
638 2993 803 3051 αἰτίᾳ
856 2995 1073 3051 ξυγχω-

223 3053 388 3108 ρεῖςς]
425 3054 650 3107 Comparat
671 3053 938 3093 Heindorf
963 3053 1072 3093 Poli-

223 3112 295 3150 tic.
326 3124 372 3163 p.
395 3110 538 3153 258A
577 3113 832 3165 συγχωρεῖς
874 3099 959 3151 οὖν
999 3105 1072 3157 οἷς

226 3161 378 3222 λέγεις
434 3168 642 3208 Addimus
685 3168 780 3207 Eur.
823 3167 948 3220 Hipp
991 3168 1073 3207 299

227 3227 492 3278 συγχωρεῖν
528 3218 698 3279 λόγοις.
737 3225 836 3264 Hor.
877 3223 1069 3265 Sermon.

226 3280 279 3321 ΙΙ.
301 3282 342 3321 3
365 3283 447 3322 305
476 3284 709 3323 concedere
739 3283 863 3321 veris.

284 3329 387 3386 τὰς
406 3329 585 3387 αλλας
608 3361 661 3367 -
683 3331 784 3385 τοὶς
807 3349 991 3390 σοφας
1013 3335 1072 3388 τ.]

227 3393 269 3435 h.
294 3406 333 3438 e.
354 3395 491 3435 scite
521 3396 881 3449 excogitatas,
904 3394 1074 3436 ironice.

227 3441 283 3494 cf.
303 3463 347 3505 p.
372 3453 451 3494 101
476 3451 520 3493 C

1214 1802 1244 1865 ἢ
1279 1802 1370 1854 ότι
1400 1808 1593 1878 χρῶμα
1625 1803 1827 1852 evasse.
1859 1806 2007 1866 ἕχον]

1157 1868 1295 1910 Intell.
1315 1862 1469 1908 καλόν
1486 1859 1628 1911 ἔστιν.
1652 1867 1787 1916 Quam
1803 1868 2008 1909 rationem

1160 1926 1232 1975 qui
1254 1936 1338 1965 non
1369 1925 1692 1991 perspexissent
1713 1925 1859 1974 critici,
1890 1936 2005 1965 mero

1159 1981 1330 2022 arbitrio
1357 1992 1434 2021 suo
1457 1993 1531 2022 οτι
1568 1980 1819 2021 eiiciendum
1845 1989 2005 2022 statue·

1159 2044 1270 2081 runt.
1300 2049 1464 2081 v.a1m
1488 2037 1617 2076 critic.

1214 2095 1262 2136 D.
1294 2106 1658 2148 ταραττομαι
1679 2107 1784 2148 γαρ
1807 2086 1868 2135 ἐν
1888 2095 2009 2141 τοῖς

1160 2142 1358 2198 αλλοις
1379 2148 1537 2202 πᾶσι]
1557 2162 1670 2190 nam
1692 2150 1738 2189 si
1760 2150 1876 2200 quis
1898 2150 2009 2190 alia

1159 2207 1326 2248 affert
1353 2214 1685 2271 argu-menta,
1707 2207 1760 2246 in
1789 2207 1858 2247 iis
1881 2205 2009 2246 hae-

1159 2277 1247 2305 reo
1271 2272 1318 2304 et
1347 2265 1498 2313 quasi
1526 2264 1830 2316 perturbor,
1850 2264 1925 2303 ita
1954 2270 2010 2303 ut

1160 2320 1286 2373 quid
1327 2333 1502 2361 verum
1541 2321 1630 2368 sit,
1681 2319 2010 2373 intellegere

1159 2390 1261 2418 non
1304 2389 1503 2427 queam.
1548 2398 1600 2404 -—
1641 2375 1742 2416 Mox
1779 2388 1856 2429 pro
1886 2376 2005 2429 vulg.

1161 2426 1379 2501 ατεχνῶς
1401 2447 1454 2474 ex
1481 2433 1643 2485 aliquot
1683 2431 1804 2475 codd.
1845 2433 2007 2486 recepi-

1160 2504 1255 2531 mus
1297 2482 1518 2545 ατέχνως,
1561 2490 1677 2530 sine
1716 2496 1851 2538 arte,
1893 2489 2008 2541 quod
2057 2509 2064 2518 ι

1160 2548 1357 2598 exigebat
1444 2547 1670 2587 sententia.
1760 2545 2006 2612 Harpocrat.

1155 2580 1387 2657 Ἀτεχνῶς,
1406 2597 1767 2669 περισπωμένως
1787 2614 1876 2666 μεν
1897 2593 2009 2643 αντὶ

1158 2658 1242 2700 τοῦ
1265 2658 1431 2710 σαφῶς
1453 2651 1482 2711 ἢ
1505 2648 1759 2720 βεβαίως
1727 2671 1756 2710 η
1780 2650 2009 2725 ασφαλῶς

1158 2707 1188 2768 ἢ
1207 2714 1447 2782 φανερῶς·
1471 2707 1808 2778 παροξυτόνως
1826 2709 1879 2755 δε
1897 2707 2007 2756 αντὶ

1159 2769 1243 2812 τοῦ
1267 2766 1450 2824 αμελῶς
1471 2768 1555 2811 καὶ
1578 2763 1695 2811 ἄνευ
1718 2766 1901 2823 τέχνης.

1218 2826 1336 2869 εἰτε
1376 2826 1671 2877 παρουσία
1713 2825 1832 2867 εἴτε
1881 2839 2007 2868 κοι-

1158 2883 1340 2925 νωνία
1364 2881 1435 2939 -]
1482 2883 1708 2923 Dubitabat
1736 2883 1848 2923 enim
1869 2883 2004 2935 Plato,

1161 2953 1242 2991 quo
1273 2941 1398 2980 modo
1429 2941 1596 2993 species
1632 2951 1775 2979 rerum
1810 2945 2007 2980 aeternae

1159 3009 1254 3049 cum
1284 2998 1411 3037 rebus
1440 2997 1545 3050 ipsis
1576 2996 1823 3037 coniunctae
1849 3004 2004 3044 essent,

1159 3067 1297 3105 neque
1336 3056 1573 3106 reperiebat
1615 3053 1877 3101 vocabulum,
1921 3064 2004 3104 quo

1158 3111 1271 3150 illam
1301 3111 1639 3150 coniunctionem
1671 3117 1769 3162 apte
1790 3108 2007 3162 significa-

1159 3173 1238 3209 1et.
1272 3181 1312 3210 ν
1336 3168 1474 3207 Parm.
1501 3181 1543 3220 p.
1568 3168 1648 3207 130
1667 3166 1701 3205 E
1723 3186 1775 3193 —
1799 3167 1879 3207 132
1902 3173 1942 3205 et
1963 3177 2004 3218 p.

1162 3227 1243 3265 133
1265 3224 1314 3266 D.
1358 3226 1503 3275 Itaque
1531 3223 1610 3263 hoc
1639 3222 1730 3261 loco
1763 3222 1863 3262 dicit
1884 3214 2006 3263 ἐκεί-

1159 3293 1247 3322 νου
1289 3278 1373 3321 τοῦ
1421 3277 1571 3321 ’καλοῦ
1623 3276 1716 3320 εἴτε
1764 3275 2006 3330 παρουσία

1162 3335 1255 3378 εἴτε
1295 3336 1543 3379 κοινωνία.
1582 3334 1666 3376 Sed
1701 3335 1815 3386 quod
1851 3346 2007 3384 seque-

1160 3395 1284 3433 batur
1327 3392 1421 3434 εἴτε
1455 3415 1511 3421 -
1545 3387 1919 3446 προςγενομένη,
1962 3389 2006 3430 id

1161 3450 1385 3491 manifesto
1407 3456 1652 3502 susceperat
1671 3448 1824 3490 labem.
1857 3449 2006 3499 ltaque
