2158 3718
417 131 831 186 APOLOGIA
873 131 1274 186 SOCRATIS.
1322 133 1384 186 P.
1428 135 1493 186 3⁶2
1551 134 1629 187 St.
1781 137 1875 187 127

184 282 350 334 λευσα
397 282 484 334 δέ·
531 283 622 333 καὶ
669 284 853 350 ἔτυχεν
900 278 1057 349 ἡμῶν
1101 277 1135 346 ἡ
1183 277 1330 354 φυλὴ
1370 278 1640 350 Ἀντιοχὶς
1673 300 1881 349 πρυτα-

182 361 450 426 νεύουσα,
511 361 604 418 ὅτε
649 362 804 434 ὑμεῖς
847 363 978 428 τοὺς
1022 367 1148 418 δέκα
1197 361 1542 435 στρατηγοὺς
1599 361 1731 426 τοὺς
1779 362 1880 419 οὐκ

182 447 549 517 ἀνελομένους
592 447 724 512 τοὺς
766 455 820 502 ὲκ
867 451 965 515 τῆς
1007 453 1317 519 ναυμαχίας
1353 448 1655 518 ἐβούλεσθε
1691 446 1881 519 ἀθρό-

183 553 279 595 ους
335 536 566 604 κρίνειν,
624 531 995 604 παρανόμως,
1039 531 1130 596 ’ὡς
1183 540 1241 587 ἐν
1298 535 1372 602 τῴ
1432 530 1637 601 ὑστέρῳ
1694 531 1879 603 χρόνῳ

155 653 224 722 'ln
265 695 352 724 om.
396 695 491 722 voc.
529 682 706 734 ἄνδρες,
751 689 798 724 ut
829 698 926 725 mox
959 697 998 737 p.
1031 681 1183 727 33(st
1215 697 1254 737 p.
1288 683 1357 731 34.
1393 684 1443 722 D.
1477 696 1514 736 p.
1546 682 1616 726 36.
1647 682 1700 723 B.
1735 696 1776 735 p.
1808 682 1880 727 37.

183 747 231 781 Λ.
294 739 382 781 Sed
423 753 472 780 ea
513 741 690 780 omissio
729 754 780 782 ex
829 743 1064 789 scripturae.
1096 742 1350 793 compendio
1382 748 1478 781 orta
1510 749 1595 788 est,
1635 741 1688 780 de.
1719 752 1807 792 quo
1839 754 1878 782 v.

183 797 475 838 Commentar.
504 797 614 838 critt.
650 799 701 838 azl
736 799 882 852 Opera
914 800 1026 840 Plat.
1061 799 1128 842 ed.
1171 799 1293 851 Lips.
1323 799 1422 839 Vol.
1454 799 1529 841 xl.
1563 813 1600 851 p.
1637 797 1706 841 33.

297 853 629 909 ἐβούλεσθεΙ
680 855 726 898 V.
765 856 1110 909 ἐβουλεύσασθε,
1151 855 1269 908 quod
1309 870 1331 896 e
1379 856 1502 898 Bodl.
1543 858 1653 898 Ven.
1697 856 1735 899 b.
1776 855 1878 899 Vnt.

183 912 308 954 Vind.
341 913 382 955 1.
412 912 454 956 4.
488 912 530 956 6.
565 912 680 954 Flor.
713 913 756 954 d.
786 929 827 966 g.
860 913 898 956 h.
934 915 1032 955 Par.
1067 913 1212 956 DST.
1251 913 1543 956 emendatum.
1600 945 1604 950 .

182 1041 221 1068 v.
263 1021 666 1068 Sc'hoemannus
708 1027 772 1068 de
811 1027 986 1067 Comi-

182 1086 281 1126 tiis
313 1083 742 1125 Atheniensium
774 1084 984 1136 cap.VII.

182 1141 240 1182 Et
282 1140 491 1182 Socrates
540 1140 713 1192 quidem
765 1147 853 1181 tum
908 1141 987 1181 suit

179 1196 416 1251 ἐπιστάτης
463 1198 602 1239 tribus
653 1211 781 1249 snae,
832 1200 986 1239 Antio-

183 1255 347 1305 cnidos,
381 1268 509 1308 quum
543 1263 743 1308 ageretur
774 1256 828 1296 de
859 1270 986 1310 prae-

181 1314 351 1354 toribus
400 1314 573 1365 publice
623 1313 864 1366 puniendis.
936 1314 986 1353 In

181 1383 266 1423 qno
302 1383 480 1412 munere
517 1383 602 1423 quo
641 1371 772 1411 modo
805 1385 854 1412 se
885 1385 983 1423 ges-

183 1429 310 1479 serit,
343 1429 581 1469 memoriae
613 1429 828 1480 proditnm
863 1435 929 1468 est
963 1442 986 1468 a

181 1484 555 1540 Xenophonte
590 1486 760 1527 Hellen.
794 1487 825 1530 1.
855 1486 991 1537 7,,14.

181 1543 250 1587 15.
281 1543 351 1587 38.
385 1566 450 1593 -ι
498 1543 804 1597 Intelliguntur
842 1550 986 1585 autem

181 1602 328 1643 decem
360 1605 586 1655 praetores
619 1601 705 1655 (tot
729 1602 837 1643 enim
872 1602 986 1643 bello

181 1664 333 1700 coorto
373 1659 675 1712 creabantur),
729 1660 801 1711 qni
845 1659 987 1700 Lace-

183 1716 439 1758 daemonios
468 1715 521 1757 acl
557 1717 791 1766 Arginusas
822 1717 986 1757 insulas

181 1789 220 1817 u.
249 1773 350 1817 404.
395 1787 433 1816 a.
477 1772 576 1815 Chr.
622 1774 795 1827 Olymp.
833 1774 902 1818 93.
945 1774 986 1818 5.

182 1845 325 1886 pugna
358 1832 494 1872 navali
526 1833 732 1874 vicerunt.
787 1832 871 1876 Qui
891 1834 984 1885 qni-

181 1889 280 1931 dem
325 1901 454 1941 quum
499 1888 579 1941 ipsi
624 1902 778 1930 caesos
811 1890 984 1942 sepeliri

180 1959 266 1988 non
307 1951 557 1996 curassent,
597 1947 675 1987 sed
715 1948 988 1999 reliquissent

180 2003 440 2057 ταξιάρχας,
483 2004 553 2056 qui
608 2017 684 2045 eos
736 2006 986 2057 sepelirent,

181 2063 352 2116 publice
382 2062 574 2103 accusati
614 2066 658 2103 et
690 2063 840 2114 capitis
878 2075 983 2103 con-

182 2119 369 2161 demnati
409 2124 521 2162 sunt.
561 2132 599 2158 v.
643 2118 889 2172 Xenoph.
921 2120 984 2162 ΙΙ.

181 2190 246 2219 cc.
283 2176 477 2231 Lysias
513 2189 553 2216 c.
587 2175 805 2217 Eratosth.
837 2190 878 2226 p.
912 2176 985 2219 72.

185 2234 253 2275 ed.
294 2234 436 2276 Brem.
477 2232 615 2274 Plat.
657 2234 774 2274 Men.
809 2247 849 2283 p.
886 2233 984 2276 243.

183 2293 233 2333 C.
269 2290 492 2331 Diodor.
523 2289 631 2333 Sic.
663 2290 779 2333 Xlll.
805 2291 858 2334 76
893 2303 986 2344 sqq.

183 2355 227 2391 et
244 2348 300 2392 97
320 2361 411 2400 sqq.
459 2346 666 2388 Ceterum
700 2361 799 2389 num
830 2361 983 2391 omnes

183 2412 323 2449 morte
364 2405 529 2446 multati
564 2406 790 2457 perierint,
833 2405 888 2446 de
930 2420 983 2447 eo

182 2478 223 2505 v.
291 2463 616 2505 Valckenar.
669 2462 722 2504 ad
783 2464 983 2516 Xenoph.

185 2522 316 2563 Mem.
367 2521 404 2564 I.
454 2519 503 2570 1,
555 2518 625 2563 18.
673 2534 712 2572 p.
762 2520 862 2564 316.
914 2521 982 2562 ed.

183 2579 384 2621 Schneid.
446 2600 503 2607 ——-
586 2575 984 2631 ἀναιρεῖσθαι,

184 2650 414 2689 corpora
447 2640 787 2677 mortuorum
823 2637 981 2677 tolle-

183 2708 260 2746 re,
303 2699 360 2735 nt
395 2692 766 2745 sepeliantur,
807 2700 855 2734 ut
885 2707 983 2734 sae—

183 2766 250 2806 pe.
281 2775 333 2781 -—
401 2748 534 2795 τούς
578 2751 629 2789 ἐκ
671 2752 984 2804 ναυμαχίας

182 2810 343 2851 dictum
387 2813 455 2850 est
486 2819 563 2860 pro
601 2806 706 2854 τοὺς
739 2811 781 2848 ἐν
815 2824 982 2861 ναυμα-

179 2866 269 2919 χίᾳ.
329 2866 441 2908 Nam
482 2866 524 2904 in
557 2864 752 2906 formulis
791 2879 843 2907 ex
877 2866 983 2906 arti-

183 2925 279 2966 cnlo
313 2929 357 2965 et
386 2922 644 2972 nominihus,
676 2924 830 2975 quibus
859 2936 983 2977 prae-

182 2982 339 3037 positio
398 2980 540 3032 aliqua
604 2983 838 3032 praemissa
904 2986 985 3031 est,

183 3039 439 3093 compositis
471 3050 520 3078 ea
554 3037 724 3087 ponitur
742 3039 979 3092 «praeposi-

182 3098 268 3148 tio,
308 3108 434 3149 quam
474 3093 574 3148 poni
614 3094 735 3137 iubet
770 3094 981 3148 ingenium

184 3160 228 3196 et
257 3159 409 3195 natura
453 3151 708 3202 verborum,
749 3165 859 3204 quae
891 3153 978 3194 for-

182 3211 307 3253 mulis
354 3211 434 3251 illis
486 3208 632 3250 addita
672 3217 782 3252 sunt.
857 3210 982 3253 Quae

183 3273 282 3309 sunt
311 3268 443 3310 verba
472 3265 727 3308 Fischeri
756 3266 810 3308 ad
840 3266 982 3309 Phae-

183 3326 281 3370 don.
314 3325 454 3371 c.‚22.
485 3338 525 3378 p.
558 3323 626 3368 76.
661 3324 734 3374 D„
775 3324 846 3366 ubi
885 3324 982 3366 vide

182 3395 296 3436 quae
325 3383 405 3438 ipsi
435 3382 694 3425 monuimus.

1132 1026 1280 1080 ἡμῶν
1324 1024 1346 1077 ἡ
1398 1026 1530 1078 φυλὴ
1570 1025 1875 1078 Ἀντιοχίς]

1076 1084 1372 1136 {exspectabas
1397 1082 1671 1134 rJ'A-rnoxtc,
1696 1085 1878 1124 articulo

1072 1143 1257 1186 iterato,
1304 1141 1671 1193 quemadmodum
1719 1143 1875 1193 corrigi

1071 1200 1208 1240 voluit
1239 1198 1473 1240 Schaefe
1489 1212 1520 1242 r.
1563 1198 1620 1239 ad
1653 1199 1874 1239 Demosth.

1075 1260 1236 1310 Appar.
1272 1257 1323 1296 T.
1358 1257 1418 1296 11.
1454 1270 1495 1308 p.
1518 1256 1616 1299 386.
1670 1256 1758 1298 Sed
1783 1269 1874 1296 mu-

1072 1315 1277 1355 tationem
1328 1313 1580 1356 dissuadent
1625 1316 1737 1357 talia.
1781 1314 1875 1354 Me-

1073 1385 1170 1415 non.
1205 1386 1244 1422 p.
1269 1371 1337 1415 70.
1377 1372 1426 1412 Β.
1460 1373 1501 1411 οἱ
1532 1374 1614 1411 τοῦ
1647 1376 1726 1411 σοῦ’
1759 1372 1875 1425 ἑταί-

1073 1445 1151 1483 ρου
1179 1427 1466 1481 Ἀριστίππου
1499 1431 1677 1470 πολῖται
1705 1430 1876 1483 Λαρισ-

1072 1492 1204 1529 σαῖσι.
1245 1486 1470 1528 Phaedon.
1518 1500 1558 1539 p.
1590 1486 1661 1530 57.
1699 1492 1748 1529 Α.
1793 1490 1876 1526 τῶν

1071 1545 1258 1584 πολιτῶν
1295 1545 1507 1585 Φλιασίων
1538 1543 1695 1594 οὐδείς,
1719 1545 1760 1584 in
1784 1545 1876 1595 qui-

1072 1603 1153 1642 bus
1199 1603 1300 1643 item
1347 1615 1501 1644 nomen
1537 1603 1752 1655 proprium
1787 1602 1878 1642 sine

1072 1661 1255 1700 articulo
1298 1659 1507 1702 adiicitur.
1572 1660 1689 1700 Cave
1729 1665 1875 1700 autem

1071 1719 1289 1770 glossema
1331 1731 1429 1758 esse
1473 1722 1620 1771 puteS‚
1674 1717 1875 1768 quoniam

1071 1787 1181 1827 quae
1217 1776 1351 1815 tribus
1395 1789 1443 1816 ea
1475 1775 1628 1823 fuerit,
1667 1775 1876 1815 indicibus

1072 1845 1154 1873 non
1207 1834 1397 1885 potuerit
1446 1845 1544 1874 esse
1595 1833 1874 1886 incognitum.

1070 1890 1276 1932 Nimirum
1342 1891 1469 1931 Plato
1525 1890 1609 1930 hoc
1658 1891 1873 1940 legentes,

1072 1960 1154 1988 non
1187 1947 1425 1999 audientes,
1461 1947 1621 1988 docere
1653 1948 1801 1989 voluit.
1835 1961 1873 1986 v.

1071 2005 1123 2046 ad
1167 2018 1208 2058 p.
1253 2005 1322 2048 23.
1368 2007 1413 2046 Ε.
1480 2006 1754 2057 Quamquam
1795 2017 1874 2044 nec

1071 2062 1176 2102 haec
1216 2063 1373 2103 intacta
1422 2063 1685 2114 reliquerunt
1722 2062 1870 2111 critici,

1071 2120 1140 2170 qni
1190 2132 1326 2172 nuper
1380 2121 1420 2160 in
1475 2120 1657 2160 Platone
1718 2120 1872 2171 ubique

1024 2184 1026 2186 “
1070 2179 1336 2229 glossemata
1368 2178 1540 2218 odorari
1572 2186 1828 2230 coeperunt.

1127 2255 1377 2314 α’θρόους
1407 2262 1639 2317 κρίνειν]
1680 2260 1718 2302 h.
1749 2273 1785 2302 e.
1818 2259 1873 2301 de

1073 2319 1326 2359 omnibus
1359 2321 1516 2361 simul
1556 2318 1871 2360 sententias

1072 2375 1240 2424 ferre,
1282 2379 1363 2430 μιᾷ
1399 2375 1536 2431 ψήφῳ
1579 2378 1647 2429 (v.
1690 2376 1871 2418 Memor.

1070 2433 1104 2474 Ι.
1135 2435 1177 2483 1,
1210 2433 1319 2488 18),
1362 2447 1492 2486 quum
1523 2435 1645 2487 leges
1676 2434 1873 2474 iuberent

1071 2490 1125 2530 de
1155 2491 1330 2544 singulis
1351 2504 1568 2542 seorsum,
1594 2492 1748 2544 κρίνειν
1773 2490 1871 2542 δίχα

1069 2546 1268 2600 ἕκαστον,
1329 2554 1376 2589 ut
1434 2549 1494 2590 ait
1552 2546 1869 2601 Xenophon.

1074 2604 1241 2646 Hellen.
1274 2606 1310 2647 Ι.
1334 2612 1443 2647 extr.
1465 2619 1502 2649 v,
1539 2605 1869 2648 Schoeman-

1071 2675 1169 2703 nus
1212 2665 1237 2705 Ι.
1285 2677 1321 2706 c.
1370 2677 1410 2716 p.
1454 2664 1551 2708 205.
1612 2664 1764 2717 Itaque
1794 2663 1870 2704 ad-

1070 2719 1204 2763 ditur:
1258 2719 1546 2776 παρανόμως,
1593 2721 1619 2765 ἰ.
1665 2735 1702 2766 e.
1749 2719 1868 2774 παρὰ

1069 2778 1173 2824 τοὺς
1214 2777 1401 2830 νόμους,
1448 2786 1495 2820 ut
1542 2779 1731 2831 loquitur
1770 2780 1869 2818 Xe·

1071 2835 1226 2888 noph.
1267 2837 1400 2880 Mem.
1436 2837 1475 2881 Ι.
1507 2836 1557 2887 l,
1598 2836 1673 2880 18.
1713 2836 1784 2879 lV.
1825 2837 1867 2886 1,

1070 2893 1110 2935 2.
1184 2892 1262 2934 Est
1309 2900 1452 2936 antem
1498 2894 1747 2936 adverbium
1791 2906 1869 2946 per

1069 2963 1117 2991 se
1154 2963 1349 2992 seorsum
1391 2952 1710 3005 accipiendum,
1751 2951 1867 2991 iudi--

1069 3007 1177 3048 cium
1210 3009 1449 3061 significans
1474 3011 1527 3050 de
1549 3008 1867 3063 superioribus,-

1066 3065 1180 3106 nnde
1209 3072 1326 3107 recte
1352 3068 1691 3120 interpunctione
1721 3066 1867 3107 seiun-

1065 3123 1191 3175 gitur.
1250 3123 1322 3164 Sic
1341 3123 1530 3174 εἰκότως,
1550 3126 1740 3174 δικαίως,
1770 3122 1864 3162 ἀδί-

1065 3194 1169 3226 κως,
1213 3181 1266 3222 de
1304 3183 1460 3233 quibus
1497 3195 1534 3223 v.
1585 3181 1640 3222 ad
1682 3179 1860 3221 Lachet.

1065 3250 1105 3290 p.
1136 3237 1234 3281 183.
1270 3238 1317 3281 Β.
1349 3239 1487 3293 Legg.
1520 3239 1616 3280 xn.
1647 3238 1746 3283 948.
1780 3238 1829 3278 B.

1119 3321 1180 3371 ὥς
1211 3325 1266 3364 ἐν
1294 3342 1332 3369 τ.
1362 3323 1475 3368 ὑστ.
1503 3340 1660 3376 χρ.--
1685 3321 1856 3369 ἔδοξε]

1064 3378 1302 3435 Xenoph.
1346 3383 1511 3452 Hellen.
1546 3383 1577 3425 l.
1611 3382 1663 3432 7,
1698 3381 1758 3423 12.
1791 3378 1858 3423 καὶ
