2158 3718
813 113 1078 173 PHAEDO‘
1105 128 1152 169 p.
1184 115 1254 156 95.
1833 114 1941 168 225

146 254 383 322 γέγονε·
435 255 492 306 τί
536 251 598 306 δὲ
635 249 704 320 δὴ
741 249 810 304 τὰ
845 252 1111 321 Κάδμου,
1149 253 1288 320 ἔφη,
1329 245 1375 304 οἶ
1413 252 1620 321 Κέβης,
1660 256 1780 316 πῶς
1817 254 1942 306 ἰλα-

151 338 374 407 σόμεθα
430 337 523 390 καὶ
568 337 680 388 τίνι
727 334 901 405 λόγῳ;
961 334 1050 388 Σύ
1094 355 1188 405 μοι
1235 336 1448 403 δοκεῖς,
1496 337 1604 404 ἔφη
1660 333 1689 388 ὁ
1737 337 1939 407 Κέβης,

159 421 508 491 ἐξευρήσειν·
559 420 786 472 τουτονὶ
832 422 978 487 γοῦν
1024 417 1124 472 τὸν
1172 419 1344 486 λόγον
1380 417 1482 471 τὸν
1520 417 1660 488 πρὸς
1695 418 1800 489 τὴν
1837 418 1941 490 ἆρ-

153 508 360 573 μονίαν
404 507 745 573 θαυμαστῶς
790 523 884 573 μοι
931 499 1080 566 εἶπες
1125 501 1200 566 ῶς
1235 501 1388 573 παρὰ
1425 502 1614 566 δόξαν.
1649 509 1659 518 “
1691 507 1939 574 Σιμμίου

156 585 266 657 γὰρ
315 588 606 656 λέγοντος,
658 585 750 640 ὅτε
796 585 1027 657 ἠπόρει,
1074 588 1226 641 πάνυ
1266 587 1614 657 ἐθαύμαζον,
1656 592 1712 640 εἴ
1741 608 1794 641 τι
1831 588 1940 652 ἕξει

157 691 242 734 τις
287 673 607 742 χρήσασθαι
654 675 730 742 τῷ
777 673 925 742 λόγῳ
972 670 1176 724 αὐτοῦ·
1237 672 1389 725 πάνυ
1437 666 1545 724 οὖν
1590 691 1684 741 μοι
1721 670 1992 735 ἀτόπωςΒ

151 755 346 818 ἔδοξεν
385 753 563 818 ευθύς
606 754 708 825 τὴν
745 756 974 826 πρώτην
1012 758 1223 825 ἔφοδον
1270 776 1338 809 ου
1387 756 1655 819 δέξασθαι
1691 760 1794 809 τοῦ
1832 760 1938 810 σοῦ

154 838 346 907 λόγου
394 837 599 915 ταυτα
638 838 705 909 δὴ
746 838 850 893 οὐκ
890 838 962 892 ἂν
997 841 1351 909 θαυμάσαιμι
1388 841 1481 892 καὶ
1517 838 1617 893 τὸν
1655 844 1756 894 τοῦ
1782 840 1937 893 Κάδ-

158 943 270 993 μου
317 925 491 992 λόγον
540 925 593 977 εἰ
638 924 832 977 πάθοι.
904 917 975 976 Ὠ
1023 922 1208 992 ’γαθέ,
1257 926 1364 993 ἔφη
1414 922 1443 978 ὁ
1482 924 1815 994 Σωκράτης,
1862 923 1937 994 μὴ

152 1007 298 1076 μέγα
336 1008 491 1076 λέγε,
530 1008 606 1077 μή
643 1027 724 1071 τις
759 1005 920 1077 ἡμῶν
956 1011 1235 1076 βασκανία
1274 1009 1578 1078 περιτρέψῃ
1627 1006 1726 1061 τὸν
1765 1008 1938 1076 λόγον

265 1177 368 1233 Cap.
391 1178 542 1221 XLIV.
575 1173 925 1232 ἴλασόμεθα]
970 1173 1122 1219 ἴλασῶ
1130 1179 1262 1232 μεθα
1294 1180 1389 1219 Vat.
1414 1193 1454 1220 v.
1477 1192 1518 1232 p.
1543 1181 1597 1220 88
1619 1180 1670 1223 D.

265 1232 502 1276 τουτονὶ
524 1232 687 1289 γοῦν]
714 1234 843 1279 Coisl.
869 1236 966 1276 Vat.
989 1236 1099 1276 Ven.
1123 1237 1164 1276 Λ
1183 1235 1311 1279 Vind.
1335 1235 1374 1275 Φ
1396 1236 1490 1278 Par.
1513 1234 1547 1275 G
1568 1238 1681 1300 Aug.
1704 1237 1936 1277 Florentini

149 1289 337 1332 τοῦτον.
378 1291 539 1332 Deinde
568 1291 786 1332 Heindorf.
821 1293 873 1332 de
896 1292 1137 1332 coniectura
1160 1292 1341 1332 Forsteri
1369 1284 1397 1332 ό
1424 1305 1469 1332 τι
1490 1284 1673 1360 ἠπόρει.
1715 1293 1936 1333 Praeterea

148 1346 336 1388 Fischer.
358 1348 414 1387 ad
434 1347 607 1390 Weller.
629 1349 680 1389 Τ.
705 1349 756 1388 ΙΙ.
778 1361 822 1401 p.
847 1350 930 1389 275
951 1348 1223 1388 scribendum
1244 1348 1400 1388 iudicat
1424 1346 1472 1388 εἴ
1485 1362 1530 1389 τι
1554 1344 1679 1400 εξοι.
1720 1350 1801 1389 Pro
1824 1342 1937 1404 χρή-

147 1404 333 1445 σασθαι
356 1403 482 1446 Coisl.
505 1405 600 1445 Par.
624 1403 812 1444 CEHIL
834 1403 1062 1458 χρῆσθαι.

261 1474 308 1515 Β.
331 1486 484 1514 πανυ
506 1486 609 1515 ουν
630 1471 744 1539 μοι]
766 1475 881 1515 Vett.
902 1474 1019 1514 editt.
1042 1469 1170 1516 πάνυ
1192 1488 1272 1528 μοι
1294 1488 1395 1525 ουν,
1419 1475 1939 1519 B0d1.Ven.HVind.'1‘

148 1530 258 1571 Tub.
270 1530 365 1570 Zitt.
382 1542 512 1571 πανυ
533 1543 656 1584 μεν
642 1519 730 1572 οὖν
750 1543 844 1584 μοι,
871 1530 999 1571 Coisl.
1021 1530 1118 1572 Vat.
1142 1532 1271 1573 Vind
1293 1531 1331 1571 Φ
1353 1532 1446 1572 Par.
1469 1530 1632 1571 CGHL
1653 1533 1799 1573 Ambr.
1821 1532 1933 1586 Aug.

147 1585 260 1629 Flor
285 1598 308 1624 c
330 1586 357 1626 (1
376 1598 419 1625 111
448 1579 578 1628 πάνυ
599 1582 687 1627 οὐν
716 1599 812 1639 μοι,
835 1586 934 1628 Bas
959 1588 984 1626 2
1006 1582 1137 1628 πάνυ
1156 1583 1319 1640 μέντοι
1341 1600 1441 1629 ουν

260 1635 447 1683 ταυτα
479 1636 570 1696 δή]
602 1644 656 1685 V.
681 1642 850 1696 ταῦτα,
882 1643 1000 1708 quod
1027 1645 1110 1682 iam
1133 1643 1355 1684 Fischerus
1379 1657 1400 1682 e
1424 1644 1564 1685 Ficino
1588 1652 1629 1684 et
1650 1644 1759 1697 Aug
1787 1657 1928 1685 emen-

144 1699 265 1739 davit
292 1699 585 1739 consentiente
612 1700 761 1743 Ambr.
804 1700 885 1739 Pro
909 1691 1061 1740 ταῦτα
1084 1693 1147 1754 δή
1168 1701 1447 1744 Vat.F10r.d
1465 1700 1590 1741 habet
1612 1691 1739 1749 ῶςτε.

258 1761 415 1834 ἡμῶν
457 1766 775 1823 βασκανία]
820 1769 1088 1810 Heindorfius
1109 1763 1244 1823 ἡμῶν
1265 1770 1306 1809 111
1329 1764 1445 1824 ἡμῖν
1465 1771 1717 1811 mutandum
1739 1772 1930 1813 coniecit.

145 1827 200 1866 Et
218 1826 275 1866 ita
295 1826 501 1879 scriptum
521 1827 563 1866 in
584 1826 678 1865 Par.
700 1825 746 1875 L,
770 1826 884 1866 unde
903 1826 1088 1866 restituit
1108 1827 1287 1866 Bekker.
1331 1826 1417 1867 Sed
1438 1827 1595 1879 pendet
1617 1821 1749 1892 ἡμῶν
1772 1841 1826 1867 ex
1847 1820 1930 1869 τὸν

146 1874 288 1936 λόγον
319 1890 467 1933 estque
497 1894 581 1923 non
605 1882 697 1923 sine
718 1894 848 1922 causa
868 1882 1011 1936 priore
1032 1883 1122 1923 loco
1147 1883 1413 1923 collocatum.
1458 1884 1587 1934 Igitur
1610 1884 1868 1935 optimorum
1890 1889 1931 1923 et

144 1939 424 1991 plutimorum
456 1939 580 1980 codd.
611 1938 835 1979 lectionem
864 1951 1036 1980 servare
1066 1939 1307 1980 consultum
1337 1939 1552 1982 duximus.
1584 1938 1695 1982 conf.
1728 1940 1855 1979 etiam
1875 1939 1931 1979 ad

142 1997 289 2048 p.117
312 1997 362 2036 A.

199 2135 553 2201 θαυμαστῶς
601 2159 654 2165 -
705 2130 773 2183 ῶς
840 2129 991 2188 παρὰ

142 2186 383 2260 δόξαν]
385 2191 454 2231 Sic
483 2205 524 2245 p.
557 2192 669 2232 96A
697 2190 992 2245 θαυμαστῶς

143 2262 205 2295 ως
227 2242 526 2312 επεθύμησα.
558 2260 603 2300 p.
627 2250 706 2289 102
730 2250 765 2288 A
795 2248 992 2300 θαυμα-

143 2303 260 2351 στῶς
287 2297 375 2356 γάρ
403 2317 485 2372 μοι
522 2302 661 2345 δοκεῖ
692 2296 752 2351 ῶς
782 2297 989 2357 ἐναργῶς

143 2383 196 2390 —-
219 2356 373 2401 εἰπεῖν
403 2353 587 2427 ἐκεῖνοςτ
611 2358 778 2400 ταῦτα.
811 2373 854 2427 p.
878 2363 932 2401 99
954 2360 988 2399 D

143 2410 401 2470 ὑπερφυῶς
422 2429 509 2468 μεν
531 2430 634 2468 ουν,
660 2412 770 2470 ἔφη,
794 2413 855 2464 ῶς
878 2409 990 2469 βού-

142 2473 300 2539 λομαι.

200 2541 293 2570 ovs
334 2521 560 2581 ἠπόρει]
620 2529 838 2569 Vellemus
890 2541 994 2569 sane

139 2585 264 2626 codd.
303 2585 566 2649 firmassent,
589 2586 722 2650 ‚quod
761 2586 841 2625 viri
881 2586 992 2626 docti

138 2642 410 2682 coniecerunt
450 2633 478 2682 ό
506 2656 551 2683 τι
579 2634 769 2695 ἠπόρει,
798 2642 840 2680 h.
874 2654 908 2681 e.
941 2643 990 2681 in

143 2710 240 2748 quo
283 2698 503 2739 consilii
543 2699 698 2751 inops
740 2697 990 2738 haereret

139 2767 196 2794 ac
236 2755 522 2796 dubitaret.
563 2754 670 2793 Nam
707 2747 909 2808 ἄπορεῐν
944 2768 990 2795 τι

141 2810 289 2850 eodem
310 2811 435 2850 modo
466 2811 624 2850 dictum
654 2825 695 2863 p.
718 2812 773 2851 84
795 2811 839 2851 C.
870 2824 913 2864 p.
935 2811 990 2851 85

140 2865 174 2905 B
196 2866 254 2905 al.
289 2858 424 2907 Sed⁹'
396 2879 476 2907 οτε
498 2867 697 2918 quoniam
721 2876 785 2907 est
806 2868 849 2906 ln
871 2868 988 2907 libris

141 2922 336 2961 omnibus
388 2930 514 2972 atque
564 2924 767 2975 explicari
826 2930 985 2975 potest.

143 2989 259 3016 cum
289 2979 351 3017 de
381 2978 638 3017 dictorum
670 2988 876 3019 tuorum
899 2992 984 3019 ve-

141 3034 300 3073 ritate
342 3034 634 3084 dubitaret,
678 3035 737 3073 ita
777 3043 823 3075 ut
858 3037 988 3076 verba

141 3089 354 3143 Σιμμίου
407 3085 624 3143 λέγοντος
675 3092 986 3140 quodammodo

142 3159 191 3186 ea
220 3146 498 3195 illustrentur,
530 3153 650 3184 certe
672 3158 755 3186 non
784 3156 986 3200 protenus

136 3203 266 3243 abiiei
285 3203 481 3270 oportuit.

199 3256 339 3299 εἴτι
381 3254 496 3308 ἕξει
539 3272 624 3306 τις
665 3255 763 3323 χρ]
805 3259 848 3302 h.
872 3273 907 3300 e.
946 3261 990 3300 si

139 3315 256 3366 quis
279 3315 498 3355 haberet
520 3315 658 3364 quod
676 3318 789 3354 eius
811 3316 983 3369 dispu-

139 3371 332 3410 tationi
391 3372 763 3425 responderet,
843 3385 987 3412 wenn

140 3426 287 3466 einer
311 3430 530 3480 wiisste,
561 3439 660 3468 was
691 3440 742 3468 er
775 3428 866 3468 mit
900 3430 990 3469 der

225 3508 355 3538 PLA'r.
390 3510 562 3538 PHAED-

1079 2137 1216 2176 Rede
1239 2135 1507 2189 anfangen
1530 2136 1704 2178 sollte.
1747 2136 1928 2176 Prorsus

1079 2194 1228 2233 eodem
1268 2192 1392 2232 modo
1434 2192 1560 2244 Hipp.
1591 2192 1690 2234 mai.
1719 2205 1763 2244 p.
1790 2193 1929 2234 299ss

1078 2241 1186 2289 ἀλλ’
1218 2243 1340 2314 ἔχεις
1371 2262 1415 2288 τι
1448 2246 1667 2316 χρῆσθαι
1695 2246 1759 2304 τῷ
1788 2242 1926 2303 λόγῳ,

1077 2295 1110 2357 ἤ
1131 2319 1174 2345 τι
1196 2303 1279 2345 καὶ
1302 2297 1416 2345 ἄλλο
1440 2317 1665 2357 ερουμεν;
1686 2292 1746 2344 De
1769 2300 1814 2345 εἰ
1830 2313 1930 2358 post

1077 2354 1349 2425 θαυμαζειν
1378 2361 1517 2414 posito
1547 2360 1674 2400 hodie
1703 2369 1802 2401 nota
1827 2368 1929 2401 sunt

1079 2419 1231 2458 omnia.
1272 2418 1337 2456 Ex
1377 2418 1638 2457 correctione
1678 2426 1817 2456 ortum
1860 2417 1948 2458 est'

1083 2474 1199 2524 quod
1235 2473 1390 2526 legitur
1427 2474 1467 2512 in
1504 2473 1662 2524 aliquot
1698 2473 1823 2514 codd.
1850 2485 1929 2515 οτι

1081 2542 1156 2582 pro
1182 2527 1229 2570 εἶ’
1243 2543 1304 2570 τι.

1137 2586 1183 2625 Β.
1215 2599 1278 2638 τη
1291 2599 1318 2625 ν
1346 2579 1572 2640 πρώτην
1611 2580 1827 2638 ἔφοδον
1861 2598 1927 2626 ου

1081 2600 1390 2693 ὃέξασηθαι]
1432 2641 1473 2682 h.
1496 2655 1533 2681 e.
1570 2642 1789 2695 primum
1830 2642 1927 2681 im-

1078 2707 1253 2751 petum
1277 2711 1374 2739 non
1397 2699 1687 2763 sustinere.
1729 2699 1929 2738 Proxima

1061 2755 1139 2794 -sic
1155 2755 1397 2821 intellegas.
1421 2747 1508 2795 οὐκ
1526 2768 1584 2795 αν
1601 2747 1926 2820 θαυιιασαιμι,

1080 2807 1124 2852 εἰ
1150 2808 1235 2852 καὶ
1265 2805 1290 2851 ὃ
1322 2809 1406 2852 τοῦ
1428 2804 1629 2861 Κάδμου
1658 2797 1795 2876 λόγος
1810 2811 1866 2874 (ἰ.
1890 2823 1925 2852 e.

1076 2879 1187 2907 mea
1207 2868 1380 2921 ipsius
1405 2865 1562 2934 ratio)
1581 2860 1731 2908 ταύτὰ
1753 2860 1925 2909 πάθοι.

1131 2917 1229 2964 τὸν
1253 2920 1602 2988 τοῦΚοὶὃμου
1626 2917 1815 2978 λόγον]
1836 2923 1877 2965 h.
1890 2935 1923 2965 e

1076 2973 1162 3021 τὸν
1192 2973 1306 3034 ἐμὸν
1337 2975 1491 3034 λόγον.
1535 2979 1702 3020 Umane
1725 2980 1834 3018 enim
1856 2991 1925 3018 re-

1074 3037 1197 3101 petit
1200 3036 1385 3077 Socratis
1408 3037 1783 3103 comparationem

1131 3086 1202 3145 μὴ
1244 3089 1386 3146 μέγα
1430 3089 1579 3146 λέγε
1622 3084 1695 3144 μή
1737 3103 1823 3137 τις
1860 3087 1922 3143 fl]

1074 3148 1178 3189 Nam
1204 3149 1425 3201 magnifica
1450 3158 1489 3187 et
1517 3148 1700 3199 supetba
1722 3146 1835 3186 dicta
1855 3159 1923 3186 se-

1076 3206 1219 3255 qnitur
1258 3204 1513 3258 βασκανία,
1556 3203 1714 3242 invidia
1754 3210 1795 3242 et
1829 3204 1924 3242 vin-

1075 3262 1186 3301 dicta
1207 3262 1366 3311 dimna,
1391 3262 1597 3301 Nemesis.
1643 3254 1804 3299 Φιλέει
1833 3250 1923 3311 γὰρ

1076 3311 1102 3358 ὁ
1128 3311 1246 3365 θεὸς
1267 3313 1325 3358 τὰ
1349 3311 1642 3370 ὑπερέχοντα
1664 3308 1821 3355 πάντα
1845 3325 1922 3353 κο-

1078 3368 1252 3417 λούειν,
1295 3374 1390 3412 Her.
1423 3373 1513 3414 Vll.
1555 3374 1619 3412 10.
1662 3372 1761 3410 Eut.
1801 3370 1920 3411 Herc.

1078 3430 1175 3473 Fur.
1202 3431 1311 3471 1244
1332 3429 1433 3483 ἴσχε
1454 3420 1607 3481 στόμ’,
1630 3420 1692 3475 ῶς
1713 3420 1776 3479 μὴ
1798 3420 1921 3478 μέγα

1513 3495 1576 3547 15
1652 3530 1656 3535 -
