2158 3718
661 158 785 210 AD
844 152 1350 208 CRITONEM.
1755 159 1850 209 187

163 316 321 350 suum
372 296 593 348 iusserit
640 294 710 348 ad
756 315 1032 349 sermones
1079 296 1208 349 olim
1259 301 1540 367 peroratos
1588 310 1688 345 nec
1725 312 1853 346 vero

161 387 393 437 usquam
427 367 622 420 litteris
660 367 994 437 perscriptos
1020 367 1309 438 respicere.
1388 364 1565 432 Quasi
1590 378 1855 417 veroinon

161 439 284 509 ipsa
322 437 638 508 scriptionis
676 438 816 490 ratio
853 439 930 490 ita
966 438 1182 505 tulerit,
1235 446 1297 491 ut
1339 455 1484 490 nunc
1511 434 1855 488 >commodis-

163 511 294 564 sime
326 509 409 561 =ita
444 508 562 561 fieri
584 516 787 580 posset.
845 508 958 563 Sed
993 510 1270 562 mittamus
1307 509 1412 562 ista
1453 505 1677 573 somnia,
1718 525 1856 575 quae

164 581 296 634 satis
336 587 419 633 est
453 599 551 649 per
588 580 929 633 occasionem
966 581 1132 634 verbo
1173 577 1690 633 commemoravisse.
1747 577 1854 630 Re-

162 651 423 704 vertimur
457 650 529 702 ad
564 650 649 717 id,
688 651 831 704 unde
870 652 1172 721 paullulum
1209 651 1443 723 digressi
1480 667 1679 703 sumus.
1754 649 1854 700 Vi-

165 722 363 775 dentur
409 722 578 793 igitur
626 723 683 774 in
729 721 957 775 Critone
998 722 1177 775 omnia
1213 741 1332 776 esse
1374 719 1686 788 Socratica,
1730 718 1858 772 licet

163 794 220 846 in
254 812 318 846 eo
355 794 720 864 reperiantur,
778 812 917 862 quae
965 794 1032 847 ab
1071 794 1192 863 ipso
1233 794 1462 846 Platone
1509 791 1596 844 vel
1637 791 1855 845 uberius

165 872 427 917 exornata
474 865 562 918 vel
610 865 807 918 rationi
855 864 1169 919 Socraticae
1208 865 1598 918 convenienter
1636 863 1859 915 inventa

164 935 529 1004 subtiliusque
557 937 805 1006 exposita
829 937 956 988 sint.
1032 935 1250 988 Etenim
1281 935 1417 987 illud
1443 934 1678 1004 quidem,
1712 933 1859 1003 quod

166 1007 249 1060 vir
277 1007 711 1076 sapientissimus
734 1027 786 1078 p.
806 1009 892 1059 46.
921 1005 967 1058 C
991 1025 1117 1075 sqq.
1150 1007 1358 1074 statuit,
1383 1005 1441 1058 in
1473 1007 1616 1059 vitae
1646 1006 1858 1058 actione

165 1078 536 1149 imprimisque
563 1077 618 1129 in
641 1077 860 1129 virtutis
888 1077 1302 1130 excercitatione
1327 1096 1437 1129 non
1468 1095 1698 1147 magnae
1725 1075 1861 1128 mul-

165 1147 417 1202 titudinis
444 1147 542 1201 sed
564 1156 744 1200 rectae
767 1148 995 1201 rationis
1022 1148 1228 1200 iudicia
1253 1147 1524 1200 audienda
1551 1167 1689 1215 esse,
1713 1147 1860 1200 nullo

165 1220 279 1272 fere
307 1219 527 1291 negotio
552 1219 882 1288 perspicitur
909 1218 1154 1272 Socratis
1182 1220 1423 1289 germani
1448 1219 1668 1289 ingenio
1697 1227 1861 1287 atque

167 1291 406 1345 moribus
443 1290 602 1361 plane
633 1308 752 1343 esse
781 1291 1131 1358 conveniens,
1159 1291 1321 1343 sicuti
1343 1290 1430 1342 vel
1460 1291 1553 1342 illa
1585 1290 1858 1357 evincunt⁷

169 1381 309 1431 quae
338 1361 404 1414 de
431 1381 494 1414 eo
524 1376 812 1414 narrantur
834 1362 935 1414 Xe
951 1361 1144 1431 noph.
1168 1363 1337 1415 Mem.
1360 1362 1461 1414 IV.
1484 1365 1537 1428 4,
1561 1364 1608 1414 ⁶2.
1641 1361 1858 1414 Hellen.

167 1434 213 1486 I.
241 1435 289 1486 7.
315 1435 429 1485 9—-
448 1435 528 1486 16.
555 1433 822 1486 Platon.
849 1433 1012 1503 Apol.
1044 1433 1196 1487 Socr.
1226 1453 1277 1504 p.
1308 1435 1395 1486 3⁶2.
1421 1432 1466 1486 C
1500 1452 1579 1501 sq.
1620 1452 1862 1502 praeser-

166 1505 265 1558 tim
303 1523 468 1574 quum
502 1503 681 1574 ipsum
717 1505 877 1557 etiam
917 1511 1132 1557 constet
1177 1505 1435 1557 virtutem
1473 1503 1543 1556 ad
1582 1504 1862 1557 scientiam

167 1576 447 1642 retulisse,
517 1576 733 1644 qualem
794 1595 902 1628 non
951 1575 1115 1647 vulgo
1158 1575 1254 1629 sed
1293 1576 1629 1646 sapientibus
1683 1576 1862 1629 obtin-

168 1666 299 1719 gere
355 1665 516 1718 posse
577 1654 1001 1699 consentaneum
1067 1657 1166 1700 est.
1216 1668 1267 1700 v.
1318 1647 1571 1718 Prolegg.
1631 1646 1702 1699 ad
1753 1647 1861 1700 La-

171 1718 313 1772 chet.
351 1727 407 1771 et
446 1716 721 1770 Charmid.
764 1717 891 1771 edit.
934 1721 982 1770 ⁶2.
1056 1719 1231 1772 Porro
1270 1717 1418 1788 quod
1456 1718 1583 1770 inde
1623 1738 1654 1770 a
1689 1739 1743 1789 p.
1774 1721 1864 1771 47.

170 1790 246 1842 D.
285 1789 620 1860 disputatur,
670 1789 931 1860 neglectis
980 1790 1037 1842 in
1075 1789 1288 1861 agendo
1337 1790 1661 1860 sapientium
1699 1798 1861 1859 atque

170 1861 344 1932 ipsius
383 1860 683 1930 sapientiae
720 1860 937 1915 iudiciis
974 1861 1180 1933 negligi
1203 1862 1363 1914 etiam
1399 1862 1661 1914 iustitia-m
1700 1870 1864 1930 atque

171 1932 498 2004 probitatem
547 1949 719 1999 eoque
770 1932 892 2003 ipso
945 1932 1107 1985 etiam
1159 1933 1393 1985 animum
1441 1933 1518 1986 ita,
1552 1932 1863 2001 {corrumpi⁷

171 2010 234 2059 ut
270 2003 412 2056 vitae
447 2003 678 2073 pretium
715 2002 1005 2074 perdatur,
1059 2011 1144 2057 est
1192 2005 1437 2075 profecto
1486 2003 1592 2057 hoc
1648 2022 1865 2073 quoque

171 2074 333 2146 plane
371 2073 726 2128 Socraticum.
799 2074 944 2127 Nam
994 2094 1161 2144 quum
1213 2076 1385 2128 virtus
1426 2075 1724 2128 secundum
1765 2075 1867 2128 So-

175 2152 376 2198 cratem
415 2164 483 2197 ex
521 2163 629 2197 una
666 2145 894 2198 maxime
930 2146 1195 2214 sapientia
1219 2146 1542 2214 efflorescat,
1584 2153 1727 2199 certe
1766 2165 1867 2198 nec

174 2216 292 2269 fieri
352 2223 561 2287 potest,
624 2217 755 2284 quin
812 2217 1138 2287 sapientium
1195 2217 1540 2287 opinionibus
1602 2217 1867 2288 neglectis

176 2287 350 2341 omnis
402 2286 516 2339 eius
570 2286 688 2339 laus
741 2286 1083 2356 deperdatur.
1159 2286 1325 2355 Quod
1362 2296 1543 2341 autem
1579 2289 1723 2341 tacta
1758 2288 1867 2341 vir-

174 2359 309 2411 tutis
346 2357 684 2426 maximeque
721 2359 961 2411 iustitiae
999 2360 1207 2411 iactura
1246 2359 1407 2412 etiam
1455 2359 1597 2412 vitae
1631 2360 1866 2412 fructum

175 2429 344 2483 ullum
380 2447 497 2482 esse
530 2436 787 2500 negatur,
828 2430 1134 2482 meminisse
1171 2431 1398 2498 iuvabit.
1441 2429 1720 2485 Socratem
1758 2431 1866 2483 vir-

175 2500 281 2554 tuti
317 2507 592 2569 tamquam
629 2500 875 2553 ultimum
912 2501 1076 2554 finem
1095 2502 1432 2573 propositum
1473 2520 1592 2555 esse
1630 2503 1867 2555 voluisse

177 2571 456 2625 felicitatis
507 2591 569 2624 ac
617 2571 893 2625 beatitatis
929 2591 1148 2626 sensum
1200 2571 1446 2642 adeoque
1499 2573 1703 2627 bonum
1739 2574 1870 2627 item

177 2642 312 2696 utile
351 2661 468 2696 esse
509 2643 803 2697 censuisse.
855 2664 907 2696 v.
945 2645 1044 2697 Xe
1061 2643 1256 2714 noph.
1295 2645 1463 2698 Mem.
1503 2643 1609 2698 ΙΙΙ.
1649 2647 1713 2712 3,
1755 2647 1867 2698 2-

179 2715 228 2767 3.
267 2713 369 2766 IV.
409 2715 476 2782 6,
518 2716 566 2768 8.
604 2716 652 2766 9.
694 2715 760 2766 al.
837 2713 1016 2782 Quam
1069 2714 1286 2784 quidem
1336 2717 1661 2770 sententiam
1711 2717 1868 2769 Plato

179 2785 258 2838 sic
294 2785 677 2855 interpretatus
715 2793 825 2854 est,
877 2794 938 2839 ut
977 2785 1288 2854 Socratem,
1339 2794 1530 2858 utpote
1578 2788 1709 2841 utile
1759 2808 1869 2841 non

178 2863 392 2909 tantum
436 2855 506 2908 ad
554 2857 695 2910 vitae
733 2857 1015 2911 commoda
1063 2866 1115 2910 et
1150 2857 1411 2911 utilitates
1466 2858 1563 2912 sed
1600 2860 1762 2912 etiam
1799 2859 1870 2913 ad

180 2934 385 2980 rectam
433 2927 627 2980 mentis
680 2929 1067 2982 conscientiam
1117 2929 1386 2998 animique
1422 2931 1870 2999 tranquillitatem

182 2998 452 3067 pertinere
489 2997 805 3051 arbitratum
844 3006 1082 3052 statuere
1119 3000 1369 3069 iusserit,
1407 3002 1572 3054 vitam
1610 3002 1726 3055 sine
1763 3002 1871 3055 vir-

181 3075 300 3121 tute
336 3067 551 3121 omnino
604 3088 714 3122 non
751 3070 967 3123 vitalem
1000 3069 1229 3124 iudicari
1268 3079 1536 3142 oportere.
1611 3073 1737 3144 Ipse
1777 3093 1872 3126 au-

183 3146 294 3192 tem
342 3158 460 3192 eam
505 3146 696 3210 postea
746 3140 915 3195 multo
967 3140 1127 3194 etiam
1175 3142 1439 3197 illustrius
1497 3144 1781 3198 exornavit
1815 3145 1871 3197 in

186 3209 396 3282 Gorgia
430 3229 485 3280 p.
522 3211 647 3264 469.
689 3209 735 3264 C
765 3230 883 3282 sqq.
925 3233 981 3283 p.
1020 3214 1140 3265 476.
1175 3217 1279 3268 477
1314 3233 1433 3284 sqq.
1474 3233 1580 3284 quo
1618 3216 1740 3269 loco
1777 3215 1868 3267 de-

185 3282 508 3335 monstravit
555 3282 750 3336 iniuste
801 3301 963 3355 agere
1001 3303 1110 3337 non
1147 3284 1308 3339 modo
1345 3286 1544 3340 malum
1583 3305 1730 3353 esse,
1772 3285 1866 3338 sed

187 3354 423 3406 omnium
461 3353 721 3407 malorum
760 3355 1065 3407 maximum.
1141 3354 1252 3410 Sed
1303 3356 1436 3410 haec
1476 3364 1637 3426 atque
1675 3357 1867 3410 similia
