<?xml version="1.0" encoding="UTF-8"?>
<!DOCTYPE html PUBLIC "-//W3C//DTD XHTML 1.0 Transitional//EN"
    "http://www.w3.org/TR/xhtml1/DTD/xhtml1-transitional.dtd">
<html xmlns="http://www.w3.org/1999/xhtml" xml:lang="en" lang="en">
 <head>
  <title>
</title>
<meta http-equiv="Content-Type" content="text/html;charset=utf-8" />
  <meta name='ocr-system' content='tesseract 3.04.00' />
  <meta name='ocr-capabilities' content='ocr_page ocr_carea ocr_par ocr_line ocrx_word'/>
</head>
<body>
  <div class='ocr_page' id='page_1' title='image "./operaomniarecens01platuoft/operaomniarecens01platuoft_0771.png"; bbox 0 0 2158 3718; ppageno 0'>
   <div class='ocr_carea' id='block_1_1' title="bbox 489 155 1786 230">
    <p class='ocr_par' dir='ltr' id='par_1_1' title="bbox 489 155 1786 230">
     <span class='ocr_line' id='line_1_1' title="bbox 489 155 1786 230; baseline 0.019 -26"><span class='ocrx_word' id='word_1_1' title='bbox 489 155 1254 230; x_wconf 78' lang='lat' dir='ltr'><strong>SYMPOSlUM.p.180</strong></span> <span class='ocrx_word' id='word_1_2' title='bbox 1291 167 1364 218; x_wconf 83' lang='lat' dir='ltr'><strong>st.</strong></span> <span class='ocrx_word' id='word_1_3' title='bbox 1716 180 1786 229; x_wconf 82' lang='lat'><strong>49</strong></span> 
     </span>
    </p>
   </div>
   <div class='ocr_carea' id='block_1_2' title="bbox 79 293 1783 806">
    <p class='ocr_par' dir='ltr' id='par_1_2' title="bbox 79 293 1783 806">
     <span class='ocr_line' id='line_1_2' title="bbox 94 293 1783 385; baseline 0.016 -37"><span class='ocrx_word' id='word_1_4' title='bbox 94 314 167 348; x_wconf 83' lang='grc' dir='ltr'><strong>τα</strong></span> <span class='ocrx_word' id='word_1_5' title='bbox 210 293 430 370; x_wconf 77' lang='grc' dir='ltr'><strong><em>φράσαι</em></strong></span> <span class='ocrx_word' id='word_1_6' title='bbox 474 297 540 357; x_wconf 84' lang='grc' dir='ltr'><strong>ὃν</strong></span> <span class='ocrx_word' id='word_1_7' title='bbox 582 305 664 357; x_wconf 78' lang='grc' dir='ltr'><strong>δεῖ</strong></span> <span class='ocrx_word' id='word_1_8' title='bbox 704 309 975 372; x_wconf 79' lang='grc' dir='ltr'><strong><em>ἐπαινεῖν,</em></strong></span> <span class='ocrx_word' id='word_1_9' title='bbox 1037 310 1222 364; x_wconf 66' lang='grc' dir='ltr'><strong><em>ἔπειτα</em></strong></span> <span class='ocrx_word' id='word_1_10' title='bbox 1281 317 1578 372; x_wconf 78' lang='grc' dir='ltr'><strong><em>ἐπαινέσαι.</em></strong></span> <span class='ocrx_word' id='word_1_11' title='bbox 1618 317 1783 385; x_wconf 74' lang='grc' dir='ltr'><strong><em>ἀξίως</em></strong></span> 
     </span>
     <span class='ocr_line' id='line_1_3' title="bbox 92 381 1780 462; baseline 0.016 -30"><span class='ocrx_word' id='word_1_12' title='bbox 92 381 196 434; x_wconf 84' lang='grc' dir='ltr'><strong>τοῦ</strong></span> <span class='ocrx_word' id='word_1_13' title='bbox 234 384 404 448; x_wconf 66' lang='grc' dir='ltr'><strong>θεοῦ.</strong></span> <span class='ocrx_word' id='word_1_14' title='bbox 487 383 711 452; x_wconf 78' lang='grc' dir='ltr'><strong><em>Πάντες</em></strong></span> <span class='ocrx_word' id='word_1_15' title='bbox 753 385 861 460; x_wconf 73' lang='grc' dir='ltr'><strong>γὰρ</strong></span> <span class='ocrx_word' id='word_1_16' title='bbox 921 389 1106 462; x_wconf 75' lang='grc' dir='ltr'><strong><em>ἴσμεν,</em></strong></span> <span class='ocrx_word' id='word_1_17' title='bbox 1165 390 1256 449; x_wconf 81' lang='grc' dir='ltr'><strong>ὅτι</strong></span> <span class='ocrx_word' id='word_1_18' title='bbox 1307 395 1408 453; x_wconf 80' lang='grc' dir='ltr'><strong>οὐκ</strong></span> <span class='ocrx_word' id='word_1_19' title='bbox 1460 402 1608 456; x_wconf 77' lang='grc' dir='ltr'><strong><em>ἔστιν</em></strong></span> <span class='ocrx_word' id='word_1_20' title='bbox 1647 399 1780 459; x_wconf 78' lang='grc' dir='ltr'><strong><em>ἄνευ</em></strong></span> 
     </span>
     <span class='ocr_line' id='line_1_4' title="bbox 79 457 1780 554; baseline 0.016 -39"><span class='ocrx_word' id='word_1_21' title='bbox 79 457 323 534; x_wconf 78' lang='grc' dir='ltr'><em>’Ἑρωτος</em></span> <span class='ocrx_word' id='word_1_22' title='bbox 362 463 683 542; x_wconf 78' lang='grc' dir='ltr'><strong>Ἀφροδίτη.</strong></span> <span class='ocrx_word' id='word_1_23' title='bbox 740 475 872 542; x_wconf 79' lang='grc' dir='ltr'><strong><em>μιᾶς</em></strong></span> <span class='ocrx_word' id='word_1_24' title='bbox 923 478 1025 545; x_wconf 81' lang='grc' dir='ltr'><strong>μὲν</strong></span> <span class='ocrx_word' id='word_1_25' title='bbox 1074 467 1176 532; x_wconf 80' lang='grc' dir='ltr'><strong>οὗν</strong></span> <span class='ocrx_word' id='word_1_26' title='bbox 1219 475 1415 549; x_wconf 71' lang='grc' dir='ltr'><strong><em>οὔσης,</em></strong></span> <span class='ocrx_word' id='word_1_27' title='bbox 1475 482 1551 549; x_wconf 82' lang='grc' dir='ltr'><strong>εἷς</strong></span> <span class='ocrx_word' id='word_1_28' title='bbox 1591 481 1665 541; x_wconf 79' lang='grc' dir='ltr'><strong>ἂν</strong></span> <span class='ocrx_word' id='word_1_29' title='bbox 1709 479 1780 554; x_wconf 73' lang='grc' dir='ltr'><strong>ἦν</strong></span> 
     </span>
     <span class='ocr_line' id='line_1_5' title="bbox 79 542 1778 643; baseline 0.016 -44"><span class='ocrx_word' id='word_1_30' title='bbox 79 542 283 619; x_wconf 81' lang='grc' dir='ltr'><em>”Ερως·</em></span> <span class='ocrx_word' id='word_1_31' title='bbox 329 553 443 605; x_wconf 79' lang='grc' dir='ltr'><strong><em>ἐπεὶ</em></strong></span> <span class='ocrx_word' id='word_1_32' title='bbox 486 555 543 608; x_wconf 78' lang='grc' dir='ltr'><strong>δὲ</strong></span> <span class='ocrx_word' id='word_1_33' title='bbox 588 553 656 621; x_wconf 81' lang='grc' dir='ltr'><strong>δὴ</strong></span> <span class='ocrx_word' id='word_1_34' title='bbox 703 555 803 611; x_wconf 82' lang='grc' dir='ltr'><strong>δύο</strong></span> <span class='ocrx_word' id='word_1_35' title='bbox 843 558 1014 624; x_wconf 81' lang='grc' dir='ltr'><strong><em>ἐστόν,</em></strong></span> <span class='ocrx_word' id='word_1_36' title='bbox 1059 558 1158 617; x_wconf 81' lang='grc' dir='ltr'><strong>δύο</strong></span> <span class='ocrx_word' id='word_1_37' title='bbox 1192 560 1409 634; x_wconf 75' lang='grc' dir='ltr'><strong><em>ἀνάγκη</em></strong></span> <span class='ocrx_word' id='word_1_38' title='bbox 1453 571 1547 623; x_wconf 87' lang='grc' dir='ltr'><strong>καὶ</strong></span> <span class='ocrx_word' id='word_1_39' title='bbox 1572 565 1778 643; x_wconf 79' lang='grc' dir='ltr'><strong><em>’Ἑρωτε</em></strong></span> 
     </span>
     <span class='ocr_line' id='line_1_6' title="bbox 93 626 1779 728; baseline 0.017 -43"><span class='ocrx_word' id='word_1_40' title='bbox 93 626 249 688; x_wconf 85' lang='grc' dir='ltr'><strong><em>εἶναι.</em></strong></span> <span class='ocrx_word' id='word_1_41' title='bbox 310 636 447 699; x_wconf 57' lang='grc' dir='ltr'><strong>πῶς7</strong></span> <span class='ocrx_word' id='word_1_42' title='bbox 483 635 534 692; x_wconf 86' lang='grc' dir='ltr'><strong>δ’</strong></span> <span class='ocrx_word' id='word_1_43' title='bbox 604 636 669 694; x_wconf 83' lang='grc' dir='ltr'><strong>οὐ</strong></span> <span class='ocrx_word' id='word_1_44' title='bbox 715 639 813 697; x_wconf 85' lang='grc' dir='ltr'><strong>δύο</strong></span> <span class='ocrx_word' id='word_1_45' title='bbox 854 640 927 696; x_wconf 78' lang='grc' dir='ltr'><strong>τιὸ</strong></span> <span class='ocrx_word' id='word_1_46' title='bbox 973 643 1124 712; x_wconf 75' lang='grc' dir='ltr'><strong>θεάς</strong></span> <span class='ocrx_word' id='word_1_47' title='bbox 1185 644 1220 714; x_wconf 84' lang='grc' dir='ltr'><strong><em>ἡ</em></strong></span> <span class='ocrx_word' id='word_1_48' title='bbox 1264 655 1365 719; x_wconf 83' lang='grc' dir='ltr'><strong>μέν</strong></span> <span class='ocrx_word' id='word_1_49' title='bbox 1405 656 1463 721; x_wconf 78' lang='grc' dir='ltr'><strong>γέ</strong></span> <span class='ocrx_word' id='word_1_50' title='bbox 1505 675 1615 710; x_wconf 85' lang='grc' dir='ltr'><strong>πον</strong></span> <span class='ocrx_word' id='word_1_51' title='bbox 1650 676 1779 728; x_wconf 81' lang='grc' dir='ltr'><strong><em>πρε-</em></strong></span> 
     </span>
     <span class='ocr_line' id='line_1_7' title="bbox 86 717 1780 806; baseline 0.017 -38"><span class='ocrx_word' id='word_1_52' title='bbox 86 717 330 791; x_wconf 73' lang='grc' dir='ltr'><strong><em>-σβυτέρα</em></strong></span> <span class='ocrx_word' id='word_1_53' title='bbox 373 722 467 775; x_wconf 85' lang='grc' dir='ltr'><strong>καὶ</strong></span> <span class='ocrx_word' id='word_1_54' title='bbox 509 720 775 798; x_wconf 79' lang='grc' dir='ltr'><strong><em>ἀμήτωρ,</em></strong></span> <span class='ocrx_word' id='word_1_55' title='bbox 824 726 1082 802; x_wconf 78' lang='grc' dir='ltr'><strong><em>Οὐρανοῦ</em></strong></span> <span class='ocrx_word' id='word_1_56' title='bbox 1125 730 1422 805; x_wconf 74' lang='grc' dir='ltr'><strong>θυγάτηρ,</strong></span> <span class='ocrx_word' id='word_1_57' title='bbox 1469 733 1538 804; x_wconf 77' lang='grc' dir='ltr'><strong>ἢν</strong></span> <span class='ocrx_word' id='word_1_58' title='bbox 1582 734 1649 806; x_wconf 78' lang='grc' dir='ltr'><strong>,δὴ</strong></span> <span class='ocrx_word' id='word_1_59' title='bbox 1687 742 1780 797; x_wconf 86' lang='grc' dir='ltr'><strong>καὶ</strong></span> 
     </span>
    </p>
   </div>
   <div class='ocr_carea' id='block_1_3' title="bbox 86 905 1778 1091">
    <p class='ocr_par' dir='ltr' id='par_1_3' title="bbox 86 905 1778 1091">
     <span class='ocr_line' id='line_1_8' title="bbox 86 905 1778 987; baseline 0.018 -40"><span class='ocrx_word' id='word_1_60' title='bbox 86 905 225 949; x_wconf 82' lang='lat' dir='ltr'><strong>Coisl.</strong></span> <span class='ocrx_word' id='word_1_61' title='bbox 265 909 366 952; x_wconf 85' lang='lat' dir='ltr'><strong>Par.</strong></span> <span class='ocrx_word' id='word_1_62' title='bbox 411 910 558 955; x_wconf 80' lang='lat' dir='ltr'><strong>EFK.</strong></span> <span class='ocrx_word' id='word_1_63' title='bbox 602 914 698 956; x_wconf 86' lang='lat' dir='ltr'><strong>Vat.</strong></span> <span class='ocrx_word' id='word_1_64' title='bbox 738 928 779 959; x_wconf 91' lang='lat' dir='ltr'><strong>n.</strong></span> <span class='ocrx_word' id='word_1_65' title='bbox 818 931 852 959; x_wconf 86' lang='lat' dir='ltr'><strong>s,</strong></span> <span class='ocrx_word' id='word_1_66' title='bbox 895 918 1014 961; x_wconf 86' lang='lat' dir='ltr'><strong>Flor.</strong></span> <span class='ocrx_word' id='word_1_67' title='bbox 1045 905 1097 963; x_wconf 76' lang='lat' dir='ltr'><strong>b.</strong></span> <span class='ocrx_word' id='word_1_68' title='bbox 1125 927 1170 964; x_wconf 79' lang='lat' dir='ltr'><strong>et</strong></span> <span class='ocrx_word' id='word_1_69' title='bbox 1201 924 1326 967; x_wconf 82' lang='lat' dir='ltr'><strong>Stob.</strong></span> <span class='ocrx_word' id='word_1_70' title='bbox 1358 925 1540 982; x_wconf 78' lang='lat' dir='ltr'><strong>Eclogg.</strong></span> <span class='ocrx_word' id='word_1_71' title='bbox 1574 930 1702 985; x_wconf 78' lang='lat' dir='ltr'><strong>Phys.</strong></span> <span class='ocrx_word' id='word_1_72' title='bbox 1735 946 1778 987; x_wconf 84' lang='lat' dir='ltr'><strong>p.</strong></span> 
     </span>
     <span class='ocr_line' id='line_1_9' title="bbox 87 962 1778 1032; baseline 0.015 -25"><span class='ocrx_word' id='word_1_73' title='bbox 87 962 160 1018; x_wconf 78' lang='grc'><strong>23.</strong></span> <span class='ocrx_word' id='word_1_74' title='bbox 195 965 420 1009; x_wconf 80' lang='lat' dir='ltr'><strong>Bekkerus</strong></span> <span class='ocrx_word' id='word_1_75' title='bbox 450 964 531 1013; x_wconf 66' lang='grc' dir='ltr'><strong>οὖν</strong></span> <span class='ocrx_word' id='word_1_76' title='bbox 562 972 728 1022; x_wconf 86' lang='lat' dir='ltr'><strong>omisit,</strong></span> <span class='ocrx_word' id='word_1_77' title='bbox 774 974 817 1014; x_wconf 92' lang='lat' dir='ltr'><strong>in</strong></span> <span class='ocrx_word' id='word_1_78' title='bbox 857 977 1015 1018; x_wconf 81' lang='lat' dir='ltr'><strong>ceteris</strong></span> <span class='ocrx_word' id='word_1_79' title='bbox 1053 980 1276 1023; x_wconf 89' lang='lat' dir='ltr'><strong>nobiscum</strong></span> <span class='ocrx_word' id='word_1_80' title='bbox 1323 988 1608 1030; x_wconf 79' lang='lat' dir='ltr'><strong>consentiens.</strong></span> <span class='ocrx_word' id='word_1_81' title='bbox 1669 989 1778 1032; x_wconf 86' lang='lat' dir='ltr'><strong>Dein</strong></span> 
     </span>
     <span class='ocr_line' id='line_1_10' title="bbox 87 1015 1711 1091; baseline 0.016 -29"><span class='ocrx_word' id='word_1_82' title='bbox 87 1015 140 1072; x_wconf 73' lang='grc' dir='ltr'><strong>ἦν</strong></span> <span class='ocrx_word' id='word_1_83' title='bbox 165 1020 193 1062; x_wconf 77' lang='lat' dir='ltr'><strong>n‘</strong></span> <span class='ocrx_word' id='word_1_84' title='bbox 217 1022 352 1079; x_wconf 80' lang='grc' dir='ltr'><em>Ἔρως</em></span> <span class='ocrx_word' id='word_1_85' title='bbox 381 1026 483 1068; x_wconf 90' lang='lat' dir='ltr'><strong>Par.</strong></span> <span class='ocrx_word' id='word_1_86' title='bbox 518 1028 570 1069; x_wconf 88' lang='grc' dir='ltr'><strong>Κ.</strong></span> <span class='ocrx_word' id='word_1_87' title='bbox 605 1029 701 1070; x_wconf 83' lang='lat' dir='ltr'><strong>vat.</strong></span> <span class='ocrx_word' id='word_1_88' title='bbox 737 1043 778 1083; x_wconf 89' lang='lat' dir='ltr'><strong>p.</strong></span> <span class='ocrx_word' id='word_1_89' title='bbox 809 1026 867 1081; x_wconf 78' lang='grc' dir='ltr'><strong>εἷς</strong></span> <span class='ocrx_word' id='word_1_90' title='bbox 898 1030 955 1074; x_wconf 68' lang='grc' dir='ltr'><strong>ἄν</strong></span> <span class='ocrx_word' id='word_1_91' title='bbox 989 1029 1069 1075; x_wconf 73' lang='grc' dir='ltr'><strong>οὖν</strong></span> <span class='ocrx_word' id='word_1_92' title='bbox 1090 1035 1223 1091; x_wconf 80' lang='grc' dir='ltr'><em>Ἔρως</em></span> <span class='ocrx_word' id='word_1_93' title='bbox 1254 1039 1368 1082; x_wconf 86' lang='lat' dir='ltr'><strong>Flor.</strong></span> <span class='ocrx_word' id='word_1_94' title='bbox 1402 1055 1442 1083; x_wconf 92' lang='lat' dir='ltr'><strong>n.</strong></span> <span class='ocrx_word' id='word_1_95' title='bbox 1683 1038 1711 1050; x_wconf 46' lang='grc'><strong>“’</strong></span> 
     </span>
    </p>
   </div>
   <div class='ocr_carea' id='block_1_4' title="bbox 82 1099 1776 1218">
    <p class='ocr_par' dir='ltr' id='par_1_4' title="bbox 82 1099 1776 1218">
     <span class='ocr_line' id='line_1_11' title="bbox 199 1099 1776 1175; baseline 0.015 -27"><span class='ocrx_word' id='word_1_96' title='bbox 199 1099 324 1149; x_wconf 73' lang='grc' dir='ltr'><strong>ἐπεὶ</strong></span> <span class='ocrx_word' id='word_1_97' title='bbox 354 1110 411 1151; x_wconf 76' lang='grc' dir='ltr'><strong>δὲ</strong></span> <span class='ocrx_word' id='word_1_98' title='bbox 443 1111 504 1164; x_wconf 77' lang='grc' dir='ltr'><strong>δὴ</strong></span> <span class='ocrx_word' id='word_1_99' title='bbox 538 1111 670 1169; x_wconf 70' lang='grc' dir='ltr'><strong>δύο]</strong></span> <span class='ocrx_word' id='word_1_100' title='bbox 716 1116 759 1156; x_wconf 73' lang='grc' dir='ltr'><strong>δὲ</strong></span> <span class='ocrx_word' id='word_1_101' title='bbox 790 1118 1037 1162; x_wconf 71' lang='lat' dir='ltr'><strong>restitutum</strong></span> <span class='ocrx_word' id='word_1_102' title='bbox 1070 1134 1094 1163; x_wconf 91' lang='lat' dir='ltr'><strong>e</strong></span> <span class='ocrx_word' id='word_1_103' title='bbox 1130 1122 1256 1166; x_wconf 91' lang='lat' dir='ltr'><strong>Bodl.</strong></span> <span class='ocrx_word' id='word_1_104' title='bbox 1291 1125 1386 1167; x_wconf 86' lang='lat' dir='ltr'><strong>Vat.</strong></span> <span class='ocrx_word' id='word_1_105' title='bbox 1420 1126 1472 1169; x_wconf 85' lang='lat' dir='ltr'><strong>A.</strong></span> <span class='ocrx_word' id='word_1_106' title='bbox 1504 1128 1628 1171; x_wconf 79' lang='lat' dir='ltr'><strong>vind.</strong></span> <span class='ocrx_word' id='word_1_107' title='bbox 1664 1131 1702 1174; x_wconf 90' lang='lat'><strong>1.</strong></span> <span class='ocrx_word' id='word_1_108' title='bbox 1734 1130 1776 1175; x_wconf 85' lang='lat'><strong>2.</strong></span> 
     </span>
     <span class='ocr_line' id='line_1_12' title="bbox 82 1162 1728 1218; baseline 0.002 -12"><span class='ocrx_word' id='word_1_109' title='bbox 82 1164 200 1218; x_wconf 71' lang='lat' dir='ltr'><strong>Aug.</strong></span> <span class='ocrx_word' id='word_1_110' title='bbox 229 1177 281 1206; x_wconf 81' lang='lat' dir='ltr'><strong>w.</strong></span> <span class='ocrx_word' id='word_1_111' title='bbox 313 1162 409 1209; x_wconf 78' lang='lat' dir='ltr'><strong>vat.</strong></span> <span class='ocrx_word' id='word_1_112' title='bbox 443 1181 477 1210; x_wconf 89' lang='lat' dir='ltr'><strong>r.</strong></span> <span class='ocrx_word' id='word_1_113' title='bbox 511 1169 654 1211; x_wconf 81' lang='lat' dir='ltr'><strong>Palat.</strong></span> <span class='ocrx_word' id='word_1_114' title='bbox 1215 1190 1235 1202; x_wconf 61' lang='grc' dir='ltr'>υ</span> <span class='ocrx_word' id='word_1_115' title='bbox 1509 1198 1511 1203; x_wconf 41' lang='grc'><strong><em>,</em></strong></span> <span class='ocrx_word' id='word_1_116' title='bbox 1726 1200 1728 1203; x_wconf 88' lang='grc'><strong>.</strong></span> 
     </span>
    </p>
   </div>
   <div class='ocr_carea' id='block_1_5' title="bbox 85 1248 1775 1370">
    <p class='ocr_par' dir='ltr' id='par_1_5' title="bbox 85 1248 1775 1370">
     <span class='ocr_line' id='line_1_13' title="bbox 157 1248 1775 1319; baseline 0.018 -31"><span class='ocrx_word' id='word_1_117' title='bbox 157 1282 165 1294; x_wconf 65' lang='grc'><strong><em>,</em></strong></span> <span class='ocrx_word' id='word_1_118' title='bbox 202 1248 307 1290; x_wconf 80' lang='grc' dir='ltr'><strong>δύο</strong></span> <span class='ocrx_word' id='word_1_119' title='bbox 338 1248 403 1292; x_wconf 79' lang='grc' dir='ltr'><strong>τὼ</strong></span> <span class='ocrx_word' id='word_1_120' title='bbox 434 1251 554 1308; x_wconf 77' lang='grc' dir='ltr'><strong><em>θεοί]</em></strong></span> <span class='ocrx_word' id='word_1_121' title='bbox 587 1255 638 1296; x_wconf 90' lang='lat' dir='ltr'><strong>V.</strong></span> <span class='ocrx_word' id='word_1_122' title='bbox 671 1254 724 1297; x_wconf 76' lang='grc' dir='ltr'><strong>τὰ</strong></span> <span class='ocrx_word' id='word_1_123' title='bbox 757 1256 862 1311; x_wconf 74' lang='grc' dir='ltr'><strong><em>θεοῖ,</em></strong></span> <span class='ocrx_word' id='word_1_124' title='bbox 895 1265 1069 1313; x_wconf 89' lang='lat' dir='ltr'><strong>praeter</strong></span> <span class='ocrx_word' id='word_1_125' title='bbox 1091 1262 1220 1307; x_wconf 88' lang='lat' dir='ltr'><strong>fidem</strong></span> <span class='ocrx_word' id='word_1_126' title='bbox 1242 1265 1455 1310; x_wconf 89' lang='lat' dir='ltr'><strong>codicum.</strong></span> <span class='ocrx_word' id='word_1_127' title='bbox 1510 1270 1618 1314; x_wconf 88' lang='lat' dir='ltr'>Dein</span> <span class='ocrx_word' id='word_1_128' title='bbox 1643 1273 1775 1319; x_wconf 83' lang='lat' dir='ltr'><strong>Coisl.</strong></span> 
     </span>
     <span class='ocr_line' id='line_1_14' title="bbox 85 1305 943 1370; baseline 0.01 -21"><span class='ocrx_word' id='word_1_129' title='bbox 85 1305 189 1363; x_wconf 62' lang='lat' dir='ltr'><strong>Pur.</strong></span> <span class='ocrx_word' id='word_1_130' title='bbox 226 1307 332 1361; x_wconf 70' lang='grc' dir='ltr'><strong>ΒΚ.</strong></span> <span class='ocrx_word' id='word_1_131' title='bbox 366 1308 461 1352; x_wconf 77' lang='lat' dir='ltr'><strong>Vat.</strong></span> <span class='ocrx_word' id='word_1_132' title='bbox 494 1324 537 1365; x_wconf 87' lang='lat' dir='ltr'><strong>p.</strong></span> <span class='ocrx_word' id='word_1_133' title='bbox 573 1310 596 1363; x_wconf 77' lang='grc' dir='ltr'><em>ἦ</em></span> <span class='ocrx_word' id='word_1_134' title='bbox 628 1316 703 1368; x_wconf 80' lang='grc' dir='ltr'><strong>μὲν</strong></span> <span class='ocrx_word' id='word_1_135' title='bbox 731 1314 815 1370; x_wconf 73' lang='grc' dir='ltr'><strong>γάρ</strong></span> <span class='ocrx_word' id='word_1_136' title='bbox 845 1331 943 1358; x_wconf 84' lang='grc' dir='ltr'><strong>που.</strong></span> 
     </span>
    </p>
   </div>
   <div class='ocr_carea' id='block_1_6' title="bbox 83 1451 887 1507">
    <p class='ocr_par' dir='ltr' id='par_1_6' title="bbox 83 1451 887 1507">
     <span class='ocr_line' id='line_1_15' title="bbox 83 1451 887 1507; baseline 0.011 -17"><span class='ocrx_word' id='word_1_137' title='bbox 83 1454 134 1490; x_wconf 86' lang='lat' dir='ltr'><strong>ut</strong></span> <span class='ocrx_word' id='word_1_138' title='bbox 164 1451 359 1504; x_wconf 83' lang='lat' dir='ltr'><strong>opinor‚-</strong></span> <span class='ocrx_word' id='word_1_139' title='bbox 388 1457 456 1496; x_wconf 81' lang='lat' dir='ltr'><strong>est</strong></span> <span class='ocrx_word' id='word_1_140' title='bbox 487 1455 712 1507; x_wconf 78' lang='lat' dir='ltr'><strong>coelestis,</strong></span> <span class='ocrx_word' id='word_1_141' title='bbox 751 1458 887 1499; x_wconf 87' lang='lat' dir='ltr'><strong>altera</strong></span> 
     </span>
    </p>
   </div>
   <div class='ocr_carea' id='block_1_7' title="bbox 82 1445 1773 1566">
    <p class='ocr_par' dir='ltr' id='par_1_7' title="bbox 82 1445 1773 1566">
     <span class='ocr_line' id='line_1_16' title="bbox 971 1445 1773 1527; baseline 0.016 -26"><span class='ocrx_word' id='word_1_142' title='bbox 971 1445 1425 1514; x_wconf 67' lang='lat' dir='ltr'><strong>certe,&#39;saltem.“</strong></span> <span class='ocrx_word' id='word_1_143' title='bbox 1467 1469 1580 1513; x_wconf 84' lang='lat' dir='ltr'><strong>Infra</strong></span> <span class='ocrx_word' id='word_1_144' title='bbox 1611 1486 1653 1527; x_wconf 90' lang='lat' dir='ltr'><strong>p.</strong></span> <span class='ocrx_word' id='word_1_145' title='bbox 1673 1472 1773 1519; x_wconf 86' lang='lat'>215.</span> 
     </span>
     <span class='ocr_line' id='line_1_17' title="bbox 82 1509 885 1566; baseline 0.009 -19"><span class='ocrx_word' id='word_1_146' title='bbox 82 1509 290 1561; x_wconf 75' lang='lat' dir='ltr'><strong>vulgaris.</strong></span> <span class='ocrx_word' id='word_1_147' title='bbox 350 1509 418 1551; x_wconf 86' lang='lat' dir='ltr'><strong>Ex</strong></span> <span class='ocrx_word' id='word_1_148' title='bbox 462 1524 546 1564; x_wconf 88' lang='lat' dir='ltr'><strong>quo</strong></span> <span class='ocrx_word' id='word_1_149' title='bbox 592 1514 885 1566; x_wconf 73' lang='lat' dir='ltr'>consequitur,</span> 
     </span>
    </p>
   </div>
   <div class='ocr_carea' id='block_1_8' title="bbox 973 1515 1779 1585">
    <p class='ocr_par' dir='ltr' id='par_1_8' title="bbox 973 1515 1779 1585">
     <span class='ocr_line' id='line_1_18' title="bbox 973 1515 1779 1585; baseline 0.021 -27"><span class='ocrx_word' id='word_1_150' title='bbox 973 1518 1031 1560; x_wconf 73' lang='lat' dir='ltr'><strong>Cz</strong></span> <span class='ocrx_word' id='word_1_151' title='bbox 1072 1515 1096 1558; x_wconf 91' lang='lat' dir='ltr'><strong>o‘</strong></span> <span class='ocrx_word' id='word_1_152' title='bbox 1128 1524 1204 1572; x_wconf 76' lang='grc' dir='ltr'><strong>μέν</strong></span> <span class='ocrx_word' id='word_1_153' title='bbox 1235 1536 1281 1573; x_wconf 80' lang='grc' dir='ltr'><strong>γε</strong></span> <span class='ocrx_word' id='word_1_154' title='bbox 1313 1521 1370 1562; x_wconf 82' lang='grc' dir='ltr'><strong>δι’</strong></span> <span class='ocrx_word' id='word_1_155' title='bbox 1414 1522 1605 1580; x_wconf 70' lang='grc' dir='ltr'><strong><em>ὀργάνων</em></strong></span> <span class='ocrx_word' id='word_1_156' title='bbox 1638 1531 1779 1585; x_wconf 70' lang='grc' dir='ltr'><strong><em>ἐκήλει</em></strong></span> 
     </span>
    </p>
   </div>
   <div class='ocr_carea' id='block_1_9' title="bbox 55 1566 891 3453">
    <p class='ocr_par' dir='ltr' id='par_1_9' title="bbox 55 1566 891 3453">
     <span class='ocr_line' id='line_1_19' title="bbox 81 1566 886 1621; baseline 0.009 -16"><span class='ocrx_word' id='word_1_157' title='bbox 81 1569 130 1606; x_wconf 87' lang='lat' dir='ltr'><strong>ut</strong></span> <span class='ocrx_word' id='word_1_158' title='bbox 173 1566 300 1609; x_wconf 86' lang='lat' dir='ltr'><strong>etiam</strong></span> <span class='ocrx_word' id='word_1_159' title='bbox 340 1566 553 1621; x_wconf 88' lang='lat' dir='ltr'><strong>duplicem</strong></span> <span class='ocrx_word' id='word_1_160' title='bbox 611 1583 707 1611; x_wconf 86' lang='lat' dir='ltr'><strong>esse</strong></span> <span class='ocrx_word' id='word_1_161' title='bbox 749 1575 886 1612; x_wconf 88' lang='lat' dir='ltr'><strong>Amo-</strong></span> 
     </span>
     <span class='ocr_line' id='line_1_20' title="bbox 81 1625 886 1682; baseline 0.006 -19"><span class='ocrx_word' id='word_1_162' title='bbox 81 1634 174 1664; x_wconf 88' lang='lat' dir='ltr'><strong>rem</strong></span> <span class='ocrx_word' id='word_1_163' title='bbox 208 1625 484 1668; x_wconf 83' lang='lat' dir='ltr'><strong>statuendum</strong></span> <span class='ocrx_word' id='word_1_164' title='bbox 518 1625 586 1668; x_wconf 84' lang='lat' dir='ltr'><strong>sit.</strong></span> <span class='ocrx_word' id='word_1_165' title='bbox 646 1627 886 1682; x_wconf 84' lang='lat' dir='ltr'><strong>Simplicis-</strong></span> 
     </span>
     <span class='ocr_line' id='line_1_21' title="bbox 81 1679 888 1735; baseline 0.009 -16"><span class='ocrx_word' id='word_1_166' title='bbox 81 1679 232 1735; x_wconf 82' lang='lat' dir='ltr'><strong>simam</strong></span> <span class='ocrx_word' id='word_1_167' title='bbox 284 1681 395 1723; x_wconf 71' lang='lat' dir='ltr'><strong>lianc</strong></span> <span class='ocrx_word' id='word_1_168' title='bbox 437 1689 666 1726; x_wconf 87' lang='lat' dir='ltr'><strong>acutarum</strong></span> <span class='ocrx_word' id='word_1_169' title='bbox 710 1687 888 1726; x_wconf 89' lang='lat' dir='ltr'><strong>conclu-</strong></span> 
     </span>
     <span class='ocr_line' id='line_1_22' title="bbox 60 1736 890 1796; baseline 0.008 -20"><span class='ocrx_word' id='word_1_170' title='bbox 60 1736 370 1785; x_wconf 48' lang='lat' dir='ltr'><strong>ksiuncularum</strong></span> <span class='ocrx_word' id='word_1_171' title='bbox 402 1740 557 1781; x_wconf 80' lang='lat' dir='ltr'><strong>seriem</strong></span> <span class='ocrx_word' id='word_1_172' title='bbox 586 1742 753 1783; x_wconf 87' lang='lat' dir='ltr'><strong>mireris</strong></span> <span class='ocrx_word' id='word_1_173' title='bbox 783 1756 890 1796; x_wconf 92' lang='lat' dir='ltr'><strong>pro-</strong></span> 
     </span>
     <span class='ocr_line' id='line_1_23' title="bbox 62 1793 888 1850; baseline 0.007 -16"><span class='ocrx_word' id='word_1_174' title='bbox 62 1793 199 1850; x_wconf 31' lang='lat' dir='ltr'><strong>&#39;fecto</strong></span> <span class='ocrx_word' id='word_1_175' title='bbox 237 1797 339 1837; x_wconf 79' lang='lat' dir='ltr'><strong>viris</strong></span> <span class='ocrx_word' id='word_1_176' title='bbox 380 1796 532 1839; x_wconf 42' lang='lat' dir='ltr'><strong>doctiss</strong></span> <span class='ocrx_word' id='word_1_177' title='bbox 561 1803 724 1840; x_wconf 83' lang='lat' dir='ltr'><strong>tantum</strong></span> <span class='ocrx_word' id='word_1_178' title='bbox 772 1805 888 1841; x_wconf 90' lang='lat' dir='ltr'><strong>attu-</strong></span> 
     </span>
     <span class='ocr_line' id='line_1_24' title="bbox 81 1851 889 1905; baseline 0.006 -12"><span class='ocrx_word' id='word_1_179' title='bbox 81 1851 183 1893; x_wconf 81' lang='lat' dir='ltr'><strong>lisse</strong></span> <span class='ocrx_word' id='word_1_180' title='bbox 213 1854 468 1905; x_wconf 80' lang='lat' dir='ltr'><strong>molestiae,</strong></span> <span class='ocrx_word' id='word_1_181' title='bbox 509 1859 557 1895; x_wconf 91' lang='lat' dir='ltr'><strong>ut</strong></span> <span class='ocrx_word' id='word_1_182' title='bbox 592 1855 646 1897; x_wconf 89' lang='lat' dir='ltr'><strong>ad</strong></span> <span class='ocrx_word' id='word_1_183' title='bbox 679 1856 889 1898; x_wconf 87' lang='lat' dir='ltr'><strong>violentas</strong></span> 
     </span>
     <span class='ocr_line' id='line_1_25' title="bbox 82 1911 890 1967; baseline 0.009 -18"><span class='ocrx_word' id='word_1_184' title='bbox 82 1911 377 1952; x_wconf 80' lang='lat' dir='ltr'><strong>correctiones</strong></span> <span class='ocrx_word' id='word_1_185' title='bbox 427 1911 758 1966; x_wconf 78' lang='lat' dir='ltr'><strong>confugiendum</strong></span> <span class='ocrx_word' id='word_1_186' title='bbox 804 1927 890 1967; x_wconf 91' lang='lat' dir='ltr'><strong>pu-</strong></span> 
     </span>
     <span class='ocr_line' id='line_1_26' title="bbox 80 1966 891 2012; baseline 0.006 -5"><span class='ocrx_word' id='word_1_187' title='bbox 80 1966 224 2010; x_wconf 86' lang='lat' dir='ltr'><strong>tarint.</strong></span> <span class='ocrx_word' id='word_1_188' title='bbox 301 1968 576 2011; x_wconf 83' lang='lat' dir='ltr'><strong>Graserus</strong></span> <span class='ocrx_word' id='word_1_189' title='bbox 631 1972 741 2012; x_wconf 88' lang='lat' dir='ltr'><strong>enim</strong></span> <span class='ocrx_word' id='word_1_190' title='bbox 798 1971 891 2012; x_wconf 88' lang='lat' dir='ltr'><strong>Ad-</strong></span> 
     </span>
     <span class='ocr_line' id='line_1_27' title="bbox 79 2026 890 2080; baseline 0.009 -17"><span class='ocrx_word' id='word_1_191' title='bbox 79 2035 243 2067; x_wconf 81' lang='lat' dir='ltr'><strong>versar.</strong></span> <span class='ocrx_word' id='word_1_192' title='bbox 281 2038 324 2078; x_wconf 91' lang='lat' dir='ltr'><strong>p.</strong></span> <span class='ocrx_word' id='word_1_193' title='bbox 365 2026 421 2070; x_wconf 81' lang='lat'><strong>25</strong></span> <span class='ocrx_word' id='word_1_194' title='bbox 465 2040 555 2080; x_wconf 86' lang='lat' dir='ltr'><strong>sqq.</strong></span> <span class='ocrx_word' id='word_1_195' title='bbox 614 2028 890 2070; x_wconf 83' lang='lat' dir='ltr'><strong>scribendum</strong></span> 
     </span>
     <span class='ocr_line' id='line_1_28' title="bbox 78 2082 884 2127; baseline 0.006 -7"><span class='ocrx_word' id='word_1_196' title='bbox 78 2092 179 2122; x_wconf 64' lang='lat' dir='ltr'><strong>‘esse</strong></span> <span class='ocrx_word' id='word_1_197' title='bbox 221 2083 465 2124; x_wconf 79' lang='lat' dir='ltr'>contendit:</span> <span class='ocrx_word' id='word_1_198' title='bbox 519 2082 592 2126; x_wconf 72' lang='grc' dir='ltr'><strong>ὅτι</strong></span> <span class='ocrx_word' id='word_1_199' title='bbox 642 2084 721 2125; x_wconf 79' lang='grc' dir='ltr'><strong>οὐκ</strong></span> <span class='ocrx_word' id='word_1_200' title='bbox 769 2088 884 2127; x_wconf 75' lang='grc' dir='ltr'><strong><em>ἔστιν</em></strong></span> 
     </span>
     <span class='ocr_line' id='line_1_29' title="bbox 79 2136 883 2199; baseline 0.011 -23"><span class='ocrx_word' id='word_1_201' title='bbox 79 2136 180 2179; x_wconf 69' lang='grc' dir='ltr'><strong>ἄνευ</strong></span> <span class='ocrx_word' id='word_1_202' title='bbox 201 2137 391 2188; x_wconf 66' lang='grc' dir='ltr'><em>’Ἑρωτος</em></span> <span class='ocrx_word' id='word_1_203' title='bbox 424 2138 675 2195; x_wconf 75' lang='grc' dir='ltr'><em>Ἀφροδίτη.</em></span> <span class='ocrx_word' id='word_1_204' title='bbox 718 2141 883 2199; x_wconf 77' lang='grc' dir='ltr'><strong><em>Ἀφρο-</em></strong></span> 
     </span>
     <span class='ocr_line' id='line_1_30' title="bbox 80 2194 880 2252; baseline 0.009 -18"><span class='ocrx_word' id='word_1_205' title='bbox 80 2194 204 2246; x_wconf 73' lang='grc' dir='ltr'><strong><em>δίτης</em></strong></span> <span class='ocrx_word' id='word_1_206' title='bbox 236 2196 281 2235; x_wconf 71' lang='grc' dir='ltr'><strong>δὲ</strong></span> <span class='ocrx_word' id='word_1_207' title='bbox 310 2201 416 2249; x_wconf 77' lang='grc' dir='ltr'><strong><em>μιᾶς</em></strong></span> <span class='ocrx_word' id='word_1_208' title='bbox 444 2199 520 2252; x_wconf 71' lang='grc' dir='ltr'><strong>μὲν</strong></span> <span class='ocrx_word' id='word_1_209' title='bbox 543 2198 674 2252; x_wconf 77' lang='grc' dir='ltr'><strong><em>οὔσης</em></strong></span> <span class='ocrx_word' id='word_1_210' title='bbox 703 2215 739 2241; x_wconf 80' lang='grc' dir='ltr'><strong>κ.</strong></span> <span class='ocrx_word' id='word_1_211' title='bbox 769 2215 808 2240; x_wconf 82' lang='grc' dir='ltr'><strong>τ.</strong></span> <span class='ocrx_word' id='word_1_212' title='bbox 840 2200 880 2241; x_wconf 82' lang='grc' dir='ltr'><strong>λ.</strong></span> 
     </span>
     <span class='ocr_line' id='line_1_31' title="bbox 79 2251 883 2299; baseline 0.006 -5"><span class='ocrx_word' id='word_1_213' title='bbox 79 2251 207 2294; x_wconf 83' lang='lat' dir='ltr'><strong>Quae</strong></span> <span class='ocrx_word' id='word_1_214' title='bbox 254 2256 435 2295; x_wconf 87' lang='lat' dir='ltr'><strong>mutatio</strong></span> <span class='ocrx_word' id='word_1_215' title='bbox 493 2255 619 2297; x_wconf 82' lang='lat' dir='ltr'><strong>sicuti</strong></span> <span class='ocrx_word' id='word_1_216' title='bbox 677 2256 883 2299; x_wconf 79' lang='lat' dir='ltr'>audaciae</span> 
     </span>
     <span class='ocr_line' id='line_1_32' title="bbox 77 2309 883 2365; baseline 0.009 -16"><span class='ocrx_word' id='word_1_217' title='bbox 77 2309 249 2350; x_wconf 86' lang='lat' dir='ltr'><strong>nomine</strong></span> <span class='ocrx_word' id='word_1_218' title='bbox 279 2310 506 2365; x_wconf 82' lang='lat' dir='ltr'><strong>displicere</strong></span> <span class='ocrx_word' id='word_1_219' title='bbox 533 2312 678 2364; x_wconf 80' lang='lat' dir='ltr'><strong>debet,</strong></span> <span class='ocrx_word' id='word_1_220' title='bbox 711 2313 768 2354; x_wconf 89' lang='lat' dir='ltr'><strong>ita</strong></span> <span class='ocrx_word' id='word_1_221' title='bbox 802 2326 883 2356; x_wconf 88' lang='lat' dir='ltr'><strong>nec</strong></span> 
     </span>
     <span class='ocr_line' id='line_1_33' title="bbox 77 2367 885 2413; baseline 0.007 -6"><span class='ocrx_word' id='word_1_222' title='bbox 77 2367 164 2407; x_wconf 94' lang='lat' dir='ltr'><strong>ullo</strong></span> <span class='ocrx_word' id='word_1_223' title='bbox 196 2367 328 2408; x_wconf 80' lang='lat' dir='ltr'><strong>modo</strong></span> <span class='ocrx_word' id='word_1_224' title='bbox 375 2374 442 2410; x_wconf 84' lang='lat' dir='ltr'><strong>est</strong></span> <span class='ocrx_word' id='word_1_225' title='bbox 471 2371 727 2412; x_wconf 78' lang='lat' dir='ltr'><strong>necessaria.</strong></span> <span class='ocrx_word' id='word_1_226' title='bbox 786 2370 885 2413; x_wconf 87' lang='lat' dir='ltr'><strong>Non</strong></span> 
     </span>
     <span class='ocr_line' id='line_1_34' title="bbox 76 2424 882 2480; baseline 0.01 -18"><span class='ocrx_word' id='word_1_227' title='bbox 76 2424 343 2477; x_wconf 76' lang='lat' dir='ltr'><strong>probabilior</strong></span> <span class='ocrx_word' id='word_1_228' title='bbox 361 2427 468 2467; x_wconf 81' lang='lat' dir='ltr'><strong>ratio</strong></span> <span class='ocrx_word' id='word_1_229' title='bbox 488 2426 530 2468; x_wconf 81' lang='lat' dir='ltr'>R</span> <span class='ocrx_word' id='word_1_230' title='bbox 546 2434 604 2468; x_wconf 80' lang='lat' dir='ltr'><strong>iic</strong></span> <span class='ocrx_word' id='word_1_231' title='bbox 616 2428 640 2469; x_wconf 81' lang='lat' dir='ltr'><strong>k</strong></span> <span class='ocrx_word' id='word_1_232' title='bbox 654 2441 678 2468; x_wconf 90' lang='lat' dir='ltr'><strong>e</strong></span> <span class='ocrx_word' id='word_1_233' title='bbox 695 2429 765 2470; x_wconf 87' lang='lat' dir='ltr'><strong>rti</strong></span> <span class='ocrx_word' id='word_1_234' title='bbox 798 2433 882 2480; x_wconf 87' lang='lat' dir='ltr'><strong>est,</strong></span> 
     </span>
     <span class='ocr_line' id='line_1_35' title="bbox 55 2481 882 2540; baseline 0.007 -20"><span class='ocrx_word' id='word_1_235' title='bbox 55 2481 146 2533; x_wconf 82' lang='lat' dir='ltr'><strong>·qui</strong></span> <span class='ocrx_word' id='word_1_236' title='bbox 178 2482 405 2532; x_wconf 64' lang='lat' dir='ltr'><strong>legendum</strong></span> <span class='ocrx_word' id='word_1_237' title='bbox 441 2485 694 2539; x_wconf 71' lang='lat' dir='ltr'><strong>proposuit:</strong></span> <span class='ocrx_word' id='word_1_238' title='bbox 715 2483 882 2540; x_wconf 74' lang='grc' dir='ltr'><strong><em>’Λφρο-</em></strong></span> 
     </span>
     <span class='ocr_line' id='line_1_36' title="bbox 60 2534 883 2594; baseline 0.011 -18"><span class='ocrx_word' id='word_1_239' title='bbox 60 2537 192 2590; x_wconf 80' lang='grc' dir='ltr'><strong><em>-δίτη,</em></strong></span> <span class='ocrx_word' id='word_1_240' title='bbox 227 2534 280 2590; x_wconf 65' lang='grc' dir='ltr'><strong>ἧς</strong></span> <span class='ocrx_word' id='word_1_241' title='bbox 309 2545 411 2594; x_wconf 77' lang='grc' dir='ltr'><strong><em>μιᾶς</em></strong></span> <span class='ocrx_word' id='word_1_242' title='bbox 439 2542 516 2593; x_wconf 70' lang='grc' dir='ltr'><strong>μὲν</strong></span> <span class='ocrx_word' id='word_1_243' title='bbox 546 2543 681 2593; x_wconf 72' lang='grc' dir='ltr'><strong><em>οὔσης</em></strong></span> <span class='ocrx_word' id='word_1_244' title='bbox 711 2559 747 2582; x_wconf 84' lang='grc' dir='ltr'><strong>κ.</strong></span> <span class='ocrx_word' id='word_1_245' title='bbox 780 2559 821 2585; x_wconf 85' lang='grc' dir='ltr'><strong>τ.</strong></span> <span class='ocrx_word' id='word_1_246' title='bbox 845 2544 883 2585; x_wconf 84' lang='grc' dir='ltr'><strong>λ.</strong></span> 
     </span>
     <span class='ocr_line' id='line_1_37' title="bbox 76 2594 881 2653; baseline 0.004 -15"><span class='ocrx_word' id='word_1_247' title='bbox 76 2595 212 2638; x_wconf 81' lang='lat' dir='ltr'><strong>Quasi</strong></span> <span class='ocrx_word' id='word_1_248' title='bbox 244 2609 347 2638; x_wconf 87' lang='lat' dir='ltr'><strong>vero</strong></span> <span class='ocrx_word' id='word_1_249' title='bbox 372 2598 424 2638; x_wconf 81' lang='lat' dir='ltr'><strong>ad</strong></span> <span class='ocrx_word' id='word_1_250' title='bbox 457 2602 559 2650; x_wconf 77' lang='grc' dir='ltr'><strong><em>μιᾶς</em></strong></span> <span class='ocrx_word' id='word_1_251' title='bbox 587 2602 664 2653; x_wconf 73' lang='grc' dir='ltr'><strong>μὲν</strong></span> <span class='ocrx_word' id='word_1_252' title='bbox 693 2594 775 2640; x_wconf 76' lang='grc' dir='ltr'><strong>οὖν</strong></span> <span class='ocrx_word' id='word_1_253' title='bbox 804 2599 881 2641; x_wconf 78' lang='grc' dir='ltr'><strong>οὔ·</strong></span> 
     </span>
     <span class='ocr_line' id='line_1_38' title="bbox 78 2654 881 2704; baseline 0.01 -13"><span class='ocrx_word' id='word_1_254' title='bbox 78 2666 155 2704; x_wconf 78' lang='grc' dir='ltr'><strong>σης</strong></span> <span class='ocrx_word' id='word_1_255' title='bbox 196 2665 281 2694; x_wconf 82' lang='grc' dir='ltr'><strong>ηοῐι</strong></span> <span class='ocrx_word' id='word_1_256' title='bbox 322 2654 522 2697; x_wconf 77' lang='lat' dir='ltr'><strong>facillime</strong></span> <span class='ocrx_word' id='word_1_257' title='bbox 563 2662 606 2698; x_wconf 90' lang='lat' dir='ltr'><strong>et</strong></span> <span class='ocrx_word' id='word_1_258' title='bbox 637 2658 881 2699; x_wconf 81' lang='lat' dir='ltr'><strong>rectissime</strong></span> 
     </span>
     <span class='ocr_line' id='line_1_39' title="bbox 63 2708 880 2765; baseline 0.009 -16"><span class='ocrx_word' id='word_1_259' title='bbox 63 2708 341 2763; x_wconf 80' lang='lat' dir='ltr'><strong>&#39;intelligatur</strong></span> <span class='ocrx_word' id='word_1_260' title='bbox 380 2711 532 2765; x_wconf 75' lang='grc' dir='ltr'><strong>αὐτῆς.</strong></span> <span class='ocrx_word' id='word_1_261' title='bbox 580 2726 622 2758; x_wconf 85' lang='lat' dir='ltr'><strong>v.</strong></span> <span class='ocrx_word' id='word_1_262' title='bbox 666 2715 774 2758; x_wconf 73' lang='lat' dir='ltr'><strong>Ast.</strong></span> <span class='ocrx_word' id='word_1_263' title='bbox 825 2714 880 2756; x_wconf 94' lang='lat' dir='ltr'><strong>ad</strong></span> 
     </span>
     <span class='ocr_line' id='line_1_40' title="bbox 77 2765 880 2826; baseline 0.012 -20"><span class='ocrx_word' id='word_1_264' title='bbox 77 2765 264 2810; x_wconf 83' lang='lat' dir='ltr'><strong>Phaedr.</strong></span> <span class='ocrx_word' id='word_1_265' title='bbox 307 2782 347 2822; x_wconf 89' lang='lat' dir='ltr'><strong>p.</strong></span> <span class='ocrx_word' id='word_1_266' title='bbox 386 2770 484 2815; x_wconf 82' lang='lat'><strong>431.</strong></span> <span class='ocrx_word' id='word_1_267' title='bbox 518 2771 630 2826; x_wconf 90' lang='lat' dir='ltr'><strong>Opp.</strong></span> <span class='ocrx_word' id='word_1_268' title='bbox 665 2772 779 2815; x_wconf 88' lang='lat' dir='ltr'><strong>Plat.</strong></span> <span class='ocrx_word' id='word_1_269' title='bbox 825 2772 880 2816; x_wconf 89' lang='grc' dir='ltr'><strong>Τ.</strong></span> 
     </span>
     <span class='ocr_line' id='line_1_41' title="bbox 78 2824 880 2880; baseline 0.012 -18"><span class='ocrx_word' id='word_1_270' title='bbox 78 2825 131 2863; x_wconf 86' lang='lat' dir='ltr'><strong>X.</strong></span> <span class='ocrx_word' id='word_1_271' title='bbox 198 2824 363 2867; x_wconf 86' lang='lat' dir='ltr'><strong>Deinde</strong></span> <span class='ocrx_word' id='word_1_272' title='bbox 394 2840 448 2868; x_wconf 87' lang='lat' dir='ltr'><strong>ne</strong></span> <span class='ocrx_word' id='word_1_273' title='bbox 479 2828 572 2880; x_wconf 83' lang='lat' dir='ltr'><strong>quis</strong></span> <span class='ocrx_word' id='word_1_274' title='bbox 604 2829 880 2872; x_wconf 84' lang='lat' dir='ltr'><strong>scribendum</strong></span> 
     </span>
     <span class='ocr_line' id='line_1_42' title="bbox 80 2879 880 2942; baseline 0.008 -23"><span class='ocrx_word' id='word_1_275' title='bbox 80 2879 284 2931; x_wconf 85' lang='lat' dir='ltr'><strong>opinetur</strong></span> <span class='ocrx_word' id='word_1_276' title='bbox 332 2881 357 2934; x_wconf 79' lang='grc' dir='ltr'><em>ἦ</em></span> <span class='ocrx_word' id='word_1_277' title='bbox 409 2885 484 2936; x_wconf 70' lang='grc' dir='ltr'><strong>μὲν</strong></span> <span class='ocrx_word' id='word_1_278' title='bbox 532 2883 617 2938; x_wconf 73' lang='grc' dir='ltr'><strong>γάρ</strong></span> <span class='ocrx_word' id='word_1_279' title='bbox 663 2901 749 2926; x_wconf 78' lang='grc' dir='ltr'><strong>που</strong></span> <span class='ocrx_word' id='word_1_280' title='bbox 787 2901 880 2942; x_wconf 82' lang='grc' dir='ltr'><strong>πρ.,</strong></span> 
     </span>
     <span class='ocr_line' id='line_1_43' title="bbox 79 2935 884 2985; baseline 0.012 -10"><span class='ocrx_word' id='word_1_281' title='bbox 79 2935 231 2976; x_wconf 79' lang='lat' dir='ltr'><strong>audias</strong></span> <span class='ocrx_word' id='word_1_282' title='bbox 278 2937 667 2983; x_wconf 81' lang='lat' dir='ltr'><strong>Buttmannum</strong></span> <span class='ocrx_word' id='word_1_283' title='bbox 709 2944 761 2984; x_wconf 86' lang='lat' dir='ltr'><strong>ad</strong></span> <span class='ocrx_word' id='word_1_284' title='bbox 795 2945 884 2985; x_wconf 89' lang='lat' dir='ltr'><strong>De-</strong></span> 
     </span>
     <span class='ocr_line' id='line_1_44' title="bbox 78 2991 884 3051; baseline 0.01 -17"><span class='ocrx_word' id='word_1_285' title='bbox 78 2991 290 3037; x_wconf 78' lang='lat' dir='ltr'><strong>mosthen.</strong></span> <span class='ocrx_word' id='word_1_286' title='bbox 320 2994 492 3039; x_wconf 86' lang='lat' dir='ltr'><strong>Midian.</strong></span> <span class='ocrx_word' id='word_1_287' title='bbox 518 3011 561 3051; x_wconf 89' lang='lat' dir='ltr'><strong>p.</strong></span> <span class='ocrx_word' id='word_1_288' title='bbox 585 2997 662 3042; x_wconf 81' lang='lat'><strong>46:</strong></span> <span class='ocrx_word' id='word_1_289' title='bbox 703 3000 884 3051; x_wconf 81' lang='lat' dir='ltr'><strong>„Quum</strong></span> 
     </span>
     <span class='ocr_line' id='line_1_45' title="bbox 77 3050 886 3106; baseline 0.011 -17"><span class='ocrx_word' id='word_1_290' title='bbox 77 3050 200 3103; x_wconf 82' lang='lat' dir='ltr'><strong>quis,</strong></span> <span class='ocrx_word' id='word_1_291' title='bbox 234 3051 382 3103; x_wconf 86' lang='lat' dir='ltr'><strong>inquit,</strong></span> <span class='ocrx_word' id='word_1_292' title='bbox 415 3064 499 3093; x_wconf 91' lang='lat' dir='ltr'><strong>uno</strong></span> <span class='ocrx_word' id='word_1_293' title='bbox 530 3062 786 3106; x_wconf 75' lang='lat' dir='ltr'><strong>argumento</strong></span> <span class='ocrx_word' id='word_1_294' title='bbox 818 3058 886 3098; x_wconf 89' lang='lat' dir='ltr'><strong>vel</strong></span> 
     </span>
     <span class='ocr_line' id='line_1_46' title="bbox 79 3108 882 3167; baseline 0.007 -19"><span class='ocrx_word' id='word_1_295' title='bbox 79 3109 279 3161; x_wconf 81' lang='lat' dir='ltr'><strong>exemplo</strong></span> <span class='ocrx_word' id='word_1_296' title='bbox 311 3108 471 3161; x_wconf 88' lang='lat' dir='ltr'><strong>aliquid</strong></span> <span class='ocrx_word' id='word_1_297' title='bbox 511 3111 687 3163; x_wconf 87' lang='lat' dir='ltr'><strong>probat,</strong></span> <span class='ocrx_word' id='word_1_298' title='bbox 733 3117 882 3167; x_wconf 85' lang='lat' dir='ltr'><strong>potest</strong></span> 
     </span>
     <span class='ocr_line' id='line_1_47' title="bbox 78 3163 880 3222; baseline 0.009 -18"><span class='ocrx_word' id='word_1_299' title='bbox 78 3163 161 3205; x_wconf 78' lang='lat' dir='ltr'><strong>hoc</strong></span> <span class='ocrx_word' id='word_1_300' title='bbox 205 3169 252 3205; x_wconf 92' lang='lat' dir='ltr'><strong>ut</strong></span> <span class='ocrx_word' id='word_1_301' title='bbox 293 3165 513 3207; x_wconf 71' lang='lat' dir='ltr'><strong>sufficiens</strong></span> <span class='ocrx_word' id='word_1_302' title='bbox 541 3167 723 3211; x_wconf 74' lang='lat' dir='ltr'><strong>afferret</strong></span> <span class='ocrx_word' id='word_1_303' title='bbox 763 3169 880 3222; x_wconf 89' lang='lat' dir='ltr'><strong>qnod</strong></span> 
     </span>
     <span class='ocr_line' id='line_1_48' title="bbox 78 3222 881 3277; baseline 0.007 -15"><span class='ocrx_word' id='word_1_304' title='bbox 78 3222 127 3262; x_wconf 83' lang='lat' dir='ltr'><strong>fit</strong></span> <span class='ocrx_word' id='word_1_305' title='bbox 171 3223 376 3274; x_wconf 86' lang='lat' dir='ltr'><strong>particula</strong></span> <span class='ocrx_word' id='word_1_306' title='bbox 413 3222 520 3277; x_wconf 63' lang='grc' dir='ltr'><strong>γάρ,</strong></span> <span class='ocrx_word' id='word_1_307' title='bbox 563 3230 710 3277; x_wconf 82' lang='lat' dir='ltr'><strong>potest</strong></span> <span class='ocrx_word' id='word_1_308' title='bbox 751 3227 881 3269; x_wconf 86' lang='lat' dir='ltr'><strong>etiam</strong></span> 
     </span>
     <span class='ocr_line' id='line_1_49' title="bbox 81 3279 881 3337; baseline 0.009 -19"><span class='ocrx_word' id='word_1_309' title='bbox 81 3279 318 3331; x_wconf 80' lang='lat' dir='ltr'><strong>significare</strong></span> <span class='ocrx_word' id='word_1_310' title='bbox 357 3281 479 3334; x_wconf 88' lang='lat' dir='ltr'><strong>plura</strong></span> <span class='ocrx_word' id='word_1_311' title='bbox 527 3281 703 3334; x_wconf 80' lang='lat' dir='ltr'><strong>quidem</strong></span> <span class='ocrx_word' id='word_1_312' title='bbox 750 3297 881 3337; x_wconf 80' lang='lat' dir='ltr'><strong>posse</strong></span> 
     </span>
     <span class='ocr_line' id='line_1_50' title="bbox 79 3334 883 3388; baseline 0.007 -13"><span class='ocrx_word' id='word_1_313' title='bbox 79 3334 332 3388; x_wconf 80' lang='lat' dir='ltr'><strong>desiderari,</strong></span> <span class='ocrx_word' id='word_1_314' title='bbox 374 3337 451 3379; x_wconf 81' lang='lat' dir='ltr'><strong>sed</strong></span> <span class='ocrx_word' id='word_1_315' title='bbox 493 3336 574 3379; x_wconf 90' lang='lat' dir='ltr'><strong>hoc</strong></span> <span class='ocrx_word' id='word_1_316' title='bbox 615 3351 742 3381; x_wconf 91' lang='lat' dir='ltr'><strong>unum</strong></span> <span class='ocrx_word' id='word_1_317' title='bbox 775 3342 883 3383; x_wconf 75' lang='lat' dir='ltr'><strong>satis</strong></span> 
     </span>
     <span class='ocr_line' id='line_1_51' title="bbox 78 3394 884 3453; baseline 0.009 -20"><span class='ocrx_word' id='word_1_318' title='bbox 78 3403 211 3445; x_wconf 78' lang='lat' dir='ltr'><strong>grave</strong></span> <span class='ocrx_word' id='word_1_319' title='bbox 242 3407 361 3436; x_wconf 79' lang='lat' dir='ltr'><strong>esse:</strong></span> <span class='ocrx_word' id='word_1_320' title='bbox 404 3394 520 3448; x_wconf 86' lang='lat' dir='ltr'><strong>quod</strong></span> <span class='ocrx_word' id='word_1_321' title='bbox 560 3396 608 3437; x_wconf 84' lang='lat' dir='ltr'><strong>fit</strong></span> <span class='ocrx_word' id='word_1_322' title='bbox 641 3395 788 3439; x_wconf 87' lang='lat' dir='ltr'><strong>addito</strong></span> <span class='ocrx_word' id='word_1_323' title='bbox 818 3400 884 3453; x_wconf 73' lang='grc' dir='ltr'><strong>γε’,</strong></span> 
     </span>
    </p>
   </div>
   <div class='ocr_carea' id='block_1_10' title="bbox 147 3477 857 3535">
    <p class='ocr_par' dir='ltr' id='par_1_10' title="bbox 147 3477 857 3535">
     <span class='ocr_line' id='line_1_52' title="bbox 147 3477 857 3535; baseline 0.013 -17"><span class='ocrx_word' id='word_1_324' title='bbox 147 3477 261 3520; x_wconf 90' lang='lat' dir='ltr'><strong>Plat.</strong></span> <span class='ocrx_word' id='word_1_325' title='bbox 294 3479 409 3535; x_wconf 90' lang='lat' dir='ltr'><strong>Opp.</strong></span> <span class='ocrx_word' id='word_1_326' title='bbox 439 3480 534 3527; x_wconf 88' lang='lat' dir='ltr'><strong>Vol.</strong></span> <span class='ocrx_word' id='word_1_327' title='bbox 568 3482 602 3525; x_wconf 88' lang='lat'><strong>1.</strong></span> <span class='ocrx_word' id='word_1_328' title='bbox 632 3482 751 3526; x_wconf 89' lang='lat' dir='ltr'><strong>Sect.</strong></span> <span class='ocrx_word' id='word_1_329' title='bbox 786 3485 857 3529; x_wconf 88' lang='lat'>111.</span> 
     </span>
    </p>
   </div>
   <div class='ocr_carea' id='block_1_11' title="bbox 970 1576 1777 1759">
    <p class='ocr_par' dir='ltr' id='par_1_11' title="bbox 970 1576 1777 1759">
     <span class='ocr_line' id='line_1_53' title="bbox 970 1576 1777 1637; baseline 0.025 -23"><span class='ocrx_word' id='word_1_330' title='bbox 970 1590 1007 1617; x_wconf 79' lang='grc' dir='ltr'><strong>κ.</strong></span> <span class='ocrx_word' id='word_1_331' title='bbox 1035 1590 1074 1616; x_wconf 84' lang='grc' dir='ltr'><strong>τ.</strong></span> <span class='ocrx_word' id='word_1_332' title='bbox 1105 1576 1140 1616; x_wconf 76' lang='grc' dir='ltr'><strong>λ.</strong></span> <span class='ocrx_word' id='word_1_333' title='bbox 1206 1578 1335 1620; x_wconf 85' lang='lat' dir='ltr'><strong>Plura</strong></span> <span class='ocrx_word' id='word_1_334' title='bbox 1368 1580 1408 1622; x_wconf 89' lang='lat' dir='ltr'><strong>id</strong></span> <span class='ocrx_word' id='word_1_335' title='bbox 1441 1598 1577 1637; x_wconf 85' lang='lat' dir='ltr'><strong>genus</strong></span> <span class='ocrx_word' id='word_1_336' title='bbox 1608 1589 1662 1631; x_wconf 91' lang='lat' dir='ltr'><strong>ad</strong></span> <span class='ocrx_word' id='word_1_337' title='bbox 1686 1590 1777 1633; x_wconf 91' lang='lat' dir='ltr'><strong>Po-</strong></span> 
     </span>
     <span class='ocr_line' id='line_1_54' title="bbox 972 1633 1775 1694; baseline 0.025 -21"><span class='ocrx_word' id='word_1_338' title='bbox 972 1633 1076 1676; x_wconf 91' lang='lat' dir='ltr'><strong>litic.</strong></span> <span class='ocrx_word' id='word_1_339' title='bbox 1107 1647 1148 1688; x_wconf 93' lang='lat' dir='ltr'><strong>p.</strong></span> <span class='ocrx_word' id='word_1_340' title='bbox 1188 1633 1288 1679; x_wconf 82' lang='lat'>257.</span> <span class='ocrx_word' id='word_1_341' title='bbox 1330 1638 1381 1682; x_wconf 90' lang='lat' dir='ltr'><strong>C.</strong></span> <span class='ocrx_word' id='word_1_342' title='bbox 1424 1648 1775 1694; x_wconf 75' lang='lat' dir='ltr'><strong>memoravimus,</strong></span> 
     </span>
     <span class='ocr_line' id='line_1_55' title="bbox 971 1689 1776 1759; baseline 0.024 -29"><span class='ocrx_word' id='word_1_343' title='bbox 971 1690 1037 1731; x_wconf 88' lang='lat' dir='ltr'><strong>De</strong></span> <span class='ocrx_word' id='word_1_344' title='bbox 1067 1689 1237 1747; x_wconf 85' lang='lat' dir='ltr'><strong>Venere</strong></span> <span class='ocrx_word' id='word_1_345' title='bbox 1275 1694 1430 1737; x_wconf 83' lang='lat' dir='ltr'><strong>Urania</strong></span> <span class='ocrx_word' id='word_1_346' title='bbox 1462 1701 1590 1753; x_wconf 86' lang='lat' dir='ltr'><strong>atque</strong></span> <span class='ocrx_word' id='word_1_347' title='bbox 1633 1704 1776 1759; x_wconf 73' lang='lat' dir='ltr'><strong>Vulgi-</strong></span> 
     </span>
    </p>
   </div>
   <div class='ocr_carea' id='block_1_12' title="bbox 936 1753 1775 1811">
    <p class='ocr_par' dir='ltr' id='par_1_12' title="bbox 936 1753 1775 1811">
     <span class='ocr_line' id='line_1_56' title="bbox 936 1753 1775 1811; baseline 0.024 -25"><span class='ocrx_word' id='word_1_348' title='bbox 936 1801 939 1804; x_wconf 15' lang='lat'><em>*</em></span> <span class='ocrx_word' id='word_1_349' title='bbox 971 1760 1105 1800; x_wconf 82' lang='lat' dir='ltr'><strong>vaga,</strong></span> <span class='ocrx_word' id='word_1_350' title='bbox 1145 1762 1253 1802; x_wconf 87' lang='lat' dir='ltr'><strong>quae</strong></span> <span class='ocrx_word' id='word_1_351' title='bbox 1297 1753 1426 1795; x_wconf 79' lang='lat' dir='ltr'><strong>&#39;etiam</strong></span> <span class='ocrx_word' id='word_1_352' title='bbox 1465 1759 1629 1811; x_wconf 80' lang='lat' dir='ltr'><strong>vulgari</strong></span> <span class='ocrx_word' id='word_1_353' title='bbox 1660 1762 1775 1805; x_wconf 88' lang='lat' dir='ltr'><strong>iudi-</strong></span> 
     </span>
    </p>
   </div>
   <div class='ocr_carea' id='block_1_13' title="bbox 964 1805 1776 3473">
    <p class='ocr_par' dir='ltr' id='par_1_13' title="bbox 964 1805 1776 3473">
     <span class='ocr_line' id='line_1_57' title="bbox 975 1805 1774 1862; baseline 0.024 -18"><span class='ocrx_word' id='word_1_354' title='bbox 975 1805 1042 1846; x_wconf 84' lang='lat' dir='ltr'><strong>cio</strong></span> <span class='ocrx_word' id='word_1_355' title='bbox 1074 1805 1273 1848; x_wconf 86' lang='lat' dir='ltr'><strong>videntur</strong></span> <span class='ocrx_word' id='word_1_356' title='bbox 1315 1811 1536 1856; x_wconf 90' lang='lat' dir='ltr'><strong>seiunctae</strong></span> <span class='ocrx_word' id='word_1_357' title='bbox 1576 1831 1675 1860; x_wconf 86' lang='lat' dir='ltr'><strong>esse</strong></span> <span class='ocrx_word' id='word_1_358' title='bbox 1704 1826 1774 1862; x_wconf 88' lang='lat' dir='ltr'><strong>at-</strong></span> 
     </span>
     <span class='ocr_line' id='line_1_58' title="bbox 972 1862 1775 1928; baseline 0.024 -28"><span class='ocrx_word' id='word_1_359' title='bbox 972 1875 1054 1914; x_wconf 88' lang='lat' dir='ltr'><strong>que</strong></span> <span class='ocrx_word' id='word_1_360' title='bbox 1095 1862 1266 1905; x_wconf 87' lang='lat' dir='ltr'><strong>diverso</strong></span> <span class='ocrx_word' id='word_1_361' title='bbox 1306 1869 1423 1909; x_wconf 89' lang='lat' dir='ltr'><strong>cultu</strong></span> <span class='ocrx_word' id='word_1_362' title='bbox 1463 1878 1665 1928; x_wconf 79' lang='lat' dir='ltr'><strong>ornatae,</strong></span> <span class='ocrx_word' id='word_1_363' title='bbox 1713 1879 1775 1920; x_wconf 83' lang='lat' dir='ltr'><strong>si·-</strong></span> 
     </span>
     <span class='ocr_line' id='line_1_59' title="bbox 973 1919 1776 1978; baseline 0.025 -20"><span class='ocrx_word' id='word_1_364' title='bbox 973 1919 1148 1972; x_wconf 86' lang='lat' dir='ltr'><strong>quidem</strong></span> <span class='ocrx_word' id='word_1_365' title='bbox 1186 1919 1355 1964; x_wconf 88' lang='lat' dir='ltr'><strong>diversa</strong></span> <span class='ocrx_word' id='word_1_366' title='bbox 1393 1926 1446 1967; x_wconf 74' lang='lat' dir='ltr'><strong>iis</strong></span> <span class='ocrx_word' id='word_1_367' title='bbox 1498 1930 1642 1973; x_wconf 84' lang='lat' dir='ltr'><strong>oblata</strong></span> <span class='ocrx_word' id='word_1_368' title='bbox 1674 1941 1776 1978; x_wconf 80' lang='lat' dir='ltr'><strong>sunt</strong></span> 
     </span>
     <span class='ocr_line' id='line_1_60' title="bbox 974 1978 1772 2037; baseline 0.025 -21"><span class='ocrx_word' id='word_1_369' title='bbox 974 1978 1181 2019; x_wconf 84' lang='lat' dir='ltr'><strong>sacrificia</strong></span> <span class='ocrx_word' id='word_1_370' title='bbox 1236 1980 1300 2031; x_wconf 91' lang='lat' dir='ltr'><strong>(v.</strong></span> <span class='ocrx_word' id='word_1_371' title='bbox 1360 1982 1580 2030; x_wconf 89' lang='lat' dir='ltr'><strong>Lucian.</strong></span> <span class='ocrx_word' id='word_1_372' title='bbox 1645 1990 1772 2037; x_wconf 84' lang='lat' dir='ltr'><strong>Diall.</strong></span> 
     </span>
     <span class='ocr_line' id='line_1_61' title="bbox 975 2033 1775 2091; baseline 0.023 -17"><span class='ocrx_word' id='word_1_373' title='bbox 975 2033 1152 2077; x_wconf 86' lang='lat' dir='ltr'><strong>Meretr.</strong></span> <span class='ocrx_word' id='word_1_374' title='bbox 1213 2036 1306 2081; x_wconf 89' lang='lat' dir='ltr'><strong>VII.</strong></span> <span class='ocrx_word' id='word_1_375' title='bbox 1348 2039 1403 2083; x_wconf 90' lang='lat' dir='ltr'><strong>in.</strong></span> <span class='ocrx_word' id='word_1_376' title='bbox 1442 2042 1623 2089; x_wconf 88' lang='lat' dir='ltr'><strong>Encom.</strong></span> <span class='ocrx_word' id='word_1_377' title='bbox 1685 2049 1775 2091; x_wconf 89' lang='lat' dir='ltr'><strong>De—</strong></span> 
     </span>
     <span class='ocr_line' id='line_1_62' title="bbox 968 2091 1774 2160; baseline 0.025 -28"><span class='ocrx_word' id='word_1_378' title='bbox 968 2091 1125 2135; x_wconf 70' lang='lat' dir='ltr'><strong>mosth.</strong></span> <span class='ocrx_word' id='word_1_379' title='bbox 1159 2105 1196 2136; x_wconf 93' lang='lat' dir='ltr'><strong>c.</strong></span> <span class='ocrx_word' id='word_1_380' title='bbox 1235 2093 1299 2138; x_wconf 83' lang='lat'><strong>13.</strong></span> <span class='ocrx_word' id='word_1_381' title='bbox 1333 2096 1560 2145; x_wconf 84' lang='lat' dir='ltr'><strong>Pausan.</strong></span> <span class='ocrx_word' id='word_1_382' title='bbox 1592 2103 1668 2149; x_wconf 86' lang='lat' dir='ltr'><strong>lx.</strong></span> <span class='ocrx_word' id='word_1_383' title='bbox 1703 2106 1774 2160; x_wconf 85' lang='lat'><strong>16,</strong></span> 
     </span>
     <span class='ocr_line' id='line_1_63' title="bbox 967 2147 1775 2206; baseline 0.02 -14"><span class='ocrx_word' id='word_1_384' title='bbox 967 2147 1008 2192; x_wconf 87' lang='grc'><strong>2.</strong></span> <span class='ocrx_word' id='word_1_385' title='bbox 1041 2149 1199 2202; x_wconf 86' lang='lat' dir='ltr'><strong>Soph.</strong></span> <span class='ocrx_word' id='word_1_386' title='bbox 1231 2151 1341 2196; x_wconf 89' lang='lat' dir='ltr'><strong>Oed.</strong></span> <span class='ocrx_word' id='word_1_387' title='bbox 1364 2154 1458 2197; x_wconf 84' lang='lat' dir='ltr'><strong>Col.</strong></span> <span class='ocrx_word' id='word_1_388' title='bbox 1489 2171 1528 2202; x_wconf 80' lang='lat' dir='ltr'><strong>v,</strong></span> <span class='ocrx_word' id='word_1_389' title='bbox 1565 2160 1660 2206; x_wconf 84' lang='lat'><strong>101.</strong></span> <span class='ocrx_word' id='word_1_390' title='bbox 1690 2164 1775 2206; x_wconf 89' lang='lat' dir='ltr'><strong>ibi·</strong></span> 
     </span>
     <span class='ocr_line' id='line_1_64' title="bbox 967 2207 1775 2263; baseline 0.024 -18"><span class='ocrx_word' id='word_1_391' title='bbox 967 2219 1051 2258; x_wconf 87' lang='lat' dir='ltr'><strong>que</strong></span> <span class='ocrx_word' id='word_1_392' title='bbox 1091 2207 1258 2259; x_wconf 85' lang='lat' dir='ltr'><strong>Schol.)</strong></span> <span class='ocrx_word' id='word_1_393' title='bbox 1290 2212 1527 2257; x_wconf 84' lang='lat' dir='ltr'><strong>secundum</strong></span> <span class='ocrx_word' id='word_1_394' title='bbox 1584 2219 1775 2263; x_wconf 77' lang='lat' dir='ltr'><strong>Platonis</strong></span> 
     </span>
     <span class='ocr_line' id='line_1_65' title="bbox 970 2267 1773 2331; baseline 0.022 -28"><span class='ocrx_word' id='word_1_395' title='bbox 970 2267 1227 2306; x_wconf 88' lang='lat' dir='ltr'><strong>sententiam</strong></span> <span class='ocrx_word' id='word_1_396' title='bbox 1268 2267 1568 2323; x_wconf 85' lang='lat' dir='ltr'><strong>·disputarunt</strong></span> <span class='ocrx_word' id='word_1_397' title='bbox 1638 2278 1773 2331; x_wconf 85' lang='lat' dir='ltr'><strong>Apu-</strong></span> 
     </span>
     <span class='ocr_line' id='line_1_66' title="bbox 971 2321 1773 2380; baseline 0.021 -19"><span class='ocrx_word' id='word_1_398' title='bbox 971 2321 1110 2362; x_wconf 87' lang='lat' dir='ltr'><strong>leius</strong></span> <span class='ocrx_word' id='word_1_399' title='bbox 1142 2324 1324 2377; x_wconf 84' lang='lat' dir='ltr'><strong>Apolog.</strong></span> <span class='ocrx_word' id='word_1_400' title='bbox 1371 2339 1412 2380; x_wconf 88' lang='lat' dir='ltr'><strong>p.</strong></span> <span class='ocrx_word' id='word_1_401' title='bbox 1442 2327 1555 2374; x_wconf 72' lang='lat'><strong>281:</strong></span> <span class='ocrx_word' id='word_1_402' title='bbox 1581 2332 1648 2377; x_wconf 87' lang='lat' dir='ltr'><strong>ed.</strong></span> <span class='ocrx_word' id='word_1_403' title='bbox 1681 2335 1773 2376; x_wconf 86' lang='lat' dir='ltr'><strong>Ou-</strong></span> 
     </span>
     <span class='ocr_line' id='line_1_67' title="bbox 969 2377 1771 2438; baseline 0.024 -21"><span class='ocrx_word' id='word_1_404' title='bbox 969 2377 1098 2421; x_wconf 89' lang='lat' dir='ltr'><strong>dend.</strong></span> <span class='ocrx_word' id='word_1_405' title='bbox 1149 2380 1349 2424; x_wconf 84' lang='lat' dir='ltr'><strong>Plotin.</strong></span> <span class='ocrx_word' id='word_1_406' title='bbox 1403 2384 1512 2429; x_wconf 85' lang='lat' dir='ltr'><strong>Eun.</strong></span> <span class='ocrx_word' id='word_1_407' title='bbox 1564 2389 1638 2434; x_wconf 81' lang='grc' dir='ltr'><strong>ΠΙ.</strong></span> <span class='ocrx_word' id='word_1_408' title='bbox 1674 2392 1771 2438; x_wconf 86' lang='lat' dir='ltr'><strong>Lib.</strong></span> 
     </span>
     <span class='ocr_line' id='line_1_68' title="bbox 967 2435 1773 2502; baseline 0.019 -26"><span class='ocrx_word' id='word_1_409' title='bbox 967 2435 1018 2479; x_wconf 85' lang='lat' dir='ltr'><strong>V.</strong></span> <span class='ocrx_word' id='word_1_410' title='bbox 1051 2450 1086 2478; x_wconf 90' lang='lat' dir='ltr'><strong>c.</strong></span> <span class='ocrx_word' id='word_1_411' title='bbox 1119 2435 1160 2479; x_wconf 92' lang='lat'><strong>2.</strong></span> <span class='ocrx_word' id='word_1_412' title='bbox 1196 2451 1238 2491; x_wconf 90' lang='lat' dir='ltr'><strong>p.</strong></span> <span class='ocrx_word' id='word_1_413' title='bbox 1273 2438 1367 2483; x_wconf 81' lang='lat'>158.</span> <span class='ocrx_word' id='word_1_414' title='bbox 1398 2441 1452 2486; x_wconf 86' lang='grc' dir='ltr'><strong>Ε.</strong></span> <span class='ocrx_word' id='word_1_415' title='bbox 1481 2444 1552 2488; x_wconf 91' lang='lat' dir='ltr'><strong>Io.</strong></span> <span class='ocrx_word' id='word_1_416' title='bbox 1585 2446 1773 2502; x_wconf 86' lang='lat' dir='ltr'><strong>Lydus</strong></span> 
     </span>
     <span class='ocr_line' id='line_1_69' title="bbox 968 2492 1774 2556; baseline 0.021 -23"><span class='ocrx_word' id='word_1_417' title='bbox 968 2492 1023 2534; x_wconf 91' lang='lat' dir='ltr'><strong>de</strong></span> <span class='ocrx_word' id='word_1_418' title='bbox 1073 2495 1289 2536; x_wconf 87' lang='lat' dir='ltr'><strong>mensibus</strong></span> <span class='ocrx_word' id='word_1_419' title='bbox 1329 2511 1372 2552; x_wconf 81' lang='lat' dir='ltr'><strong>p.</strong></span> <span class='ocrx_word' id='word_1_420' title='bbox 1417 2499 1474 2544; x_wconf 88' lang='lat'><strong>89</strong></span> <span class='ocrx_word' id='word_1_421' title='bbox 1515 2501 1580 2556; x_wconf 78' lang='lat' dir='ltr'><strong>sq.</strong></span> <span class='ocrx_word' id='word_1_422' title='bbox 1650 2507 1774 2549; x_wconf 77' lang='lat' dir='ltr'><strong>Alios</strong></span> 
     </span>
     <span class='ocr_line' id='line_1_70' title="bbox 967 2549 1771 2606; baseline 0.022 -16"><span class='ocrx_word' id='word_1_423' title='bbox 967 2549 1156 2593; x_wconf 82' lang='lat' dir='ltr'><strong>laudavit</strong></span> <span class='ocrx_word' id='word_1_424' title='bbox 1190 2554 1376 2596; x_wconf 83' lang='lat' dir='ltr'><strong>Astius</strong></span> <span class='ocrx_word' id='word_1_425' title='bbox 1407 2557 1464 2598; x_wconf 88' lang='lat' dir='ltr'><strong>ad</strong></span> <span class='ocrx_word' id='word_1_426' title='bbox 1492 2551 1538 2603; x_wconf 56' lang='lat' dir='ltr'><strong>lis</strong></span> <span class='ocrx_word' id='word_1_427' title='bbox 1564 2562 1589 2604; x_wconf 87' lang='lat' dir='ltr'><strong>l.</strong></span> <span class='ocrx_word' id='word_1_428' title='bbox 1651 2563 1771 2606; x_wconf 88' lang='lat' dir='ltr'><strong>Con-</strong></span> 
     </span>
     <span class='ocr_line' id='line_1_71' title="bbox 966 2606 1765 2675; baseline 0.024 -28"><span class='ocrx_word' id='word_1_429' title='bbox 966 2606 1079 2648; x_wconf 77' lang='lat' dir='ltr'><strong>feras</strong></span> <span class='ocrx_word' id='word_1_430' title='bbox 1111 2609 1240 2652; x_wconf 83' lang='lat' dir='ltr'><strong>etiam</strong></span> <span class='ocrx_word' id='word_1_431' title='bbox 1270 2610 1515 2669; x_wconf 80' lang='lat' dir='ltr'><strong>Xenopli.</strong></span> <span class='ocrx_word' id='word_1_432' title='bbox 1550 2618 1702 2675; x_wconf 78' lang='lat' dir='ltr'><strong>Symp.</strong></span> <span class='ocrx_word' id='word_1_433' title='bbox 1721 2621 1765 2675; x_wconf 87' lang='lat'><strong>8,</strong></span> 
     </span>
     <span class='ocr_line' id='line_1_72' title="bbox 965 2662 1771 2722; baseline 0.02 -17"><span class='ocrx_word' id='word_1_434' title='bbox 965 2662 1006 2707; x_wconf 92' lang='lat'><strong>2.</strong></span> <span class='ocrx_word' id='word_1_435' title='bbox 1038 2665 1180 2719; x_wconf 86' lang='lat' dir='ltr'><strong>ibique</strong></span> <span class='ocrx_word' id='word_1_436' title='bbox 1212 2667 1569 2717; x_wconf 87' lang='lat' dir='ltr'><strong>Bornemann.</strong></span> <span class='ocrx_word' id='word_1_437' title='bbox 1604 2677 1771 2722; x_wconf 82' lang='lat' dir='ltr'><strong>Creu-</strong></span> 
     </span>
     <span class='ocr_line' id='line_1_73' title="bbox 965 2723 1768 2781; baseline 0.019 -18"><span class='ocrx_word' id='word_1_438' title='bbox 965 2735 1072 2766; x_wconf 87' lang='lat' dir='ltr'><strong>zer.</strong></span> <span class='ocrx_word' id='word_1_439' title='bbox 1104 2723 1298 2781; x_wconf 85' lang='lat' dir='ltr'><strong>Symbol.</strong></span> <span class='ocrx_word' id='word_1_440' title='bbox 1335 2727 1366 2770; x_wconf 88' lang='lat'><strong>1.</strong></span> <span class='ocrx_word' id='word_1_441' title='bbox 1387 2727 1484 2773; x_wconf 84' lang='lat'>729.</span> <span class='ocrx_word' id='word_1_442' title='bbox 1507 2731 1603 2778; x_wconf 85' lang='lat'><strong>733.</strong></span> <span class='ocrx_word' id='word_1_443' title='bbox 1634 2734 1768 2779; x_wconf 80' lang='lat' dir='ltr'><strong>Quod</strong></span> 
     </span>
     <span class='ocr_line' id='line_1_74' title="bbox 966 2782 1773 2848; baseline 0.021 -28"><span class='ocrx_word' id='word_1_444' title='bbox 966 2785 1106 2823; x_wconf 86' lang='lat' dir='ltr'><strong>autem</strong></span> <span class='ocrx_word' id='word_1_445' title='bbox 1145 2782 1213 2823; x_wconf 90' lang='lat' dir='ltr'><strong>illa</strong></span> <span class='ocrx_word' id='word_1_446' title='bbox 1252 2783 1407 2827; x_wconf 83' lang='lat' dir='ltr'><strong>dicitur</strong></span> <span class='ocrx_word' id='word_1_447' title='bbox 1443 2786 1648 2847; x_wconf 63' lang='grc' dir='ltr'><strong>ἀμήτωρ,</strong></span> <span class='ocrx_word' id='word_1_448' title='bbox 1689 2807 1773 2848; x_wconf 79' lang='lat' dir='ltr'><strong>pro</strong></span> 
     </span>
     <span class='ocr_line' id='line_1_75' title="bbox 966 2838 1769 2892; baseline 0.021 -15"><span class='ocrx_word' id='word_1_449' title='bbox 966 2850 1119 2890; x_wconf 84' lang='lat' dir='ltr'><strong>magna</strong></span> <span class='ocrx_word' id='word_1_450' title='bbox 1151 2838 1329 2882; x_wconf 82' lang='lat' dir='ltr'><strong>deorum</strong></span> <span class='ocrx_word' id='word_1_451' title='bbox 1363 2844 1487 2887; x_wconf 88' lang='lat' dir='ltr'><strong>laude</strong></span> <span class='ocrx_word' id='word_1_452' title='bbox 1515 2845 1665 2891; x_wconf 85' lang='lat' dir='ltr'><strong>haberi</strong></span> <span class='ocrx_word' id='word_1_453' title='bbox 1694 2865 1769 2892; x_wconf 89' lang='lat' dir='ltr'><strong>so-</strong></span> 
     </span>
     <span class='ocr_line' id='line_1_76' title="bbox 969 2895 1767 2959; baseline 0.021 -26"><span class='ocrx_word' id='word_1_454' title='bbox 969 2895 1082 2946; x_wconf 84' lang='lat' dir='ltr'><strong>lere,</strong></span> <span class='ocrx_word' id='word_1_455' title='bbox 1143 2897 1256 2949; x_wconf 87' lang='lat' dir='ltr'><strong>quod</strong></span> <span class='ocrx_word' id='word_1_456' title='bbox 1316 2900 1524 2946; x_wconf 87' lang='lat' dir='ltr'><strong>alterutro</strong></span> <span class='ocrx_word' id='word_1_457' title='bbox 1586 2914 1767 2959; x_wconf 88' lang='lat' dir='ltr'><strong>parente</strong></span> 
     </span>
     <span class='ocr_line' id='line_1_77' title="bbox 968 2954 1768 3006; baseline 0.021 -16"><span class='ocrx_word' id='word_1_458' title='bbox 968 2957 1163 3004; x_wconf 86' lang='lat' dir='ltr'><strong>careant,</strong></span> <span class='ocrx_word' id='word_1_459' title='bbox 1240 2954 1370 2998; x_wconf 86' lang='lat' dir='ltr'><strong>docte</strong></span> <span class='ocrx_word' id='word_1_460' title='bbox 1456 2961 1768 3006; x_wconf 79' lang='lat' dir='ltr'><strong>demonstravit</strong></span> 
     </span>
     <span class='ocr_line' id='line_1_78' title="bbox 968 3007 1763 3064; baseline 0.019 -17"><span class='ocrx_word' id='word_1_461' title='bbox 968 3007 1404 3064; x_wconf 73' lang='lat' dir='ltr'><strong>Wesselingius</strong></span> <span class='ocrx_word' id='word_1_462' title='bbox 1443 3018 1652 3063; x_wconf 76' lang='lat' dir='ltr'><strong>Observv.</strong></span> <span class='ocrx_word' id='word_1_463' title='bbox 1711 3022 1763 3062; x_wconf 86' lang='lat'><strong>11.</strong></span> 
     </span>
     <span class='ocr_line' id='line_1_79' title="bbox 973 3063 1766 3125; baseline 0.016 -19"><span class='ocrx_word' id='word_1_464' title='bbox 973 3063 1040 3106; x_wconf 88' lang='lat'><strong>10.</strong></span> <span class='ocrx_word' id='word_1_465' title='bbox 1091 3079 1130 3120; x_wconf 88' lang='lat' dir='ltr'><strong>p.</strong></span> <span class='ocrx_word' id='word_1_466' title='bbox 1188 3068 1270 3113; x_wconf 84' lang='lat'><strong>177</strong></span> <span class='ocrx_word' id='word_1_467' title='bbox 1319 3084 1408 3125; x_wconf 78' lang='lat' dir='ltr'><strong>sqq.</strong></span> <span class='ocrx_word' id='word_1_468' title='bbox 1480 3076 1545 3116; x_wconf 88' lang='lat' dir='ltr'><strong>De</strong></span> <span class='ocrx_word' id='word_1_469' title='bbox 1598 3077 1766 3118; x_wconf 87' lang='lat' dir='ltr'><strong>Venere</strong></span> 
     </span>
     <span class='ocr_line' id='line_1_80' title="bbox 966 3121 1766 3177; baseline 0.018 -17"><span class='ocrx_word' id='word_1_470' title='bbox 966 3121 1199 3177; x_wconf 78' lang='lat' dir='ltr'><strong>Vulgivaga</strong></span> <span class='ocrx_word' id='word_1_471' title='bbox 1220 3139 1271 3168; x_wconf 76' lang='lat' dir='ltr'><strong>ex</strong></span> <span class='ocrx_word' id='word_1_472' title='bbox 1295 3128 1396 3170; x_wconf 80' lang='lat' dir='ltr'><strong>Iove</strong></span> <span class='ocrx_word' id='word_1_473' title='bbox 1428 3136 1473 3172; x_wconf 87' lang='lat' dir='ltr'><strong>et</strong></span> <span class='ocrx_word' id='word_1_474' title='bbox 1497 3132 1633 3174; x_wconf 89' lang='lat' dir='ltr'><strong>Dione</strong></span> <span class='ocrx_word' id='word_1_475' title='bbox 1665 3139 1766 3175; x_wconf 83' lang='lat' dir='ltr'><strong>nata</strong></span> 
     </span>
     <span class='ocr_line' id='line_1_81' title="bbox 964 3178 1761 3235; baseline 0.02 -18"><span class='ocrx_word' id='word_1_476' title='bbox 964 3190 1004 3220; x_wconf 79' lang='lat' dir='ltr'><strong>v,</strong></span> <span class='ocrx_word' id='word_1_477' title='bbox 1045 3178 1178 3235; x_wconf 80' lang='lat' dir='ltr'><strong>intpp.</strong></span> <span class='ocrx_word' id='word_1_478' title='bbox 1219 3183 1272 3224; x_wconf 87' lang='lat' dir='ltr'><strong>ad</strong></span> <span class='ocrx_word' id='word_1_479' title='bbox 1316 3185 1489 3230; x_wconf 86' lang='lat' dir='ltr'><strong>Cicer.</strong></span> <span class='ocrx_word' id='word_1_480' title='bbox 1551 3188 1605 3230; x_wconf 83' lang='lat' dir='ltr'><strong>de</strong></span> <span class='ocrx_word' id='word_1_481' title='bbox 1664 3189 1761 3233; x_wconf 86' lang='lat' dir='ltr'><strong>Nat.</strong></span> 
     </span>
     <span class='ocr_line' id='line_1_82' title="bbox 966 3234 1760 3289; baseline 0.016 -14"><span class='ocrx_word' id='word_1_482' title='bbox 966 3234 1095 3281; x_wconf 87' lang='lat' dir='ltr'><strong>Deor.</strong></span> <span class='ocrx_word' id='word_1_483' title='bbox 1150 3239 1223 3283; x_wconf 87' lang='lat'>111.</span> <span class='ocrx_word' id='word_1_484' title='bbox 1275 3239 1345 3284; x_wconf 89' lang='grc'><strong>23.</strong></span> <span class='ocrx_word' id='word_1_485' title='bbox 1405 3245 1664 3289; x_wconf 86' lang='lat' dir='ltr'><strong>Creuzer.</strong></span> <span class='ocrx_word' id='word_1_486' title='bbox 1717 3247 1760 3289; x_wconf 73' lang='lat' dir='ltr'><strong>iu</strong></span> 
     </span>
     <span class='ocr_line' id='line_1_83' title="bbox 966 3291 1758 3351; baseline 0.018 -19"><span class='ocrx_word' id='word_1_487' title='bbox 966 3291 1134 3338; x_wconf 82' lang='lat' dir='ltr'><strong>Melett.</strong></span> <span class='ocrx_word' id='word_1_488' title='bbox 1165 3296 1196 3339; x_wconf 89' lang='lat' dir='ltr'><strong>l.</strong></span> <span class='ocrx_word' id='word_1_489' title='bbox 1223 3310 1252 3351; x_wconf 93' lang='lat' dir='ltr'><strong>p</strong></span> <span class='ocrx_word' id='word_1_490' title='bbox 1285 3297 1354 3341; x_wconf 90' lang='grc'><strong>27.</strong></span> <span class='ocrx_word' id='word_1_491' title='bbox 1387 3299 1758 3347; x_wconf 78' lang='lat' dir='ltr'><strong>Elmenhorst.</strong></span> 
     </span>
     <span class='ocr_line' id='line_1_84' title="bbox 964 3348 1765 3413; baseline 0.016 -24"><span class='ocrx_word' id='word_1_492' title='bbox 964 3348 1018 3390; x_wconf 90' lang='lat' dir='ltr'><strong>ad</strong></span> <span class='ocrx_word' id='word_1_493' title='bbox 1053 3351 1218 3405; x_wconf 86' lang='lat' dir='ltr'><strong>Apulei.</strong></span> <span class='ocrx_word' id='word_1_494' title='bbox 1251 3367 1297 3407; x_wconf 88' lang='lat' dir='ltr'><strong>p.</strong></span> <span class='ocrx_word' id='word_1_495' title='bbox 1331 3354 1417 3398; x_wconf 79' lang='lat'><strong>328</strong></span> <span class='ocrx_word' id='word_1_496' title='bbox 1446 3369 1539 3410; x_wconf 83' lang='lat' dir='ltr'><strong>sqq.</strong></span> <span class='ocrx_word' id='word_1_497' title='bbox 1577 3363 1620 3400; x_wconf 90' lang='lat' dir='ltr'><strong>et</strong></span> <span class='ocrx_word' id='word_1_498' title='bbox 1648 3373 1765 3413; x_wconf 85' lang='lat' dir='ltr'><strong>quos-</strong></span> 
     </span>
     <span class='ocr_line' id='line_1_85' title="bbox 964 3406 1761 3473; baseline 0.016 -25"><span class='ocrx_word' id='word_1_499' title='bbox 964 3406 1108 3451; x_wconf 76' lang='lat' dir='ltr'><strong>laudat</strong></span> <span class='ocrx_word' id='word_1_500' title='bbox 1140 3409 1298 3455; x_wconf 86' lang='lat' dir='ltr'><strong>Bach.</strong></span> <span class='ocrx_word' id='word_1_501' title='bbox 1330 3412 1384 3452; x_wconf 88' lang='lat' dir='ltr'><strong>ad</strong></span> <span class='ocrx_word' id='word_1_502' title='bbox 1415 3412 1608 3469; x_wconf 84' lang='lat' dir='ltr'><strong>Xenoph.</strong></span> <span class='ocrx_word' id='word_1_503' title='bbox 1630 3416 1761 3473; x_wconf 78' lang='lat' dir='ltr'><strong>Sym-</strong></span> 
     </span>
    </p>
   </div>
   <div class='ocr_carea' id='block_1_14' title="bbox 1318 3486 1353 3533">
    <p class='ocr_par' dir='ltr' id='par_1_14' title="bbox 1318 3486 1353 3533">
     <span class='ocr_line' id='line_1_86' title="bbox 1318 3486 1353 3533; baseline 0 0"><span class='ocrx_word' id='word_1_504' title='bbox 1318 3486 1353 3533; x_wconf 84' lang='lat'>4</span> 
     </span>
    </p>
   </div>
  </div>
 </body>
</html>
