2158 3718
0 2161 18 2272 mooe-ff!
4 2099 18 2117 7*
14 2075 19 2077 ,
7 2027 15 2041 ,η
8 1998 14 2017 ὴ.-

0 3179 14 3195 ⁴³
7 3163 10 3166 >
0 2908 25 3150 '‘Fufi-*awaus
2 2768 21 2898 πιφα-
2 2742 15 2757 ‘c
5 2718 7 2721 ·

819 139 1095 182 PHAEDO-
1117 153 1161 195 p.
1186 141 1285 181 112.
1807 116 1922 193 '287

139 277 408 350 ἀπολίπῃ,
447 277 616 347 δεῦρο
656 277 717 332 δὲ
757 276 995 349 ὁρμήσῃ,
1033 278 1100 332 τοὶ
1141 278 1350 332 ἐνθάδε
1387 282 1598 349 πληροῖ
1630 272 1818 348 αὖθις,
1858 279 1924 333 τὰ

140 363 203 418 δὲ
249 363 623 433 πληρωθέντα
670 362 761 433 ῥεῖ
809 360 902 415 διὰ
946 367 1061 416 τῶν
1117 360 1326 432 όχετῶν
1381 363 1474 416 καὶ
1521 362 1615 417 διά
1663 367 1760 433 τῆς
1802 369 1922 433 γῆς,

139 448 233 503 καὶ
280 449 359 512 εἰς
402 442 534 510 τούς
579 446 788 510 τόπους
823 446 1030 500 ἕκαστα
1068 446 1489 518 ἀφικνούμενα,
1541 449 1619 512 εἰς
1656 446 1757 512 οὓς
1795 447 1922 502 ἑκά-

141 547 310 596 στους
347 530 709 600 ὁδοποιεῖται,
748 531 1032 596 θαλάττας
1067 551 1128 594 τε
1164 533 1258 585 καὶ
1295 534 1495 602 λίμνας
1520 533 1614 586 καὶ
1639 531 1923 602 ποταμοὺς

138 617 232 670 καὶ
269 617 481 687 κρήνας
517 624 682 669 ποιεῖ.
738 617 1012 671 ἐντεῦθεν
1051 616 1112 671 δὲ
1149 616 1321 671 πάλιν
1360 616 1611 687 δυόμενα
1649 614 1790 670 κατὰ
1825 621 1923 686 τῆς

135 704 266 770 γῆς,
305 699 372 754 τοὶ
407 700 512 770 μὲν
558 701 939 771 μακροτέρους
975 701 1182 764 τόπους
1220 702 1594 771 περιελθόντα
1632 703 1726 755 καὶ
1763 704 1921 755 πλεί-

137 804 266 854 ους,
322 782 390 838 τὰ
445 785 506 838 δὲ
563 784 829 848 ἐλάττους
875 786 968 838 καὶ
1013 786 1425 856 βραχυτέρους,
1475 786 1646 840 πάλιν
1694 787 1772 849 εἰς
1821 783 1920 838 τὸν

144 869 436 940 Τάρταρον
476 869 758 938 ἐμβάλλει,
797 867 864 922 τοὶ
900 870 1005 940 μὲν
1043 869 1190 923 πολὺ
1229 863 1519 940 κατωτέρω
1557 870 1591 940 ἢ
1631 871 1925 940 ἐπηντλεῑ-

133 973 218 1023 το,
255 952 324 1007 τὰ
360 954 423 1008 δὲ
461 952 681 1021 ὀλίγον·
724 954 907 1006 πάντα
945 954 1007 1008 δὲ
1045 953 1309 1008 ὑποκάτω
1351 956 1522 1024 εἰςρεῑ·
1554 959 1652 1024 τῆς
1700 955 1918 1023 ἐκροῆς.

136 1039 230 1092 καὶ
267 1040 390 1091 ἔνια
426 1037 530 1107 μὲν
567 1036 912 1107 καταντικρὺ
948 1031 988 1108 ᾗ
1025 1039 1197 1109 είςρεῖ
1231 1039 1518 1107 ἐξέπεσεν,
1560 1040 1682 1091 ἔνια
1720 1038 1782 1092 δὲ
1820 1059 1922 1091 κα-

134 1120 203 1176 τὰ
239 1121 302 1176 τὸ
340 1118 481 1176 αὐτὸ
518 1122 707 1192 μέρος·
775 1124 891 1175 ἔστι
930 1122 992 1175 δὲ
1030 1123 1124 1176 καὶ
1161 1120 1198 1176 ὁὶ
1234 1123 1556 1176 παντάπασι
1592 1123 1783 1193 κύκλῳ
1822 1140 1924 1175 πε-

137 1207 467 1276 ριελθόντα,
517 1205 553 1275 ἢ
593 1203 737 1269 ἅπαξ
774 1205 810 1274 ἢ
848 1207 942 1259 καὶ
979 1207 1280 1270 πλεονάκις
1326 1208 1753 1277 περιελιχθέντα
1791 1208 1921 1277 περὶ

133 1288 239 1361 τὴν
273 1294 402 1361 γῆν,
443 1288 623 1359 ὥςπερ
662 1290 720 1343 οἱ
754 1288 942 1360 ὄφεις,
985 1292 1062 1354 εἰς
1098 1289 1161 1344 τὸ
1200 1289 1448 1345 δυνατὸν
1487 1291 1636 1345 κάτω
1675 1291 1923 1344 καθέντα

251 1464 297 1508 Ο.
331 1460 414 1532 εἰς
435 1476 533 1511 ους
556 1455 853 1515 ἑκάστους]
879 1463 1025 1517 steph.
1050 1458 1260 1514 ἕκαστος,
1285 1465 1399 1515 quod
1424 1472 1487 1504 est
1508 1464 1551 1504 in
1572 1464 1667 1507 Par
1680 1465 1726 1507 L.
1748 1463 1921 1504 Fische-

134 1533 207 1582 rus
229 1533 334 1562 corr.
358 1512 589 1584 ἑκάστοις.

1672 1530 1680 1550 Ι

248 1577 297 1618 D.
329 1573 424 1619 καὶ
465 1567 496 1617 οὶ
537 1572 897 1630 παντάπασι]
940 1576 1033 1618 καί
1068 1589 1090 1616 e
1132 1575 1259 1618 Coisl
1301 1577 1398 1621 Par.
1423 1575 1457 1617 G
1486 1589 1578 1617 eum
1614 1577 1803 1617 Bekkero
1843 1577 1920 1617 ad-

131 1645 326 1674 leelmus.

247 1685 529 1756 καθέντα]
573 1689 714 1757 Vulgo
750 1686 1045 1743 καμφθέντα
1093 1690 1237 1730 invitis
1279 1690 1496 1730 codicibus
1539 1690 1753 1732 omnibus.

1813 1690 1920 1730 Dein

136 1745 282 1800 Steph.
313 1736 342 1800 ᾗ
375 1739 585 1787 δυνατόν
614 1738 755 1795 ἔστιν,
787 1748 901 1798 quod
932 1754 970 1786 et
1000 1748 1142 1800 ipsum
1171 1747 1381 1787 codicum.
1390 1746 1480 1786 fere
1510 1747 1696 1786 omnium
1725 1748 1920 1787 testimo-

134 1803 216 1843 niis
255 1803 518 1846 adversatur.
559 1802 639 1842 Pro
680 1799 913 1845 καθιέναι
955 1804 1161 1857 Stephan.
1206 1803 1323 1844 dedit
1362 1799 1607 1855 κατιέναι,
1653 1803 1766 1852 quod
1805 1816 1919 1843 unus

132 1858 262 1900 habet
283 1858 401 1902 Stob.

193 1995 275 2048 εἰς
303 2012 403 2048 ους
433 1991 714 2048 ἑκάστους
744 1995 984 2042 ὃὸοποι-

137 2053 315 2110 εἷται]
347 2055 592 2096 Subiectum
625 2064 688 2096 est
718 2050 776 2098 τοὶ
801 2050 983 2098 ἐνθάδε

133 2108 475 2167 πληρωθέντα,
509 2114 556 2152 in
581 2125 709 2164 quos
732 2113 983 2165 singulos

133 2169 269 2209 viam
291 2169 642 2211 sibifaciunt.

190 2225 242 2267 D.
276 2214 308 2278 ἢ
349 2217 712 2279 ἐπηντλεῖτο]
779 2224 985 2278 Speciosa

135 2293 239 2322 sane
275 2282 521 2322 coniectura
570 2282 877 2322 Heindoriii
922 2288 984 2321 est

137 2338 262 2377 etiam
293 2339 346 2378 ab
367 2337 519 2377 Astio
549 2338 728 2390 probata
757 2338 982 2391 legendum

134 2394 326 2448 putantis
353 2384 384 2447 ἢ
405 2386 696 2447 έξηντλειτο.
738 2394 884 2446 Neque
905 2394 981 2433 ali-

133 2458 199 2490 ter
221 2448 534 2498 Cornarius,
559 2451 630 2501 qui
651 2451 795 2492 vertit:
819 2450 983 2490 multo

88 2510 96 2511 ’
134 2506 364 2547 inferius
395 2518 548 2558 quam
579 2506 756 2547 effusa
790 2514 984 2547 essent.

134 2562 222 2603 Nee
243 2570 384 2603 tamen
401 2563 596 2604 codicum
614 2563 839 2604 lectionem
861 2564 985 2603 dese-

117 2619 314 2659 -rendam
335 2620 601 2661 arbitramur.
644 2620 810 2674 Quippe
833 2621 984 2660 dieitur

135 2669 414 2730 ἔπηντλεῖτο
451 2675 594 2716 habita
631 2678 796 2716 ratione
835 2677 986 2716 verbo-

133 2744 226 2772 rum
256 2744 307 2772 su
343 2733 525 2772 eriorum
556 2727 640 2773 διὰ
671 2731 774 2796 τῆς
773 2730 871 2797 γῆς
895 2729 982 2781 εἰς-

165 2791 211 2829 εῑ
245 2745 338 2829 καῖ
367 2789 547 2842 πληροῖ
576 2780 702 2829 αὐτὰ
747 2781 898 2842 ὥςπερ
940 2784 990 2830 οἷ

162 2843 501 2912 παντλοῦντες.
526 2845 713 2884 Breviter
735 2854 874 2885 antem
898 2846 985 2886 dic-

135 2906 225 2940 tum
249 2908 312 2940 est
332 2892 363 2967 ᾗ
385 2894 662 2968 ἔπηντλεῐτο
684 2914 760 2954 pio
790 2892 869 2955 ἢ
850 2894 878 2942 ό
888 2913 986 2943 σον

135 2956 203 2996 vel
225 2948 274 3006 ἐξ
296 2968 353 2996 ου
387 2950 680 3020 ἒπηντλεῖτο,
707 2958 820 3007 quod
845 2966 985 2997 tamen

137 3025 192 3052 ex
220 3018 438 3064 antegress
445 3024 468 3051 o
498 3005 620 3053 πολὺ
652 3010 898 3067 κατωτέρω
920 3014 982 3053 sa-

137 3068 217 3108 cile
244 3068 483 3121 intellegas.
527 3069 674 3118 Itaque
703 3068 781 3109 hoe
804 3069 982 3110 dicitu1:

136 3124 243 3164 alia
283 3137 470 3165 rursus
512 3124 562 3163 in
590 3125 862 3165 Tartarum
905 3126 985 3165 ef-

137 3179 341 3231 fluunt,
391 3180 581 3234 partim
639 3181 801 3221 multo
850 3182 985 3221 infe-

134 3236 452 3289 riussquam
482 3249 575 3290 pro
606 3237 880 3289 regionum
910 3238 985 3277 al-

136 3293 387 3340 titudine,
449 3293 582 3332 unde
623 3293 986 3334 affundeban-

138 3354 244 3414 tur,
268 3350 458 3414 partim
480 3349 649 3389 minus
673 3350 793 3392 alte.

196 3398 510 3446 ὑποκάτω
581 3401 802 3459 εἰςρεΐ
872 3405 985 3459 τῆς

139 3453 341 3515 ἐκροῆ
364 3461 410 3513 ς]
460 3461 686 3503 inferius
727 3461 984 3512 influunt,

1073 2011 1221 2050 quam
1243 1999 1392 2039 locus
1416 1999 1552 2039 situs
1576 2006 1677 2051 est,
1701 1999 1788 2038 ubi
1812 1997 1919 2038 flu-

1071 2056 1142 2094 vii
1166 2067 1188 2094 e
1218 2057 1440 2095 tartaris
1462 2056 1511 2094 in
1537 2062 1726 2094 terram
1750 2054 1918 2095 effusi

1074 2118 1214 2162 sunt,
1246 2111 1362 2162 quod
1382 2123 1482 2150 mox
1511 2113 1639 2151 verbo
1671 2103 1918 2153 ἐκπίπτειν

1071 2167 1347 2220 significatur.

1127 2217 1491 2277 καταντικρὺ
1541 2212 1569 2275 ᾗ
1621 2219 1804 2276 εἰςρεῖ
1841 2220 1914 2276 -]

1071 2280 1176 2319 alia
1207 2293 1228 2318 e
1260 2282 1491 2333 regione
1511 2280 1557 2318 ei
1586 2281 1724 2331 parti
1747 2280 1917 2330 (adver-

1072 2349 1147 2377 sus
1190 2349 1225 2378 5.
1267 2345 1414 2377 contra
1452 2348 1544 2375 eam
1578 2334 1782 2389 partem),
1821 2348 1919 2388 qua

1071 2392 1314 2433 influunt
1354 2394 1402 2432 in
1453 2400 1687 2458 tamara,
1742 2391 1918 2432 effun-

1073 2450 1270 2489 duntur
1302 2462 1324 2488 e
1346 2449 1567 2489 ta1taris
1591 2442 1848 2501 (ἐξέπεσεν,
1872 2455 1918 2488 ut

1071 2518 1164 2559 cap
1196 2502 1335 2558 sqq'.),
1378 2504 1419 2544 h
1452 2519 1488 2544 e.
1527 2502 1637 2544 ‘ultra
1678 2512 1836 2545 tartara
1876 2506 1918 2544 in

1072 2563 1269 2615 opposita
1309 2567 1446 2602 terrae
1484 2562 1682 2626 regione
1701 2568 1917 2624 emanant3

1073 2618 1180 2658 alia
1201 2623 1372 2657 autem
1397 2631 1521 2659 κατα
1544 2610 1596 2658 τὸ
1621 2610 1738 2658 αὐτὸ
1760 2613 1918 2671 μέρος,

1074 2675 1114 2715 h.
1141 2687 1175 2715 e.
1203 2674 1380 2714 eadem
1410 2676 1458 2714 in
1483 2682 1636 2728 parte
1659 2673 1915 2724 etlatere,

1076 2732 1159 2772 ubi
1188 2731 1239 2771 in
1269 2739 1469 2771 tartara
1514 2730 1771 2780 influunt,
1810 2743 1919 2769 xur-

1074 2800 1164 2828 sus
1200 2788 1323 2827 inde
1358 2787 1663 2841 prosiliunt.
1704 2787 1814 2826 Haec
1857 2793 1920 2827 est

1072 2843 1219 2897 procul
1270 2844 1398 2885 dubio
1461 2844 1670 2883 sententia
1718 2842 1926 2890 Platonis,

1075 2913 1201 2950 quam
1238 2913 1336 2940 num
1373 2907 1486 2940 reete
1520 2899 1774 2940 intellexerit
1799 2899 1917 2938 Ari-

1074 2957 1299 2997 stoteles
1348 2956 1520 2999 Meteor.
1562 2956 1612 2998 ΙΙ.
1654 2958 1693 2996 2.
1735 2968 1777 3008 p.
1822 2956 1917 2996 356.

1071 3013 1167 3053 Vol.
1192 3014 1223 3053 Ι.
1249 3013 1315 3054 ed.
1339 3013 1519 3053 Bekker.
1543 3013 1723 3052 multum
1746 3011 1915 3050 dubita·

1072 3078 1161 3109 tum
1184 3075 1262 3112 est>
1299 3069 1561 3121 Quamquam
1584 3069 1673 3108 fieri
1695 3073 1848 3119 potest,
1874 3075 1918 3105 ut

1072 3125 1314 3166 Aristotelis
1345 3127 1484 3174 verba,
1516 3134 1562 3165 ut
1592 3124 1715 3164 nobis
1748 3123 1916 3173 quidem

1073 3182 1254 3246 videtur,
1288 3183 1478 3222 mutilata
1509 3183 1604 3221 sint.

1130 3229 1309 3290 ω’ςπερ
1345 3233 1401 3278 οἵ
1433 3229 1617 3290 όφεις]
1655 3235 1759 3275 Nam
1790 3235 1916 3288 spiris

1074 3303 1317 3347 serpentum
1359 3294 1519 3334 similes
1561 3298 1660 3332 sunt
1710 3304 1915 3341 aquatum

1072 3350 1133 3389 illi
1171 3350 1308 3391 flexus
1351 3361 1389 3390 et
1429 3349 1687 3389 curvamina.
1725 3370 1775 3375 --
1818 3348 1917 3386 Mox

1074 3407 1201 3447 verba
1242 3402 1309 3454 εἰς
1350 3399 1402 3447 τὸ
1444 3400 1655 3446 δυνατόν
1692 3411 1915 3443 connectas

1074 3474 1168 3502 cum
1198 3463 1403 3516 proximis
1439 3455 1565 3503 κάτω
1590 3455 1805 3502 καθέντα
1836 3458 1915 3499 hoc
