2158 3718
267 113 374 167 284
1000 115 1323 171 PLATONIS

266 257 498 309 ἔλαττον
550 257 699 324 ἔχειν
754 259 855 308 τοῦ
911 252 1045 324 παρ’
1094 252 1483 325 ἡμῖντόπου,
1533 257 1650 309 ἔστι
1697 255 1757 308 δ’
1805 254 1906 320 οὓς
1959 257 2056 310 καὶ

192 351 229 392 Ι)
263 340 649 410 βραχυτέρους
673 344 749 411 τῷ
774 339 943 408 βάθει
968 343 1071 392 τοῦ
1100 339 1309 392 ἐνθάδε
1336 335 1480 393 εἶναι
1518 340 1612 393 καὶ
1650 340 2054 410 πλατυτέρους.

264 425 502 487 τούτους
548 425 609 478 δὲ
648 424 860 486 πάντας
896 421 1005 477 ὑπὸ
1056 425 1166 492 γῆν
1205 423 1283 486 εἰς
1319 421 1598 494 ἀλλήλους
1637 427 2063 494 σνντετρῆσθαί

265 528 325 561 τε
363 511 647 579 πολλαχῇ,
686 509 779 561 καὶ
817 505 957 561 κατὰ
991 507 1292 577 στενότερα
1339 509 1432 561 καὶ
1472 506 1777 579 εὐρύτερα,
1836 509 1929 562 καὶ
1968 511 2055 562 δι-

267 592 495 656 εξόδους
550 595 726 661 ἔχειν,
784 583 822 663 ᾗ
858 590 1006 645 πολὺ
1051 592 1155 662 μὲν
1201 591 1359 662 ὕδωρ
1408 593 1529 663 ῥεῖν
1577 593 1634 658 ἐξ
1673 591 1935 661 ἀλλήλων
1976 594 2058 657 εἰς

266 674 572 747 ἀλλήλους,
628 675 810 747 ὥςπερ
869 679 947 740 εἰς
1002 681 1310 748 κρατῆρας,
1368 678 1461 730 καὶ
1517 675 1738 732 ἀενάων
1787 682 2060 748 ποταμῶν

265 757 521 830 ἀμήχανα
569 761 779 830 μεγέθη
828 758 940 814 ὑπὸ
987 759 1091 831 τὴν
1137 766 1245 831 γῆν
1289 762 1382 815 καὶ
1430 766 1662 832 θερμῶν
1699 759 1924 816 ὑδάτων
1963 762 2060 815 καὶ

266 848 532 915 ψυχρῶν,
590 842 738 898 πολὺ
785 846 847 899 δὲ
894 849 1010 916 πῦρ
1058 846 1150 898 καὶ
1198 844 1378 916 πυρὸς
1424 848 1703 916 μεγάλους
1751 847 2058 916 ποταμούς,

266 926 515 992 πολλούς
561 930 623 984 δὲ
669 927 853 999 ὑγροῦ
900 934 1085 1000 πηλοῦ
1134 932 1227 984 καὶ
1276 932 1680 1002 καθαρωτέρου
1717 931 1811 984 καὶ
1847 934 2058 1001 βορβο-

192 1029 228 1068 Ε
270 1013 642 1085 ρωὸεστέρου,
684 1012 866 1082 ὥςπερ
896 1015 959 1068 ἐν
985 1018 1220 1087 Σικελία
1247 1016 1306 1069 οἱ
1339 1014 1448 1086 πρὸ
1487 1019 1589 1069 τοῦ
1628 1015 1836 1086 ῥύακος
1873 1018 2062 1086 πηλοῦ

267 1097 492 1167 ῥέοντες
527 1100 766 1168 ποταμοὶ
804 1100 897 1152 καὶ
936 1098 1104 1163 αὐτὸς
1143 1097 1172 1154 ὁ
1212 1100 1376 1170 ρύαξ·
1430 1093 1511 1153 οἷν
1549 1099 1618 1170 δη
1659 1101 1751 1153 καὶ
1790 1100 2063 1163 ἑκάστους

265 1179 400 1245 τούς
435 1182 644 1246 τόπους
681 1187 1062 1254 πληροῦσθαι,
1103 1178 1184 1239 οἷν
1222 1185 1293 1239 ἀν
1332 1184 1582 1247 ἑκάστοις
1618 1185 1757 1255 τύχῃ
1797 1184 2060 1239 ἑκάστοτε

267 1327 449 1368 calidius
479 1327 638 1367 factum
670 1329 739 1367 sit.
785 1329 1034 1370 Audiendus
1062 1329 1419 1381 Wyttenbaohius
1452 1337 1538 1377 est,
1577 1330 1649 1380 qui
1678 1342 1915 1383 pronomen
1945 1337 2063 1369 recte

267 1384 512 1424 observavit
538 1392 638 1437 post
668 1386 850 1424 subiecti
871 1386 1128 1426 mentionem
1154 1399 1283 1439 saepe
1306 1387 1571 1427 abundanter
1592 1385 1755 1426 inferri.
1778 1385 1836 1427 cf.
1857 1385 2059 1426 Matthiae

266 1442 306 1492 §.
327 1441 425 1480 467.
450 1442 490 1482 2.
534 1440 783 1506 Bernhardy
800 1440 926 1506 Synt.
950 1455 993 1495 p.
1016 1444 1099 1483 290
1121 1451 1161 1482 et
1189 1444 1372 1497 interpp.
1396 1444 1449 1482 ad
1471 1443 1580 1482 Xen.
1607 1444 1762 1506 Cyrop.
1787 1444 1819 1487 Ι.
1841 1445 1881 1490 3,
1905 1442 1972 1483 15.

381 1496 431 1537 D.
464 1491 612 1537 κατὰ
643 1493 977 1563 στενότερα]
1011 1497 1139 1542 Coisl.
1162 1499 1255 1542 Par.
1278 1500 1312 1539 G
1333 1493 1455 1540 κατὰ
1480 1492 1537 1539 τά
1563 1492 1831 1552 στενότερα.
1871 1498 1991 1539 Bodl.
2015 1500 2060 1538 in

269 1560 402 1605 marg.
436 1552 530 1596 Zitt.
562 1561 603 1593 et
633 1554 741 1594 Ven.
764 1566 789 1593 a
819 1549 1095 1617 στενώτερα,
1139 1555 1261 1595 Male.
1303 1557 1416 1595 Veie
1439 1556 1619 1623 Etymol.
1644 1555 1784 1608 Magn.
1807 1568 1851 1608 p.
1875 1555 2056 1597 27501)-

269 1617 411 1650 servat
432 1602 714 1657 στενότατος
737 1617 777 1649 et
796 1604 1053 1659 κενότατος
1075 1612 1170 1664 dici,
1200 1603 1320 1665 άπερ
1344 1609 1466 1664 φασὶ
1488 1606 1583 1653 ἀπὸ
1605 1611 1689 1654 τοῦ
1713 1606 1907 1653 στεινό
1922 1625 1945 1660 ς
1975 1608 2063 1653 καὶ

267 1658 468 1713 κεινὸς
492 1663 756 1719 γεγονέναι.
781 1667 836 1710 cf.
858 1667 963 1711 Tim
986 1681 1029 1721 p.
1053 1668 1176 1709 66D.
1207 1668 1434 1721 Xen.Cyr.
1460 1671 1510 1713 ΙΙ.
1533 1671 1573 1719 4,
1596 1673 1635 1710 3.
1669 1671 1806 1712 Anah.
1830 1669 1962 1718 III.4,
1987 1670 2058 1710 19

267 1723 513 1762 Buttmann.
538 1723 609 1765 Gr.
633 1723 764 1776 ampl.
789 1723 837 1763 T.
862 1725 892 1765 Ι.
945 1725 1076 1767 ,258
1111 1725 1308 1766 Matthiae
1314 1726 1478 1790 5126
1502 1735 1586 1766 not.

384 1772 610 1820 ἀενάων
649 1778 917 1846 ποταμῶν
982 1781 1095 1822 Vett.
1139 1782 1256 1822 editt.
1297 1774 1527 1824 ἀεννάων.
1585 1783 1714 1822 Recte
1753 1781 1920 1822 F101.o
1962 1781 2063 1822 Zitt.

266 1827 473 1876 ἀενάων.
518 1836 663 1876 Ambr.
687 1828 882 1878 ἀενέων.
906 1850 945 1879 V.
967 1837 1160 1878 Pierson.
1183 1839 1236 1878 ad
1257 1837 1387 1879 Moer.
1410 1852 1454 1892 p.
1476 1841 1530 1879 23
1552 1852 1618 1889 sq.

381 1891 429 1934 E.
465 1883 737 1940 ἑκάστοις
778 1886 934 1946 τύχῃ]
979 1895 1091 1934 Vett.
1124 1895 1242 1935 editt.
1272 1895 1414 1949 inepte
1442 1889 1576 1949 τύχοι
1606 1903 1773 1963 praeter
1793 1894 1919 1934 fidem
1941 1894 2059 1934 codi-

267 1960 365 1987 cum
395 1947 482 1987 fere
513 1949 716 1992 omnium.
757 1949 906 1989 Paullo
928 1959 1025 1989 ante
1046 1952 1188 1993 Helm.
1211 1952 1264 1991 de
1286 1953 1392 1993 coni.
1416 1953 1564 1993 edidit:
1596 1949 1680 1993 καὶ
1711 1945 1925 1999 ἐκείνους
1947 1943 2063 1998 τοὺς

267 2018 308 2045 τ.
334 2007 411 2057 pro
434 1996 563 2045 καὶ
540 1999 768 2053 εκάστους
789 2018 829 2047 τ.
854 2020 893 2046 τ.
916 2007 1060 2048 invitis
1084 2008 1205 2049 codd.
1231 2009 1442 2049 omnibus.

268 2136 382 2193 τοὺς
423 2140 477 2186 δε
519 2141 819 2214 βαθυτέρους
852 2138 995 2194 ὄντας
1036 2145 1119 2188 καὶ

1263 2147 1311 2191 E.
1347 2141 1528 2202 ὥςπερ
1550 2141 1608 2190 ἐν
1630 2120 2061 2203 ΣικελίᾳΓΡύαξ

268 2194 322 2242 τὸ
343 2194 502 2255 χάσμα
521 2197 718 2244 ἔλαττον
735 2198 947 2256 ἔχοντας,
967 2218 1009 2246 κ.
1025 2217 1064 2244 τ.
1080 2205 1118 2245 λ.

1209 2205 1364 2246 eximie
1394 2206 1476 2245 dici
1504 2205 1642 2247 solere
1671 2206 1724 2246 de
1743 2206 1902 2246 fluento
1923 2205 2062 2255 lique-

270 2257 356 2299 Sed
383 2259 590 2298 transitus
621 2259 674 2299 ad
703 2259 958 2300 infinitivum
985 2261 1118 2300 nemi

269 2327 367 2354 nem
388 2315 636 2357 morabitur.
660 2315 854 2356 Discerni
875 2322 1016 2357 autem
1039 2330 1113 2371 pa·

267 2379 328 2412 tet
347 2373 426 2410 tria
447 2384 724 2412 cavernarum
746 2385 917 2442 geneia

327 2419 519 2469 ε”στιδ
544 2419 706 2480 ούς]ἱ.
728 2441 764 2471 e.
786 2423 944 2478 ἐνίους
969 2425 1038 2474 δέ.
1078 2443 1118 2473 v.

267 2484 522 2524 Matthiae
543 2487 581 2536 §-
605 2487 703 2528 482.

323 2540 376 2580 D.
415 2534 656 2590 τούτους
697 2538 754 2583 δὲ
796 2537 1116 2596 πάντας-]

270 2595 472 2649 Sequitur
506 2605 642 2638 terrae
681 2599 843 2638 inserae
880 2599 1119 2650 descriptio,

267 2665 377 2703 quae
402 2654 757 2703 quemadmodum
789 2662 826 2694 ti
830 2656 954 2694 istem
982 2655 1116 2694 horri-

268 2710 450 2760 damque
471 2709 564 2750 Orci
596 2710 826 2761 imagin‹.m
850 2710 1036 2758 exhibet,
1060 2711 1118 2750 ita

267 2772 308 2804 et
328 2765 421 2817 ipsa
442 2765 596 2804 multas
619 2765 745 2806 habet
766 2765 1052 2816 difficultates,
1073 2776 1119 2806 ut

266 2832 350 2860 non
379 2821 490 2860 male
520 2822 745 2861 videantur
774 2822 1012 2872 iudicasse,
1045 2823 1116 2873 qui

265 2889 364 2917 cum
383 2877 424 2916 in
450 2877 647 2917 universa
665 2877 742 2918 hac
760 2879 1000 2918 narratione
1023 2891 1116 2931 my-

264 2932 390 2984 thice,
420 2941 507 2973 tum
537 2934 581 2973 in
611 2932 688 2972 hac
717 2942 837 2987 parte
873 2935 1113 2987 praecipue,

267 3001 376 3042 quae
399 2989 451 3030 de
473 2990 576 3030 locis
597 2990 744 3030 inferis
767 2991 869 3043 agit,
895 2991 1115 3031 veritatem

269 3059 395 3097 quam
438 3052 591 3086 vocant
631 3047 839 3099 poeticam
883 3047 1117 3087 desiderari

266 3103 587 3144 contenderunt.
627 3102 680 3142 Et
709 3102 822 3142 hunc
851 3104 1020 3155 quidem
1053 3105 1114 3145 lo-

266 3172 377 3209 cum,
406 3160 478 3212 qui
508 3159 700 3213 proxime
729 3161 936 3211 sequitur,
968 3174 1112 3213 repre--

265 3191 411 3256 hendit
451 3217 670 3256 Aristot.
716 3214 929 3258 Meteorol.
976 3218 1028 3256 ΙΙ.
1071 3219 1111 3267 2,

266 3272 387 3312 cuius
410 3281 547 3312 tamen
572 3274 703 3313 verba
724 3285 799 3326 p‘n
804 3273 878 3312 tim
900 3282 1112 3326 corrupta.

321 3325 419 3370 καὶ
461 3324 608 3370 κατὰ
650 3322 963 3381 στενότερα
1015 3327 1114 3371 καὶ

267 3378 571 3440 εὐρύτερα]
618 3393 664 3426 et
700 3386 1113 3438 angustioribus

264 3451 313 3483 et
334 3442 622 3483 latioribus
644 3443 922 3483 meatibus.

1206 2262 1414 2302 factorum
1436 2262 1626 2315 lapidum
1649 2275 1670 2301 e
1691 2262 1886 2303 faucibus
1897 2261 2065 2302 Aetnae

1207 2320 1500 2372 prorumpenti
1548 2319 1690 2359 docuit
1736 2318 2058 2370 wesseling.

1207 2375 1260 2415 ad
1282 2375 1406 2417 Diod.
1434 2375 1515 2417 Sic..
1538 2377 1591 2418 V.
1614 2377 1701 2416 oet
1722 2375 1838 2418 X1V.
1860 2376 1928 2418 59.
1972 2375 2061 2414 Ita-

1209 2445 1290 2481 que
1332 2445 1377 2472 οι
1418 2425 1508 2486 πρὸ
1551 2432 1636 2473 τοῦ
1679 2426 1856 2486 ρύακος
1903 2429 2063 2496 πηλοῦ

1210 2483 1398 2553 ρέοντες
1427 2487 1640 2542 ποταμοί
1662 2489 1968 2543 intelleguntur
1988 2487 2060 2527 ri-

1209 2545 1259 2583 vi
1299 2545 1402 2584 luti
1443 2553 1602 2597 atque
1643 2545 1866 2597 cineris,
1927 2556 2061 2596 quos

1208 2599 1378 2640 Aetna
1453 2602 1664 2652 evomit,
1744 2601 2057 2654 priusquam

1209 2663 1491 2720 erumpunt
1532 2659 1688 2709 ignea
1730 2657 1953 2698 fluenta.
1997 2656 2059 2696 De

1206 2712 1441 2766 1cipsacf
1466 2711 2059 2754 HumboldtiiCosmum

1208 2769 1302 2808 Vol.
1328 2769 1360 2811 I.
1383 2782 1423 2821 p.
1446 2770 1531 2810 450
1550 2783 1615 2835 sq,

1264 2814 1340 2865 ὧν
1371 2818 1439 2891 δὴ
1470 2818 2058 2878 καὶὲκάστους-γι-

1208 2877 1490 2935 γνομένη]
1577 2883 1770 2932 quibus
1847 2881 2056 2932 quidem

1207 2937 1429 2978 {fluentis
1460 2939 1658 2991 repleii
1690 2940 1841 2979 etiam
1863 2938 2058 2993 singu-

1204 2993 1253 3032 la
1293 2994 1383 3034 illa
1423 2994 1538 3035 loca
1567 2994 1650 3046 (sc,
1686 3004 1788 3035 tum
1823 2995 2059 3048 profun-

1205 3050 1355 3090 diora
1377 3063 1432 3091 ac
1455 3053 1911 3105 patentiora‚tum
1931 3066 2055 3106 pro-

1205 3106 2058 3162 fundioraetangustioremhia-

1203 3163 1602 3215 turnhabentia,
1622 3165 2059 3218 tumminuspro-

1202 3220 1366 3259 funda
1401 3227 1451 3260 at
1484 3221 1701 3271 Iatioia)
1736 3221 2055 3274 proutisin-

1201 3277 1347 3328 “ulls
1372 3290 1577 3331 semper
1599 3277 1926 3317 fluentorum
1950 3277 2055 3317 cir-

1202 3334 1661 3387 cuitusobtingat
1671 3325 2055 3375 Videsilluda‘s'noc'-

1202 3399 1341 3438 στους
1371 3390 1546 3430 minime
1569 3390 1877 3431 attrectandum
1899 3388 2054 3441 fuisse,

1201 3446 1315 3496 quod
1339 3446 1494 3487 nollem
1514 3446 1880 3487 Hermannus
1871 3458 1912 3485 in
1935 3438 2057 3488 ἐκεί-
