2158 3718
364 215 435 264 30
979 210 1391 263 PLATONIS

357 353 540 427 σούτῳ
586 357 736 426 θεῷ,
788 357 924 428 μηδὲ
977 361 1074 410 ἕνα
1131 352 1350 413 πώποτε
1406 356 1690 416 τοσούτων
1731 363 2040 433 γεγονότων

359 442 605 509 ποιητῶν
659 445 1011 507 πεποιηκέναι
1067 442 1238 510 μηδὲν
1290 439 1586 514 ἐγκώμιονς
1640 452 1685 501 εἰ
1740 450 1818 503 δὲ’
1853 449 2042 520 βούλει

358 518 432 581 αὗ
472 528 800 602 σκέψασθαι
841 521 973 587 τοὺς
1011 520 1286 595 χρηστοὺς
1327 529 1632 603 σοφιστάς,
1688 528 2038 605 (Ηρακλέους

356 614 458 682 μὲν
512 613 605 665 καὶ
663 604 847 663 ἄλλων
913 611 1173 672 ἐπαίνους
1228 611 1618 681 καταλογάδην
1678 616 2036 692 συγγράφειν,

350 692 527 767 ὥςπερ
573 691 601 748 ὁ
646 694 926 762 βέλτιστος
981 691 1292 764 Πρόδικος·
1349 697 1440 750 καὶ
1501 700 1667 753 τοῦτο
1714 704 1816 771 μὲν
1861 695 2035 770 ἧττον

350 781 442 835 καὶ
487 774 846 847 θαυμαστόν,
888 774 1013 831 ἀλλ’
1065 779 1228 847 ἔγωγε
1271 772 1378 844 ἤδη
1411 783 1518 836 τινὶ
1560 789 1811 856 ἐνέτυχον
1838 789 2033 858 βιβλίῳ

348 858 557 937 ἀνδρὸς
602 863 815 936 σοφοῦ,
876 866 934 916 ὲν
988 851 1032 932 ᾧ
1091 863 1294 928 ἐνῆσαν
1350 858 1480 929 ἅλες
1521 869 1753 924 ἔπαινον
1799 870 2032 943 θαυμά-

334 1086 407 1140 Ῥπ,
451 1084 580 1127 Bodl.
628 1086 814 1128 παιᾶνας
859 1081 984 1127 Vind.
1039 1081 1074 1125 1.
1115 1083 1159 1126 2.
1196 1083 1238 1126 ’7.
1282 1083 1381 1125 Par.
1424 1085 1527 1129 DK.
1567 1089 1715 1131 Ambr.
1758 1089 1856 1134 Vat.
1908 1105 1950 1146 p,
1993 1105 2028 1137 r,

346 1146 448 1187 Ven.
492 1149 522 1187 t.
561 1147 604 1184 et
645 1140 775 1182 schol.
821 1153 916 1181 cum
962 1153 1071 1185 corr.
1107 1141 1230 1185 Bodl.
1275 1154 1315 1182 v.
1346 1141 1399 1182 ad
1431 1143 1592 1198 Remp.
1645 1147 1713 1188 VI.
1742 1162 1783 1202 p,
1827 1147 1926 1194 383,
1975 1150 2025 1192 B.

340 1202 515 1244 Ruhnk.
549 1199 602 1259 ad
635 1198 746 1238 Tim.
784 1211 825 1250 p.
856 1196 955 1240 202,

454 1259 507 1305 Β,
567 1260 734 1311 ἧττον
763 1256 855 1294 καὶ
887 1253 1228 1309 θαυμαστόν]
1263 1253 1332 1295 καὶ
1355 1268 1438 1299 om.
1460 1257 1584 1301 Vind.
1604 1259 1643 1302 7.
1671 1265 1715 1300 et
1738 1261 1830 1305 Pal.
1852 1263 2025 1317 creua,

338 1317 621 1372 probantibus
655 1313 803 1355 Bastio
837 1318 966 1365 atque
997 1312 1266 1364 Thierschi0‚
1300 1326 1409 1365 quos
1440 1318 1584 1356 tamen
1615 1317 1773 1359 frustra
1805 1322 1917 1362 male
1949 1320 2024 1363 ha-

336 1375 428 1417 buit
456 1374 569 1416 istud
600 1371 670 1412 καὶ
700 1370 991 1424 comparativo
1022 1371 1330 1424 postpositum,
1362 1384 1402 1412 v.
1431 1379 1715 1415 commentar,

451 1429 628 1487 ἆνὸρό
648 1446 667 1478 ς
698 1428 900 1484 σοφοῦ]
946 1429 1111 1470 Desunt
1151 1428 1258 1468 baec
1287 1427 1329 1468 in
1361 1429 1486 1473 Bodl.
1519 1430 1615 1473 Vat.
1649 1431 1700 1472 A.
1746 1432 1871 1478 Vind,
1903 1433 1945 1479 2,
1977 1441 2023 1478 et

391 1572 521 1626 μηδὲ
560 1570 673 1626 ἕνα]
720 1569 839 1611 Cave
877 1569 989 1611 idem
1035 1583 1134 1612 esse
1218 1568 1296 1611 hac
1318 1569 1555 1612 imitatione
1586 1572 1791 1615 orationis
1814 1573 2018 1630 Phaedri,

333 1637 463 1686 putes
507 1630 625 1683 quod
680 1629 864 1682 μηδένας
923 1627 1135 1679 significat
1216 1625 1348 1669 studii
1401 1631 1446 1667 et
1496 1627 1803 1682 indignationis
1848 1634 2016 1688 plenae,

330 1690 446 1731 enim
477 1700 503 1729 n
525 1702 548 1729 e
578 1700 606 1728 u
629 1699 655 1727 n
680 1699 707 1726 ιι
729 1699 772 1727 m
810 1683 1058 1738 quidem,
1091 1684 1149 1736 h„
1216 1681 1328 1727 haud
1398 1685 1677 1729 incommode
1740 1689 2014 1745 intelligetur.

331 1760 371 1788 e.
404 1747 570 1799 plane
601 1745 820 1793 nullum,
852 1741 952 1783 vide
982 1748 1129 1783 annot.
1215 1742 1455 1783 Ficinus
1504 1742 1610 1785 haec
1663 1745 1726 1787 sic
1773 1749 2012 1791 convertit:

329 1804 384 1845 ad
415 1802 573 1857 p.2l4.
606 1803 656 1842 D.
706 1799 872 1842 Deinde
909 1799 1130 1841 Valcke-
1213 1800 1469 1842 invenies
1525 1801 1830 1855 sophistas
1870 1806 2012 1848 Her-

330 1874 442 1903 nar.
486 1860 666 1902 Diatrib.
705 1858 748 1898 in
790 1857 935 1910 Enrip.
978 1857 1124 1910 Reliq.
1214 1860 1389 1900 culem
1430 1859 1723 1912 laudasse,
1766 1866 1816 1903 ut
1855 1863 2013 1917 legisse

330 1932 375 1973 p.
408 1918 506 1963 157.
536 1917 622 1970 legi
653 1915 827 1957 volebat
859 1913 968 1969 μηδὲ
996 1913 1127 1968 ἒγκώ-
1212 1914 1429 1957 videatur:
1463 1914 1922 1974 zziprs'oetc‘HQoeulf'ovg
1936 1925 2012 1976 μὲν

329 1991 445 2032 μιον.
476 1975 576 2018 Quo
605 1986 689 2015 non
721 1986 829 2027 opus
860 1977 942 2014 est.
978 1972 1124 2015 Quum
1211 1972 1285 2012 καὶ
1315 1971 1452 2012 ἄλλων
1481 1998 1514 2004 -ι
1548 1973 1808 2029 συγγράφειν
1838 1991 1893 2018 sc.
1929 1978 2011 2020 αὔ-

329 2035 442 2076 enim
471 2030 675 2086 ἐγκώμιον
715 2042 844 2071 sensu
881 2029 1034 2071 latiore
1063 2031 1125 2071 ita
1211 2028 1330 2075 τούς.
1387 2029 1583 2085 Respicit
1615 2038 1758 2075 autem
1794 2035 1924 2076 Plato
1953 2035 2008 2078 ad

1209 2087 1394 2129 nobilem
1436 2088 1546 2131 illam
1591 2088 1766 2132 Prodici
1806 2087 1861 2134 de
1891 2093 2008 2136 Her-

1208 2145 1302 2186 cule
1339 2147 1654 2199 narrationem,
1702 2160 1832 2201 quam
1882 2149 2009 2194 habet

1203 2205 1336 2304 ⁶{Rieu
1358 2216 1383 2244 o
1402 2202 1521 2257 pho
1543 2217 1584 2246 n.
1645 2205 1825 2248 Memor.
1866 2206 1920 2250 Π.
1964 2209 2004 2262 1,

1205 2262 1214 2275 ·
1293 2273 1341 2314 sq
1375 2290 1384 2300 .

1254 2274 1437 2372 ‹150ng
1471 2316 1560 2373 ὅβ,
1585 2316 1887 2375 Πρόδικος]
1921 2323 2000 2366 [nt.

1198 2377 1502 2430 συγγέγραφεν.
1560 2375 1627 2418 De
1674 2390 1754 2419 usu
1804 2380 2000 2423 nomimi-

1195 2434 1269 2475 tivi
1300 2447 1336 2475 v.
1373 2433 1428 2475 ad
1455 2432 1674 2484 Phaedon.
1707 2448 1748 2489 p.
1781 2436 1876 2481 111.
1910 2441 1962 2480 A.

1249 2495 1456 2532 τοῦτο
1502 2494 1614 2547 μὲν
1653 2485 1856 2546 ἧττον
1893 2494 2001 2536 καὶ

1185 2546 1555 2604 θαυμαστόν]
1595 2555 1761 2604 atque
1803 2550 1859 2593 id
1897 2553 1998 2594 m‘i-

326 2091 510 2142 dicatur‚
541 2095 589 2131 nt
617 2090 929 2142 complectatur
958 2085 1124 2140 ὕμνους

323 2148 395 2189 καὶ
423 2152 620 2199 παιᾶνας,
664 2146 708 2187 id
735 2145 854 2199 quod
885 2144 1124 2186 docuerunt

321 2208 515 2260 interprt.
545 2204 599 2247 ad
625 2203 780 2245 Thom.
815 2203 932 2256 Mag.
947 2217 986 2255 p.
1022 2203 1120 2247 561.

315 2270 363 2307 et
391 2264 556 2317 Ilgen.
582 2261 635 2304 ad
657 2261 798 2303 Scolia
818 2274 858 2315 p.
875 2259 1118 2310 XXXVII„

315 2335 372 2364 ne
402 2320 484 2363 hoc
512 2319 687 2374 quidem
727 2320 823 2360 loco
855 2331 987 2359 causa
1022 2320 1112 2360 ulla

314 2384 396 2432 est,
430 2391 507 2420 cur
535 2377 780 2431 angustiore
799 2376 1112 2429 significatione

307 2435 604 2490 accipiendum
640 2438 858 2488 putemus.

368 2493 493 2541 τοὺς
519 2490 808 2547 χρηστοὺς
837 2491 977 2547 σοφ.]
1017 2490 1107 2533 Le-

310 2552 354 2592 ni
385 2563 481 2592 cum
525 2549 790 2591 cavillatione
831 2547 910 2590 hoc
946 2549 1107 2591 dictum

304 2612 402 2660 est,
442 2612 492 2648 ut
531 2619 634 2649 mox
670 2604 692 2647 ὁ
733 2607 952 2659 βέλτιστος
981 2604 1110 2660 Πρό-

307 2666 440 2712 donoc.

357 2714 752 2773 Ἡρακλέους
780 2718 917 2773 μὲν]
954 2718 1105 2759 Oratio

302 2775 619 2822 ἅνακόλουθος.
653 2776 741 2816 Sed
774 2776 955 2817 effertur
983 2775 1105 2816 dein-

305 2834 361 2877 de
399 2834 482 2875 alio
534 2832 665 2874 modo
707 2831 822 2885 qnod
865 2831 998 2873 menti
1038 2832 1103 2873 lo-

299 2892 470 2945 quentis
493 2890 826 2934 obversabatur:
852 2901 950 2930 nec
974 2901 1101 2930 vero

300 2948 493 2991 laudes
516 2947 739 2989 Amoris
771 2946 1099 2998 celebrasse,

301 3005 404 3049 sed
433 3005 696 3048 maluisse
727 3003 870 3046 adeo
904 3003 958 3044 in
989 3005 1099 3045 lau-

299 3064 327 3106 d
353 3076 378 3105 a
403 3076 430 3104 n
453 3062 556 3104 dis
610 3061 777 3103 rebus
827 3060 983 3102 tritis
1034 3073 1098 3102 ac

298 3119 625 3175 vulgaribus
684 3128 901 3173 operam
943 3130 1095 3161 snam

298 3186 665 3221 consumere.

352 3251 376 3277 κ
401 3230 818 3288 αταλογάδην
850 3231 1096 3287 συγγρά-

294 3296 450 3349 φειν]
482 3291 523 3335 h.
551 3305 590 3335 e.
619 3302 787 3346 prosa
817 3289 1094 3343 oratione,

293 3355 345 3392 ut
375 3363 522 3404 saepe.
551 3347 723 3391 Pendet
763 3347 827 3390 hic
867 3347 1094 3389 infinitivus

293 3408 398 3449 item
430 3420 484 3449 ex
540 3404 590 3446 οὔ
639 3403 806 3458 δεινόν,
845 3404 971 3458 (ιιιοά7
1009 3405 1092 3447 etsi

293 3465 437 3519 paullo
476 3463 683 3507 remotius
722 3467 818 3516 est,
859 3467 1003 3506 tamen
1048 3462 1090 3505 in

1193 2619 1293 2655 nus
1325 2607 1486 2650 etiam
1520 2607 1703 2650 mirum
1737 2613 1820 2650 est
1843 2615 1993 2659 quam

1192 2662 1316 2716 hoc,
1359 2662 1652 2716 quodiam
1694 2664 1748 2705 in
1789 2664 1992 2709 librum

1190 2718 1463 2772 quendam
1510 2719 1690 2775 incidi
1737 2725 1816 2762 ctr.
1877 2722 1993 2765 Iniu-

1188 2777 1252 2817 ria
1273 2776 1499 2818 Bastins
1522 2780 1653 2830 atque
1671 2774 1990 2831 Thiers'‚chi-

1188 2845 1244 2873 us
1275 2831 1363 2873 καὶ
1394 2846 1489 2875 cum
1520 2834 1616 2877 cod.
1665 2830 1786 2878 vind.
1818 2842 1863 2879 et
1893 2837 1987 2880 vat.

1187 2888 1474 2932 omittendum
1507 2896 1726 2945 putarunt.
1787 2888 1987 2938 Pertinet

1187 2947 1297 2990 enim
1338 2947 1392 2989 ad
1435 2944 1593 3002 ἧττον,
1648 2949 1765 3003 quod
1807 2956 1988 3007 propter

1185 3004 1390 3058 ponderis
1440 3005 1505 3048 sui
1556 3007 1810 3060 gravitatem
1857 3001 1985 3064 prae-

1182 3062 1358 3104 missum
1402 3070 1484 3106 est.
1551 3063 1791 3118 Thucyd.
1826 3065 1898 3109 VI.
1935 3068 1982 3112 1:

1177 3115 1206 3172 ᾖ
1237 3119 1441 3175 μᾶλλον
1475 3120 1564 3162 καὶ
1591 3123 1812 3168 ἐπέθεντο,
1873 3126 1982 3166 Xe-

1179 3177 1341 3232 noph.
1387 3179 1546 3234 Cyrop.
1578 3179 1611 3221 1.
1642 3179 1683 3232 6,
1704 3179 1775 3224 39.
1804 3194 1846 3235 p.
1885 3178 1979 3226 104.

1170 3234 1253 3280 ed.
1287 3235 1491 3279 Bornem.
1530 3239 1672 3278 ταῦτα
1701 3237 1784 3295 γὰρ
1813 3236 1980 3292 μᾶλλον

1180 3292 1252 3332 καὶ
1292 3294 1512 3339 ἐξαπατᾶν
1539 3291 1736 3339 δύναται,
1797 3295 1976 3349 syne-

1179 3350 1296 3391 sius
1338 3351 1404 3394 De
1439 3349 1685 3393 Provident.
1706 3363 1765 3406 ·p.
1806 3353 1870 3395 15.
1905 3351 1974 3394 ed.

1176 3406 1377 3462 Krabing.
1414 3406 1523 3450 ἀλλὰ
1566 3406 1619 3448 τὰ
1650 3407 1815 3467 μεγᾴλα
1845 3405 1973 3464 δεῦρο

1174 3479 1209 3520 ,ιι
1221 3479 1238 3506 ε
1250 3463 1328 3515 ίζο
1340 3481 1363 3507 σ
1375 3482 1391 3507 ι
1421 3464 1509 3507 καὶ
1525 3465 1743 3523 φροιμίοις
1760 3475 1974 3524 προςανα-
