2158 3718
318 185 396 223 XL
402 185 464 221 VI
943 180 1384 223 PROLEGOMENA

318 310 570 378 oratione,
607 330 766 382 quam
790 312 995 375 recitat,
1035 310 1112 364 sic
1135 311 1505 365 existimamus.
1543 310 1646 364 Est
1668 311 1759 365 illa
1782 311 1993 367 omniuo

319 380 534 452 quidem
569 401 823 457 perquam
859 382 1090 454 elegans,
1137 391 1363 435 venusta
1407 391 1460 437 et
1534 383 1794 453 erspicua,
1838 383 1994 452 item·-

228 448 236 464 ⁹
318 471 423 524 que
460 451 769 517 facetiarum
804 453 982 523 lepore
1018 460 1072 505 et
1107 451 1402 507 dicacitatis
1438 471 1503 506 ur
1542 454 1737 507 anitate
1767 453 1993 526 insigni-

319 533 402 578 ter
443 526 685 596 perfusa,
742 523 933 592 quibus
986 522 1271 576 virtutibus
1326 541 1507 578 omnes
1552 534 1741 596 poetae
1786 523 1996 578 fabulas

318 595 596 678 splendere
631 594 896 657 novimus3
929 594 1037 646 'sed
1070 590 1232 647 habet
1267 594 1468 660 eadem,
1504 605 1566 647 ut
1598 597 1703 648 iam
1728 595 1996 668 significa-

318 684 511 730 vlmus,
550 665 709 719 etiam
744 664 874 718 vitia
906 664 1051 717 haud
1086 665 1295 736 exigua,
1349 664 1486 718 Nam
1520 666 1748 736 primum
1783 666 1997 736 quidem

321 745 432 790 tota
466 736 648 789 haeret
681 736 738 789 in
773 732 1008 806 physicis
1044 738 1388 805 versaturque
1422 736 1575 790 unice
1611 737 1723 791 fere
1760 738 1816 790 in
1840 752 1997 791 caus-

320 807 411 870 sis,
447 806 640 876 quibus
675 806 927 860 naturalis
963 825 1020 860 er
1061 825 1092 859 a
1126 806 1257 860 alios
1293 807 1487 860 amoris
1523 807 1747 862 'affectus
1780 808 1996 872 nitatur,

316 876 515 931 comice
559 894 633 931 ac·
670 877 970 931 ioculariter
1012 826 1352 931 illustrandis.
1416 875 1773 944 Quamobrem
1815 879 1997 932 existi-

317 965 464 1001 mare
506 947 634 1002 ‘licet
679 947 1095 1020 Aristophanem
1141 965 1351 1018 quoque
1397 967 1429 1001 a
1464 947 1686 1003 Platone
1723 949 1866 1003 inter
1908 965 2000 1003 eos

318 1018 559 1072 habitum
594 1035 733 1084 esse,
767 1019 859 1089 qui
893 1038 1001 1072 non
1035 1019 1175 1073 ultra
1197 1020 1394 1092 vulgus
1419 1027 1730 1091 superarent
1753 1027 1999 1090 etquan-

322 1098 435 1143 tum
469 1090 607 1143 inter
642 1088 878 1162 corporis
914 1099 1069 1160 atque
1105 1090 1267 1143 animi
1300 1104 1534 1144 amorem
1568 1089 1792 1156 intersit,
1829 1091 2000 1144 haud-

320 1177 586 1230 quaquam
621 1161 998 1233 perspicerent,
1038 1161 1276 1230 adeoque
1313 1162 1468 1215 talem
1499 1164 1615 1215 esse
1638 1161 1998 1227 informatum,

319 1231 412 1302 qui
451 1229 754 1286 Socraticae
801 1231 1092 1304 sapientiae
1136 1232 1244 1286 vim
1289 1241 1343 1285 et
1376 1231 1790 1303 <amplitudinem
1822 1242 2001 1287 mente
2053 1288 2065 1306 ,

319 1302 601 1372 animoque
637 1321 732 1357 suo
765 1321 956 1374 capere
987 1303 1395 1373 haudquaquam
1417 1311 1610 1374 posset.
1645 1303 1859 1357 Deinde
1880 1318 2004 1358 ora-

321 1373 394 1427 tio
430 1373 617 1444 ipsius,
657 1373 995 1445 quantumvis
1020 1375 1198 1445 speeie
1223 1393 1321 1427 sua
1341 1373 1524 1438 niteat,
1559 1383 1736 1428 tamen
1759 1375 2003 1428 acumine

320 1443 594 1498 dialectico
631 1455 790 1515 atque
826 1464 982 1499 verae
1027 1444 1330 1498 subtilitatis
1374 1444 1532 1498 laude
1574 1458 1822 1517 magnam
1858 1453 2003 1500 certe

357 1523 524 1569 artem
557 1515 713 1586 plane
751 1516 1004 1569 destituta
1041 1525 1137 1569 est.
1174 1514 1312 1568 Nam
1345 1515 1658 1587 figmentum
1685 1516 1899 1586 quidem
1933 1517 2002 1570 il-

317 1533 413 1639 fud
448 1585 673 1656 triplicis
708 1587 917 1658 generis
952 1586 1224 1640 hominum
1270 1586 1426 1639 trium
1461 1586 1847 1657 primitivorum
1881 1587 2004 1658 quis

319 1674 427 1710 non
474 1657 621 1711 videt
665 1657 965 1729 speciosum
1038 1657 1176 1710 otius
1214 1666 1265 1710 et
1301 1666 1550 1730 argutum
1585 1670 1701 1711 esse
1739 1676 1898 1728 quam
1933 1657 2001 1711 at'l

319 1745 433 1781 rem
467 1729 794 1799 propositam
829 1747 967 1783 nova
1020 1746 1119 1782 uce
1145 1728 1549 1782 collustrandam
1572 1728 1854 1784 idoneum?
1888 1728 2002 1783 Ne-

317 1816 425 1868 que
469 1799 618 1852 varia
660 1799 851 1853 amoris
894 1817 1093 1870 genera
1136 1799 1204 1853 ab
1250 1817 1312 1852 eo
1350 1800 1475 1852 satis
1512 1799 1775 1854 subtiliter
1809 1799 2002 1854 distin-

317 1877 574 1941 guuntur,
610 1869 771 1923 immo
793 1869 987 1924 misere
1013 1870 1433 1935 confunduntur3
1470 1870 1527 1923 id
1552 1871 1693 1940 quod
1719 1880 1863 1925 tanto
1886 1883 2003 1926 mo-

318 1939 505 1994 lestius
542 1940 750 2006 accidit,
800 1942 944 2011 quod
986 1941 1094 1994 iam
1140 1941 1437 2011 superiores
1471 1950 1704 1995 oratores
1743 1961 1806 1995 ea
1841 1942 2002 1996 dere

320 2029 428 2064 non
461 2011 791 2066 incommode
829 2012 1100 2066 dixissent.
1159 2011 1273 2066 Nec
1308 2029 1433 2066 vero
1478 2012 1610 2066 illud
1645 2012 1802 2067 facile
1839 2032 2003 2067 excu-

322 2082 538 2147 saveris,
573 2083 721 2152 quod
753 2083 847 2137 ubi
884 2101 1054 2138 sermo
1091 2082 1305 2137 devenit
1339 2084 1554 2136 tandem
1588 2083 1658 2137 ad
1689 2098 1849 2137 sexus
1872 2084 2001 2137 viri-

319 2151 386 2205 lis
423 2171 672 2219 amorem,
709 2153 796 2208 hic
831 2163 1084 2226 protenus
1121 2153 1189 2207 ad
1223 2154 1505 2207 honestum
1531 2154 2000 2226 spectaredicitur.

264 2256 273 2293 t
321 2223 531 2295 Nempe
568 2226 668 2279 etsi
703 2223 834 2279 haec
871 2225 1128 2280 sententia
1151 2223 1499 2296 Aristophani
1532 2242 1742 2295 quoque
1777 2225 2004 2297 probata

320 2303 421 2358 est,
472 2312 630 2364 quem
674 2296 920 2351 novimus
963 2297 1020 2350 in
1065 2296 1259 2350 fabulis
1296 2297 1405 2350 suis
1453 2297 1760 2368 saepissime
1795 2305 1880 2350 tur
1919 2314 2002 2350 em

321 2365 552 2419 virorum
599 2366 890 2422 lubidinem
940 2368 1291 2441 exagitavisse
1305 2408 1320 2434 ,
1377 2377 1553 2421 tamen
1597 2384 1739 2422 nunc
1786 2367 1878 2438 qui
1917 2386 2002 2421 em

322 2455 541 2490 caussae
588 2446 644 2491 et
691 2439 940 2503 rationes,
987 2436 1180 2509 quibus
1230 2457 1292 2493 ea
1326 2439 1543 2503 nitatur,
1591 2439 1724 2493 adeo
1765 2455 1872 2493 non
1907 2457 2002 2492 ex-

324 2508 553 2577 plicatae
580 2517 719 2576 sunt,
745 2510 904 2563 immo
928 2528 996 2564 ne
1022 2510 1349 2583 significatae
1373 2509 1605 2579 quidem,
1631 2519 1693 2563 ut
1714 2526 1999 2581 propemo-

326 2578 455 2631 dum
490 2579 695 2634 mireris
731 2581 991 2634 comicum
1026 2589 1149 2652 post
1184 2600 1260 2646 ea,
1301 2599 1436 2650 quae
1473 2589 1628 2634 antea
1652 2581 2000 2652 exposuisset,

319 2649 427 2700 iam
453 2649 742 2720 derepente
765 2651 902 2705 hanc
925 2652 1083 2705 talem
1107 2653 1418 2705 sententiam
1435 2668 1728 2721 proponere
1819 2651 2000 2706 tuisse.

321 2717 403 2770 At
437 2718 684 2773 nimirum
720 2730 865 2775 caret
900 2723 1012 2774 eius
1056 2722 1134 2774 rei
1170 2721 1428 2792 expositio
1474 2721 1687 2775 omnino
1768 2721 2002 2776 ialectica

322 2787 632 2854 subtilitate,
676 2799 737 2842 ut
778 2791 1086 2860 neutiquam
1120 2791 1417 2844 mirandum
1455 2790 1524 2844 sit
1568 2809 1688 2844 eum
1733 2791 1820 2844 hic
1866 2809 2000 2861 quo-

323 2876 429 2928 que
466 2869 735 2912 versatum
772 2879 890 2914 esse
924 2861 1183 2915 licentius
1217 2854 1323 2930 *Est
1356 2861 1521 2933 igitur
1548 2870 1657 2915 tota
1679 2860 1999 2934 Aristopha-

325 2929 408 2982 nis
443 2930 626 2994 orati0,
673 2932 915 2999 quamvis
952 2931 1260 3003 elocutionis
1297 2942 1486 2986 ornatu
1523 2941 1575 2986 et
1610 2932 1856 2987 dictionis
1893 2935 2000 2988 ele-

325 3000 509 3071 gantia
534 3001 770 3065 excellat,
807 3011 980 3056 tamen
1003 3003 1078 3056 ita
1102 3013 1420 3074 comparata,
1458 3012 1516 3057 ut
1540 3013 1808 3058 auctorem
1831 3004 1999 3076 ipsius

329 3089 361 3123 a
404 3071 763 3143 philosophiae
814 3074 985 3127 studio
1039 3075 1297 3127 mansisse
1353 3074 1654 3128 alieniorem
1706 3092 1876 3144 neque
1931 3075 2000 3128 ad

329 3140 629 3210 Socraticae
666 3143 953 3215 sapientiae
989 3145 1198 3198 laudem
1222 3145 1523 3215 adspirasse
1549 3154 1641 3198 aut
1662 3145 1883 3218 propius
1906 3164 1997 3200 ac-

330 3214 550 3267 cessisse
583 3213 993 3268 luculentissime
1032 3225 1267 3270 testetur.
1331 3215 1491 3284 Quod
1528 3217 1571 3270 si
1606 3217 1679 3269 ita
1714 3226 1811 3281 est,
1855 3217 1999 3270 haud

331 3302 457 3337 sane
494 3286 988 3350 temere-coniicias,
1027 3305 1160 3356 quae
1198 3301 1384 3342 caussa
1406 3287 1681 3341 Platonem
1715 3286 1997 3358 impulerit,

328 3363 386 3406 ut
411 3354 623 3420 homini,
663 3357 903 3426 quamvis
927 3358 1190 3425 quondam
1217 3357 1449 3412 Socratis
1475 3359 1790 3421 adversario,
1826 3366 1997 3411 tamen
