2222 3762
337 154 737 211 PLATONIS
776 153 1258 209 APOLOGIAM
1298 154 1699 208 SOCRATIS.
1801 156 1868 205 27

178 319 308 352 num
346 298 415 352 de
452 297 683 369 singulis
735 295 1060 367 quibusdam
1107 293 1211 348 diis
1249 296 1442 365 patriis
1482 315 1545 350 ea
1581 297 1638 348 in
1677 315 1871 349 caussa

179 370 518 442 cogitaverit.
591 370 672 423 At
707 368 848 422 enim
885 387 1014 421 vero
1051 373 1112 419 ut
1147 366 1252 419 hoc
1288 386 1398 420 non
1427 368 1506 420 ita
1541 367 1749 436 fecerit,
1788 376 1871 419 ta-

178 461 302 495 men
349 441 605 496 universe
662 439 731 493 de
790 439 1010 492 numine
1059 437 1245 491 divino
1303 438 1632 509 cogitavisse
1686 439 1872 491 existi-

178 511 407 565 mandus
446 518 562 578 est,
616 509 1070 579 quemadmodum
1108 507 1310 563 Graeci
1356 517 1411 562 et
1455 510 1647 563 Latini
1694 510 1872 562 facere

178 583 385 650 solent,
437 582 611 636 sicubi
661 583 958 653 generatim
1007 579 1108 634 τόν
1158 579 1302 634 θεόν
1355 581 1442 633 vel
1493 580 1691 633 deum
1728 600 1874 634 com-

177 661 506 721 memorant,
561 653 639 705 ita
691 652 910 721 quidem
957 660 1020 705 ut
1055 652 1329 706 communi
1377 652 1612 705 numinis
1649 652 1873 705 notione

178 745 336 779 omne
396 724 618 798 deorum
693 725 1125 794 daemonumque
1186 743 1358 794 genus
1428 723 1872 794 complectantur.

179 796 347 864 Quod
387 797 432 848 si
471 797 547 848 ita
585 803 701 864 est,
744 804 938 867 sponte
975 795 1334 867 intelligitur,
1378 815 1487 864 quo
1523 795 1638 847 iure
1678 793 1875 848 Socra-

177 877 260 921 tes
300 867 449 938 apud
484 867 770 920 Platonem
805 869 881 920 ita
915 868 1145 936 loquens
1194 866 1515 935 inducatur,
1562 874 1626 918 -ut
1673 885 1742 918 ex
1799 869 1877 933 τῷ

181 943 323 1008 θείῳ
364 943 456 993 καὶ
493 943 761 1009 δαιμονίῳ
803 940 950 1008 (nam
991 951 1280 1007 utrumque
1316 958 1370 1008 p.
1395 939 1482 991 31.
1521 936 1586 991 C.
1621 936 1878 1008 prudenti

180 1011 406 1067 consilio
459 1010 835 1081 coniungitur)
887 1009 1017 1062 satis
1065 1026 1326 1079 apparere
1373 1007 1698 1077 contendat,
1755 1027 1876 1062 sese

179 1082 312 1136 deos
363 1089 527 1150 atque
579 1080 871 1133 daemones
919 1097 1041 1132 esse
1081 1079 1319 1132 credere.
1398 1080 1542 1133 Nam
1579 1086 1748 1148 quum
1791 1078 1877 1131 di-

177 1154 291 1207 vini
337 1151 574 1205 numinis
622 1152 774 1205 notio
821 1169 1007 1204 omnes
1056 1151 1275 1204 omnino
1327 1150 1460 1203 deos
1513 1151 1718 1203 ambitu
1771 1170 1869 1204 suo

179 1224 602 1294 complectatur,
651 1223 828 1294 ipsum
879 1229 1060 1274 autem
1095 1221 1313 1275 aliunde
1353 1230 1570 1275 constet
1607 1221 1740 1275 deos
1775 1242 1876 1292 po-

175 1295 395 1367 pulares
442 1294 594 1347 cultu
643 1293 829 1347 divino
892 1301 1286 1364 prosequutum
1342 1313 1495 1361 esse,
1559 1300 1705 1346 certe
1767 1313 1878 1346 non

177 1367 359 1439 potuit
396 1364 463 1418 de
503 1365 618 1419 aliis
657 1365 795 1432 diis,
847 1384 1008 1435 quam
1056 1384 1287 1434 quorum
1327 1365 1508 1419 cultus
1542 1365 1685 1418 inter
1723 1364 1889 1418 cives*

179 1457 306 1492 suos
343 1438 552 1508 vigeret
587 1437 916 1508 publicaque
956 1436 1276 1490 auctoritate
1304 1437 1546 1490 sancitus
1573 1443 1734 1505 esset,
1771 1436 1882 1489 ista

180 1508 510 1563 contendere
548 1516 604 1562 et
641 1527 969 1562 asseverare.

317 1580 527 1632 Verum
567 1581 701 1634 satis
740 1579 808 1633 de
847 1579 948 1633 his.
1023 1578 1255 1631 Brevior
1305 1579 1408 1632 erit
1455 1577 1755 1632 admonitio
1810 1577 1878 1631 de

177 1652 301 1706 1060
346 1651 624 1723 proximO,
677 1670 784 1721 quo
834 1650 1089 1706 Socrates
1139 1651 1456 1722 religionem
1508 1669 1573 1703 ac
1620 1651 1878 1720 pietatem

181 1742 335 1776 suam
384 1721 546 1775 etiam
600 1741 668 1776 ex
715 1723 858 1776 vitae
896 1729 1177 1776 anteactae
1213 1722 1474 1775 memoria
1511 1728 1674 1791 atque
1712 1721 1879 1775 officii

181 1802 237 1848 et
270 1793 526 1858 muneris,
565 1793 714 1863 quod
753 1794 1014 1866 gesserit,
1054 1793 1204 1846 fideli
1241 1793 1710 1847 administratione
1749 1812 1880 1846 con-

179 1873 451 1920 testatur.·
503 1866 700 1919 Fuisse
738 1866 882 1918 enim
929 1866 1046 1918 viro
1096 1865 1441 1918 sanctissimo
1489 1865 1710 1935 penitus
1757 1883 1879 1935 per-

179 1956 420 2005 suasum,
461 1956 581 1990 sese
619 1955 718 2004 ec,
757 1936 905 2006 quod
942 1937 1090 1989 cives
1129 1944 1182 1989 et
1219 1937 1514 2007 populares
1553 1955 1682 1989 suos
1720 1955 1752 1987 a
1786 1955 1880 1988 va-

180 2028 282 2062 nae
326 2009 624 2079 sapientiae
682 2008 939 2076 opinione
977 2015 1236 2062 avocatos
1275 2007 1345 2060 ad
1383 2007 1749 2077 quaerendam
1791 2027 1879 2059 ve-

180 2100 296 2135 ram
328 2099 510 2134 rerum
547 2080 827 2133 scientiam
862 2080 1176 2132 institueret
1228 2098 1400 2148 eaque
1447 2080 1656 2131 ratione
1694 2079 1880 2148 impri-

180 2152 280 2204 mis
318 2151 481 2204 etiam
520 2150 590 2202 ad
625 2151 911 2212 virtutem,
962 2169 1102 2219 quae
1139 2151 1383 2204 veritatis
1421 2150 1649 2203 scientia
1683 2168 1879 2201 vacare

181 2242 293 2275 non
326 2229 547 2292 posset,
596 2240 771 2290 usque
807 2222 1155 2287 informaret,
1211 2240 1408 2274 munus
1461 2220 1721 2273 divinitus
1774 2220 1879 2273 sibi

183 2293 496 2363 impositum
546 2292 695 2345 obire
743 2291 977 2362 ideoque
1024 2291 1186 2344 etiam
1246 2312 1313 2345 ex
1372 2291 1629 2345 mandato
1694 2290 1879 2343 divino

184 2383 373 2435 agere,
428 2363 486 2416 id
523 2362 744 2432 quidem
788 2371 899 2415 tam
937 2369 1086 2416 extat
1119 2364 1493 2431 manifestum,
1533 2370 1594 2415 ut
1630 2369 1759 2434 post
1796 2381 1878 2429 ea,

189 2454 329 2504 quae
366 2435 474 2486 iam
509 2435 566 2486 in
604 2435 972 2504 superioribus
1011 2433 1078 2486 de
1116 2433 1218 2488 hac
1242 2434 1488 2490 Socratis
1525 2433 1880 2505 persuasione

184 2505 562 2576 exposuimUS,
610 2525 678 2558 ne
728 2506 895 2559 verbo
934 2505 1152 2574 quidem
1188 2525 1252 2558 ea
1289 2506 1356 2559 de
1392 2525 1451 2559 re
1491 2504 1882 2577 disputandum

183 2577 450 2633 videatur.
523 2578 612 2629 Ex
649 2596 757 2645 quo
798 2584 994 2648 sponte
1033 2578 1415 2647 consequitur,
1458 2575 1742 2632 Socratem
1778 2575 1880 2628 hac

187 2667 404 2717 quoque
459 2667 541 2706 ex„
572 2656 727 2717 parte
766 2655 1070 2719 spectatum
1106 2648 1164 2700 in
1199 2646 1474 2721 Apologia
1510 2648 1759 2701 Platonis
1798 2655 1881 2700 ta-

185 2720 292 2772 lem
354 2719 777 2790 repraesentari,
841 2720 1016 2789 qualis
1081 2738 1268 2773 revera
1325 2720 1491 2772 fuerit
1557 2719 1880 2788 qualemque

187 2810 306 2845 sese
340 2809 440 2859 per
475 2797 643 2843 totam
679 2791 846 2843 vitam
883 2791 1234 2860 praestiterit.

326 2862 534 2914 Verum
573 2861 704 2931 satis
741 2862 877 2915 haec
917 2861 983 2914 de
1022 2862 1257 2932 imagine
1313 2862 1535 2934 pietatis
1573 2869 1626 2914 et
1661 2861 1882 2932 religio-

189 2934 272 2987 nis
311 2930 590 3001 SocratiS,
667 2952 790 2986 uam
831 2932 1047 3002 quidem
1087 2934 1158 2987 ad
1192 2933 1366 3004 ipsius
1415 2934 1558 2987 vitae
1597 2933 1881 2986 veritatem

189 3005 244 3056 in
281 3003 384 3056 hoc
421 3004 560 3056 libro
598 3023 629 3056 a
670 3004 974 3058 umbratam
1012 3023 1075 3058 ac
1115 3005 1444 3076 descriptam
1483 3022 1600 3058 esse
1642 3004 1883 3057 certissi-

189 3094 334 3129 mum
382 3073 612 3128 videtur.
694 3075 984 3146 Pergimus
1023 3074 1106 3128 rad
1153 3076 1388 3146 reliquas
1446 3084 1633 3146 partes
1690 3075 1884 3145 imagi·

189 3146 274 3199 nis
324 3147 383 3198 in
426 3146 704 3216 Apologia
750 3147 1039 3200 Platonica
1085 3148 1399 3219 propositae
1437 3144 1880 3213 considerandaS,

192 3235 329 3288 quae
368 3225 512 3270 certe
547 3236 658 3270 non
694 3218 870 3271 minus
911 3237 1106 3288 graves
1140 3225 1271 3280 ¹sunt
1307 3217 1694 3290 superioribus.

334 3289 635 3358 Postquam
683 3289 824 3342 enim
872 3288 1301 3343 demonstratum
1349 3297 1435 3344 est
1470 3307 1572 3361 pro
1613 3287 1881 3343 defensio—

192 3359 273 3413 nis
332 3359 636 3430 praesentis
696 3359 950 3423 consilio,
1011 3379 1270 3429 quorsum
1333 3360 1579 3416 Socratis
1638 3359 1883 3431 philoso-
