2222 3762
413 167 484 217 40
892 159 1502 217 PROLEGOMENA
1541 161 1651 214 AD

414 303 690 360 suetudini
745 311 1013 377 cognatus
1064 312 1119 357 et
1148 303 1345 355 affinis
1395 301 1751 372 sitrideoque
1801 298 2010 357 animos
2038 302 2125 357 ita

414 376 622 432 afficiat
645 383 810 445 atque
835 383 1070 444 moveat,
1089 389 1150 428 ut
1173 373 1458 428 audientes
1482 375 1691 429 ratione
1720 371 2124 442 simplicissima

414 446 486 502 ad
521 448 929 519 persuasionem
965 446 1080 500 veri
1117 445 1361 515 rectique
1385 443 1772 516 perducantur.
1826 442 2123 512 *Nimirum

412 520 549 572 haec
587 519 997 590 omnia.sponte
1037 523 1267 587 apparet
1313 516 1560 571 Socratis
1596 517 1819 588 ingenio
1857 533 1922 568 ac
1960 514 2124 569 mori-

414 591 518 644 bus
577 589 715 647 adeo
768 604 886 654 esse
934 594 1333 656 consentanea,
1388 595 1451 640 ut
1502 587 1606 641 hoc
1645 605 1865 657 quoque
1905 586 2122 639 nomine

415 662 595 734 imago
635 662 739 714 viri
776 661 937 732 plane.
976 658 1046 712 ad
1081 659 1267 712 vivum
1305 678 1563 730 expressa
1601 678 1719 713 esse
1762 657 1992 718 iudicari
2030 656 2126 710 de·-

416 734 559 786 beat.
638 731 893 799 Quodsi
931 731 1007 784 ita
1046 738 1163 796 est,
1215 729 1374 783 Plato
1414 730 1659 801 profecto
1699 729 1980 785 Socratem
2015 748 2129 782 una

417 823 583 874 opera
624 813 676 855 et
714 811 776 855 ut
813 801 1199 873 philosophum
1250 809 1414 870 atque
1453 802 1627 854 civem
1666 810 1719 854 et
1755 809 1817 854 ut
1855 808 2126 854 oratorem

420 874 490 927 ad
542 875 717 944 ipsam
765 874 1012 927 veritatis
1069 873 1307 944 speciem
1344 871 1742 945 elegantissime
1783 871 2122 924 deformavit.

416 945 573 999 Haec
618 952 799 1000 autem
848 945 894 999 si
940 963 1066 997 vere
1120 964 1152 997 a
1197 944 1356 998 nobis
1408 950 1535 997 sunt
1587 943 1888 1014 explicata,
1940 942 2127 996 claris-

419 1018 553 1069 sime
605 1030 872 1086 apparere
927 1013 1286 1082 arbitramur,
1344 1015 1678 1086 Apologiam
1716 1013 1962 1069 Socratis
2002 1013 2128 1066 Pla-

416 1089 658 1142 tonicam
706 1107 816 1140 non
867 1102 992 1141 esse'
1035 1101 1198 1159 posse
1249 1087 1328 1140 illi
1366 1086 1574 1158 Lysiae
1633 1085 1869 1139 orationi
1906 1083 2129 1155 opposi-

418 1169 562 1228 tam,
619 1164 800 1228 quamv
835 1159 1217 1220 celeberrimus
1273 1165 1456 1212 orator
1506 1157 1707 1212 dicitur
1755 1156 1972 1212 Socrati
2035 1175 2130 1210 reo

420 1231 712 1298 obtulisse,
766 1238 828 1282 ut
877 1250 996 1283 eam
1047 1229 1318 1284 edisceret
1369 1230 1514 1283 etin
1549 1227 1754 1282 iudicio
1805 1228 1890 1282 sui
1941 1225 2128 1282 defen-

421 1301 587 1355 dendi
626 1303 1138 1370 caussa-recitaret,
1203 1301 1363 1355 sicuti
1413 1307 1719 1354 statuerunt
1755 1301 1825 1354 A.
1864 1298 2131 1352 Bo'eck-

418 1375 577 1428 hius
631 1373 687 1426 in
734 1374 872 1427 Min.
926 1374 1089 1427 Plat..
1125 1393 1178 1444 p.
1225 1372 1339 1426 182.
1394 1380 1449 1425 et
1500 1372 1740 1425 Franc.
1781 1370 2134 1426 Susemihl

421 1444 873 1516 Genet.”Explic.
914 1445 1122 1498 Philos.
1163 1445 1379 1497 Platon.
1418 1443 1544 1498 Vol.
1570 1444 1615 1496 I.
1653 1463 1707 1514 p.
1733 1445 1797 1496 87
1831 1461 1912 1512 sq.
1988 1439 2134 1496 Nam

421 1518 469 1570 si
515 1535 644 1570 vera
693 1525 819 1570 sunt
869 1536 1009 1586 quae
1058 1536 1128 1573 ,ea
1179 1515 1247 1569 de
1304 1534 1362 1568 re
1427 1515 1716 1568 memoriae
1774 1513 2136 1586 prodiderunt

422 1588 649 1642 Cicer.
687 1588 775 1640 De
814 1596 951 1642 orat.
988 1588 1036 1644 VI.
1076 1590 1159 1646 54.
1200 1586 1503 1654 Quintil.
1543 1587 1620 1639 II.
1650 1588 1733 1653 15,
1777 1587 1863 1641 30.
1899 1585 2132 1653 Valet.

420 1660 595 1713 Max.
645 1659 746 1712 VI.
798 1663 847 1712 4.
897 1667 1004 1712 ext.
1048 1660 1096 1712 2.
1155 1658 1516 1712 Plutarch.
1567 1658 1707 1711 Vitt.
1745 1657 1821 1711 X.
1862 1655 2042 1712 Oratt.
2080 1677 2135 1728 p.

422 1734 544 1786 836.
584 1731 650 1784 B.
686 1731 986 1802 Diogen.
1024 1731 1260 1783 Laert.
1303 1731 1374 1783 II.
1415 1732 1534 1798 40.,
1587 1749 1654 1783 ex
1698 1729 1898 1799 quibus
1939 1728 2135 1783 Cicero

421 1810 608 1856 narrat
672 1801 958 1859 Socratem
1009 1802 1308 1874 Lysianam
1371 1802 1672 1855 orationem
1732 1821 1845 1856 non
1905 1801 2138 1855 invitum

418 1874 624 1947 legisse
664 1881 719 1927 et
758 1873 1040 1944 commode
1080 1873 1339 1944 scriptam
1376 1892 1494 1926 esse
1533 1871 1836 1941 iudicasse,
1892 1871 1992 1927 sed
2029 1871 2137 1925 sibi

421 1945 546 1999 ideo
585 1945 788 2005 dixisse
815 1945 993 1999 minus
1025 1964 1145 1998 esse
1181 1943 1541 2012 commodam,
1583 1944 1712 2013 quia
1748 1962 1942 2014 parum
1977 1943 2135 1998 fortis

423 2024 478 2070 et
513 2016 686 2071 virilis
721 2015 1031 2081 videretur3
1071 2027 1218 2070 certe
1245 2015 1414 2073 multa
1453 2024 1596 2081 sunt,
1639 2033 1778 2085 quae
1812 2014 2134 2085 impediant,

426 2089 716 2157 quominus
741 2088 967 2159 Lysiam
1004 2088 1270 2159 imprimis
1309 2087 1550 2140 editione
1587 2086 1902 2158 Apologiae
1924 2105 1974 2139 a
2010 2085 2136 2140 Pla-

423 2167 554 2213 tone
605 2167 854 2213 notatum
909 2167 965 2212 et
1011 2159 1402 2230 reprehensum
1457 2177 1576 2211 esse
1613 2157 1769 2212 nobis
1806 2156 2138 2227 persuadea-

424 2250 559 2285 mus.
650 2230 796 2291 Nam
834 2231 1078 2302 ‘primum
1129 2229 1350 2299 quidem
1399 2229 1678 2301 Apologia
1726 2236 1844 2282 tota
1894 2227 2139 2283 Socratis

423 2303 595 2374 ipsius
645 2302 814 2358 refert
853 2302 1091 2355 animum
1139 2310 1192 2354 et
1249 2302 1559 2373 ingenium,
1611 2319 1712 2354 nec
1762 2319 1892 2354 vero
1955 2298 2139 2353 dedita

426 2393 594 2446 opera
631 2373 700 2427 ad
740 2372 1075 2445 carpendum
1111 2374 1340 2445 Lysiam
1379 2380 1691 2444 comparata
1729 2379 1844 2438 est,
1886 2371 1943 2424 in
1981 2371 2137 2424 cuius

426 2446 673 2499 oratione
723 2446 772 2498 si
826 2445 959 2515 quid
997 2444 1363 2498 desideratum
1404 2444 1535 2511 fuit,
1588 2450 1734 2496 certe
1782 2442 1919 2495 illud
1969 2461 2137 2495 unum

425 2517 596 2570 fuisse
646 2524 929 2584 narratur,
989 2515 1138 2584 quod
1193 2523 1338 2569 esset
1373 2515 1585 2568 mollior
1622 2525 1678 2566 et
1715 2512 2000 2566 delicatior
2037 2533 2137 2567 nec

429 2587 564 2641 satis
604 2588 761 2641 fortis
799 2605 863 2640 ac
900 2587 1090 2640 virilis,
1165 2586 1288 2640 Nec
1335 2605 1464 2638 vero
1518 2585 1631 2638 ullo
1681 2584 1844 2637 modo
1882 2583 2002 2647 fieri
2036 2604 2137 2655 po-

426 2659 563 2727 tuit,
613 2666 706 2725 ut,
773 2659 819 2712 si
869 2657 1114 2714 Socratis
1167 2655 1665 2726 animusfideliter
1727 2655 2134 2726 exprimeretur,

427 2731 589 2783 unius
618 2729 822 2801 Lysiae
862 2748 1059 2783 caussa
1098 2729 1308 2782 colores
1342 2728 1594 2799 imaginis
1633 2726 1949 2798 propositae
1987 2747 2135 2781 mero

430 2801 656 2854 arbitrio
695 2801 1046 2853 variarentur.
1122 2800 1319 2870 Itaque
1357 2800 1446 2853 vel
1483 2799 1624 2852 hanc
1662 2799 1730 2851 ob
1770 2817 2018 2853 caussam
2056 2799 2136 2852 sic

428 2873 612 2943 potius
654 2871 1005 2925 statuendum
1043 2879 1144 2940 est,
1185 2880 1247 2924 ut
1284 2872 1573 2925 Platonem
1612 2889 1928 2925 censeamus
1967 2870 2137 2941 signi-

428 2944 710 3011 ficavisse,
770 2943 1012 2997 Socratis
1063 2944 1327 2998 rationem
1378 2942 1444 2996 ab
1485 2961 1670 2995 eorum
1709 2941 1948 2995 omnium
1973 2960 2135 2994 ‚more

430 3016 602 3068 fuisse
651 3014 953 3082 diversam,
1005 3015 1098 3084 qui
1146 3015 1202 3067 in
1250 3013 1584 3068 orationibus
1637 3012 1984 3066 iudicialibus
2028 3032 2135 3066 -nec

434 3087 712 3140 veritatem
761 3105 940 3139 rerum
993 3093 1250 3139 curarent
1295 3094 1350 3139 et
1405 3085 1586 3139 omnia
1637 3083 1963 3137 artificiosae
2020 3084 2132 3137 elo-

432 3158 686 3227 quentiae
723 3157 1052 3222 tribuerent3
1099 3157 1249 3226 quod
1296 3165 1439 3211 certe
1489 3176 1601 3209 non
1651 3154 1720 3209 ad
1757 3154 1986 3226 Lysiam
2034 3154 2132 3209 sed

431 3227 503 3281 ad
550 3227 837 3286 iudiciales
888 3236 1132 3282 oratores
1172 3247 1358 3282 omnes
1413 3227 1691 3297 pertinuit.
1766 3225 1983 3279 Deinde
2032 3245 2134 3280 nec

432 3300 543 3354 ullo
609 3307 770 3371 pacto
832 3299 1094 3354 credibile
1143 3308 1261 3367 est,
1329 3301 1648 3367 Platonem,
1719 3317 1828 3368 quo
1887 3306 2132 3367 tempore

434 3371 766 3443 Apologiam
805 3371 860 3425 in
898 3371 1075 3425 lucem
1115 3371 1387 3441 publicam
1427 3371 1622 3438 emisit,
1664 3370 1841 3423 animo
1879 3367 2015 3422 adeo
2054 3369 2136 3421 in-
