2158 3718
363 171 506 208 LXVI
971 144 1419 204 PROLE‘GOMENA

355 295 537 349 licitus
574 302 629 347 et
655 293 934 350 ‘communi
980 309 1124 345 more
1174 300 1423 361 receptus
1461 299 1587 343 erat.
1648 290 1810 356 Quod
1847 289 2062 357 quidem

356 368 432 418 ita
467 366 545 430 fit,
592 372 652 416 ut
695 382 803 417 non
852 361 1010 414 modo
1048 361 1376 425 ostendatur,
1424 379 1653 430 quanam
1690 360 1777 413 hic
1813 377 1936 413 cum
1972 359 2062 412 illo

358 436 676 508 cognatione
704 432 1054 494 contineatur,
1094 449 1279 484 verum
1303 432 1461 484 etiarn
1495 438 1768 502 appareat,
1804 434 2064 501 quantum

357 508 498 559 inter
546 511 834 571 utrumque
881 501 1206 554 discriminis
1253 502 1564 555 intercedat.
1629 500 1974 569 Quamquam
1996 499 2064 565 ,id

357 578 514 630 aliter
551 575 831 644 peragitur
875 572 931 624 in
967 571 1234 634 PhaedrO,
1283 571 1440 629 aliter
1476 572 1531 624 in
1570 570 1879 642 Symposio·
1925 569 2065 622 Nam

358 648 415 700 in
451 645 697 699 Phaedro
744 643 959 711 quidem
1009 641 1326 712 simpliciter
1361 643 1651 712 opponitur
1697 654 1845 695 amor
1881 640 2063 694 adole-

361 716 624 770 scentium
660 715 799 766 inter
838 711 1082 766 Graecos
1119 730 1218 782 pro
1256 711 1476 767 honesto
1501 713 1757 783 probatus
1783 711 1964 765 divino
1988 710 2066 764 illi

359 787 543 850 amori,
583 803 687 853 quo
725 793 915 854 pectus
951 781 1257 853 philosophi
1280 782 1453 837 calere
1489 783 1784 847 iudicatum
1820 783 1878 836 in
1903 779 2066 852 Sym-

359 857 511 926 posio
549 863 731 908 autem
767 873 854 907 res
891 854 968 909 ita
1003 852 1316 917 instituitur,
1355 862 1415 906 ut
1451 853 1686 924 vulgaris
1712 853 1926 916 amoriS,
1964 852 2067 905 hoc

360 936 442 980 est
478 926 609 989 eiuS,
657 926 751 994 qui
788 924 951 997 vulgo
987 924 1267 994 regnabat,
1317 924 1497 977 variae
1546 934 1817 993 tamquam
1863 922 2068 992 species

358 997 706 1050 ostendantur
739 995 992 1064 vadeoque
1039 994 1175 1047 varii
1212 1012 1274 1047 ac
1317 995 1640 1066 multiplices
1685 993 1886 1067 gradus
1923 992 2068 1045 desi-

360 1076 615 1140 gnentur,
666 1066 863 1137 quibus
899 1065 1179 1136 paullatim
1215 1066 1373 1133 altius
1411 1065 1480 1118 ad
1515 1065 1684 1118 divini
1719 1062 1916 1117 amoris
1949 1063 2085 1116 lau--

364 1140 488 1191 dem
536 1146 696 1206 atque
742 1136 996 1189 virtutem
1043 1135 1494 1205 escendi>possit,
1549 1135 1693 1204 quod
1740 1133 1959 1203 quidem
1994 1133 2070 1184 ita

362 1211 420 1262 in
454 1207 726 1262 Diotimae
765 1207 1002 1260 oratione
1037 1206 1155 1258 fieri
1191 1206 1548 1260 meminimus.
1604 1204 1716 1260 Sed
1750 1205 1852 1260 hoc
1887 1203 2069 1274 ipsum

366 1278 628 1332 eiusmodi
673 1286 773 1342 est,
823 1285 884 1330 ut
929 1276 1089 1330 etiam
1126 1277 1346 1330 tertium
1381 1276 1638 1346 quiddam
1672 1274 2070 1337 admoneamur,

363 1351 420 1402 in
470 1367 575 1418 quo
616 1345 892 1418 Symposii
944 1355 996 1400 et
1029 1345 1264 1400 Phaedri
1311 1349 1547 1402 cernitur
1590 1344 1927 1400 necessitudo
1962 1363 2071 1398 non

368 1420 585 1490 exigua.
645 1418 789 1471 Nam
837 1417 1052 1486 utrique
1103 1417 1253 1488 operi
1303 1418 1463 1471 etiam
1508 1418 1609 1470 hoc
1655 1434 1932 1471 commune
1970 1423 2069 1478 est,

368 1490 516 1559 quod
551 1507 815 1559 quaenam
853 1488 923 1542 sit
958 1487 1237 1556 utriusque
1263 1488 1458 1542 amoris
1482 1497 1670 1540 mutua
1694 1487 1832 1540 inter
1856 1505 1918 1541 se,
1941 1503 2069 1539 con-

365 1559 568 1614 iunctio
615 1558 914 1613 ostenditur
957 1566 1013 1612 et
1057 1576 1344 1627 quamnam
1391 1576 1540 1613 amor
1575 1557 1788 1612 divinus
1823 1556 1894 1610 ad
1927 1574 2071 1610 mor-

367 1631 526 1684 talem
572 1630 739 1683 vitam
775 1629 886 1683 vim
920 1627 1133 1691 habeat,
1183 1628 1271 1684 vel
1309 1628 1643 1699 significatur
1685 1637 1738 1682 et
1773 1626 2072 1681 ostenditur

369 1701 456 1754 vel
493 1701 656 1754 etiam
691 1699 940 1753 subt-ilius
978 1699 1294 1770 explicatur.
1331 1698 1566 1754 Etenim>
1587 1699 1643 1752 in
1665 1698 1915 1752 Phaedro
1951 1698 2072 1767 qui·-

368 1771 493 1824 dem
538 1770 708 1824 divini
752 1769 948 1824 amoris
991 1770 1226 1823 rationes
1272 1769 1340 1823 ab
1377 1769 1580 1824 ultimis
1614 1777 1930 1845 repetuntur
1969 1768 2072 1822 ini·

370 1841 480 1894 tiis
506 1849 664 1909 atque
707 1841 934 1904 ¹caussiS,
979 1849 1041 1895 ut
1087 1840 1177 1895 ille
1223 1840 1378 1909 quasi
1425 1840 1483 1894 in
1530 1842 1675 1895 coelo
1713 1848 1985 1911 spectetur
2020 1848 2074 1892 et
2150 1857 2157 1861 ·

368 1912 635 1980 quomodo
659 1911 894 1982 desuper
916 1911 973 1963 in
997 1920 1194 1964 terram
1219 1911 1483 1975 deveniat,
1509 1911 1792 1975 doceatur3
1825 1910 1882 1962 in
1908 1909 2071 1979 Sym-

369 1981 522 2052 posio
559 1990 746 2036 contra
782 1981 998 2034 amandi
1021 1980 1288 2050 quaedam
1313 1999 1401 2036 ars
1425 2000 1489 2035 ac
1513 1982 1798 2053 disciplina
1822 1980 2073 2044 traditur,

372 2051 637 2121 siquidem
683 2051 788 2116 ibi,
842 2053 1120 2122 proposita
1167 2052 1335 2107 divini
1382 2053 1577 2106 amoris
1631 2052 1868 2124 imagine
1914 2059 2074 2120 atque

371 2121 610 2175 exhibita
645 2122 841 2176 amoris
876 2122 1100 2177 masculi
1123 2123 1272 2177 varia
1295 2141 1360 2177 ac
1387 2122 1673 2195 multiplici
1698 2122 2073 2192 descriptione,

376 2192 695 2263 explicatur,
723 2211 830 2262 qua
848 2193 937 2245 via
956 2191 1239 2259 etlrati’one
1262 2193 1542 2264 paullatim
1564 2191 1965 2265 procedendum
1988 2191 2076 2254 sit,

371 2281 547 2331 usque
584 2263 714 2318 dum
750 2262 981 2332 denique
1017 2261 1088 2317 ad
1122 2262 1358 2335 plenum,
1394 2264 1669 2335 integrum
1704 2271 1759 2318 et
1787 2261 2074 2317 intamina-

375 2344 490 2386 tum
537 2333 759 2404 perfecti
796 2333 992 2387 amoris
1027 2333 1263 2388 fructum
1297 2335 1642 2406 perveniatur
1676 2334 1733 2388 in
1767 2333 2076 2388 beatissima

372 2422 554 2456 rerum
591 2403 893 2458 divinarum
931 2404 1256 2474 spectatione
1303 2412 1358 2456 et
1393 2404 1834 2476 contemplatione
1869 2402 2074 2474 reposi-

375 2485 504 2526 tum.
568 2471 727 2540 Quae
772 2473 893 2544 quis
939 2482 1022 2527 est
1066 2475 1198 2543 quin
1241 2474 1382 2527 ultro
1417 2475 1680 2547 largiatur
1715 2483 1822 2528 tam
1859 2473 2075 2545 egregie

374 2544 513 2596 inter
555 2544 679 2613 ipsa
722 2543 1030 2607 convenire,
1086 2552 1150 2598 ut
1203 2545 1489 2599 coniuncta
1536 2545 1750 2599 demum
1795 2545 2074 2611 utriusque

373 2613 498 2666 libri
535 2613 896 2682 disputatione
933 2614 1191 2680 amatoria
1226 2613 1466 2668 doctrina
1496 2614 1851 2668 consummari
1887 2622 1942 2666 et
1975 2613 2072 2666 ab·

380 2682 512 2734 solvi
549 2682 826 2736 videatur?
870 2682 1143 2735 Nimirum
1177 2701 1343 2753 quum
1387 2683 1446 2736 in
1478 2683 1725 2737 Phaedro
1761 2682 2075 2737 brevissime

379 2758 586 2802 tantum
622 2750 967 2821 significetur,
1003 2752 1200 2820 quibus
1235 2752 1433 2819 studiis
1467 2752 1677 2807 animus
1711 2753 1877 2807 veluti
1914 2771 2071 2823 prae-

375 2828 594 2889 paretur
631 2829 684 2872 et
717 2820 1028 2896 instituatur
1059 2821 1131 2874 ad
1154 2821 1398 2875 divinum
1421 2841 1652 2877 amorem
1677 2822 2075 2906 suscipiendum

377 2898 536 2958 atque
561 2890 921 2954 nutriendum,
960 2899 1074 2944 tum
1103 2890 1203 2946 hoc
1226 2891 1406 2963 ipsum
1429 2902 1804 2965 argumentum
1826 2913 1885 2947 1n
1912 2892 2074 2964 Sym-

376 2960 527 3030 posio
563 2961 800 3013 omnium
835 2960 1103 3015 uberrime
1139 2962 1454 3017 illustratur.
1489 2964 1585 3017 Ad
1619 2964 1754 3019 haec
1788 2983 1946 3036 porro
1983 2983 2074 3017 ac-

378 3029 543 3086 cedit'
567 3030 727 3084 etiam
772 3030 918 3084 aliud
952 3032 1099 3101 quid.
1154 3032 1257 3086 Est
1303 3034 1447 3087 enim
1481 3035 1761 3104 utriusque
1798 3035 1985 3105 operis
2013 3052 2076 3087 ea

376 3100 511 3182 ratio
547 3109 708 3171 atque
746 3101 1113 3166 conformatiO,
1150 3113 1212 3156 ut
1241 3105 1382 3158 celso
1405 3105 1481 3158 illi
1505 3124 1570 3160 ac
1592 3106 1833 3177 perfecto
1860 3105 2072 3176 sapien-

378 3178 484 3224 tiae
519 3171 685 3225 amori
723 3190 899 3225 comes
937 3191 1000 3227 ac
1038 3174 1182 3228 socia
1218 3175 1401 3229 addita
1437 3176 1506 3229 sit
1536 3176 1836 3239 dialectiea,
1883 3175 1970 3229 cui
2007 3192 2073 3227 ex

378 3240 606 3295 adverso
655 3241 940 3297 collocatur
994 3262 1081 3297 ars
1128 3244 1234 3297 ista
1281 3247 1512 3300 oratoria
1556 3257 1716 3315 atque
1766 3244 2072 3317 sophistica,
2128 3295 2139 3301 ,

379 3329 514 3381 quae
553 3330 716 3380 quum
755 3314 1045 3385 sapientiae
1084 3316 1315 3385 speciem
1353 3334 1481 3386 prae
1531 3335 1587 3371 se
1623 3317 1757 3370 ferat
1792 3315 2071 3384 haudqua-
