2158 3718
753 145 834 181 AD
875 145 1237 184 SYMPOSIUM.
1654 149 1846 187 Lxxm

148 279 236 322 tur
273 287 380 324 non
414 270 631 340 quidem
665 270 722 323 in
745 269 1048 325 Pausaniae
1084 270 1349 329 attributa
1373 271 1630 334 oratione,
1671 275 1766 326 sed
1789 275 1845 327 in

149 359 228 405 ea,
279 359 439 410 quam
474 340 721 394 Phaedro
759 340 1058 412 adscripsit,
1105 349 1167 399 ut
1203 342 1290 395 vel
1327 340 1420 405 sic,
1459 360 1544 401 ne,
1563 341 1845 397 Platonem

146 411 532 481 reprehendere
577 409 646 464 ab
684 411 930 464 omnibus
977 411 1483 482 deprehenderetur,
1532 411 1844 483 Xenophon

145 481 478 550 aliquatenus
516 481 731 544 caverit,
781 481 866 534 vel
910 482 1064 534 aliter
1103 482 1364 553 scriptum
1397 480 1638 536 Platonis
1677 482 1840 552 Sym-

142 552 353 621 posium
388 550 639 604 habuisse
663 551 983 605 iudicandus
1021 552 1106 618 sit,
1143 552 1202 604 id
1224 552 1366 622 quod
1393 571 1495 624 ego
1522 571 1643 605 cum
1668 552 1841 607 Athe-

143 639 278 675 naeo
314 621 511 677 sentire
547 621 746 686 malim,
783 639 944 690 quam
978 622 1111 676 haec
1151 641 1221 683 ,ex
1259 631 1369 676 toto
1407 642 1438 675 a
1475 621 1842 693 Xenophonte

142 690 376 746 conficta.
411 709 530 745 esse
579 710 700 745 cum
737 692 925 745 eodem
960 690 1236 749 Athenaeo
1282 710 1538 757 asserere,
1584 711 1750 762 quum
1785 694 1842 747 in

139 759 376 818 Phaedri
422 761 639 830 quidem
683 763 915 816 oratione
963 763 1139 833 palam
1181 762 1495 828 habeantur,
1549 764 1646 826 sed
1688 763 1839 819 testi-

139 830 316 884 monia
334 839 528 888 ,tamen
567 832 634 885 de
673 831 945 885 Thebanis
984 833 1095 886 sive
1133 831 1354 887 Boeotis
1380 842 1538 902 atque
1562 833 1716 888 Eleis
1741 835 1838 887 ad-

138 899 299 954 ducta
334 901 390 954 in
426 901 546 972 ipsa
568 901 868 956 Pausaniae
892 904 1129 957 oratione
1152 903 1456 975 legantur.''
1495 903 1653 957 Haec
1667 905 1690 956 -i
1735 905 1841 958 'tur

139 967 468 1025 Cornariu
484 991 524 1025 8.
547 972 731 1026 Locus
750 972 1231 1044 Xenophontis
1262 982 1341 1027 est
1361 971 1551 1044 Symp.
1571 973 1655 1027 VI
1717 1015 1728 1027 .
1749 976 1838 1028 32.

137 1042 296 1093 καίτοι
322 1041 606 1098 Παυσανίας
631 1043 704 1106 δέ,
732 1044 757 1094 ὁ
776 1040 1072 1109 Ἀγάθωνος
1096 1048 1185 1095 τοῦ
1213 1049 1420 1111 ποιητοῦ
1451 1045 1675 1114 ἐραστής,
1705 1046 1835 1096 ἀπο-

135 1111 440 1179 λογούμενος
494 1112 617 1180 ὑπὲρ
672 1118 769 1162 τῶν
829 1113 1041 1181 ἀκρασίᾳ
1086 1113 1570 1181 συγκυλινδουμένων
1623 1114 1834 1183 εἴρηκεν,

137 1181 205 1235 ὥς
229 1181 312 1232 καὶ
339 1183 624 1251 στράτευμα
652 1182 995 1249 ἀλκιμώτατον
1024 1182 1080 1233 ἄν
1106 1182 1296 1249 γένοιτο
1326 1184 1382 1235 ἐκ
1407 1184 1644 1235 παιδικῶν
1671 1204 1726 1235 τε
1752 1186 1835 1236 καὶ

135 1248 357 1319 ἐραστῶν
375 1270 388 1284 ·
422 1251 630 1308 τούτους
663 1251 756 1321 γὰρ
785 1251 842 1303 ἄν
872 1250 970 1322 ἔφη
998 1252 1194 1305 οἴεσθαι
1221 1254 1432 1319 μάλιστα
1461 1253 1713 1305 αἰδεῖσθαι
1741 1255 1832 1306 ἀλ-

132 1320 313 1389 λήλους
339 1322 652 1373 ἀπολείπειν·
678 1322 950 1390 θαυμαστὰ
974 1322 1150 1389 λέγων,
1179 1322 1232 1374 εἴ
1247 1342 1305 1390 γε
1329 1325 1373 1374 οἱ
1394 1323 1551 1394 ψόγου
1572 1342 1626 1374 τε
1650 1325 1834 1394 ἀφρον-

131 1393 308 1442 τιστεῖν
345 1393 427 1444 καὶ
457 1392 792 1461 ἀναισχυντεῖν
819 1393 938 1462 πρὸς
966 1394 1210 1461 ἀλλήλους
1236 1393 1534 1461 ἐθιζόμενοι,
1564 1393 1700 1445 οὖτοι
1731 1396 1831 1462 μοί-

131 1460 271 1511 λιστα
298 1461 610 1530 αἰσχύνονται
637 1461 838 1530 αἰσχρόν
865 1482 908 1513 τι
926 1466 1102 1514 ποιεῖν.
1128 1463 1210 1515 καὶ
1239 1464 1486 1532 μαρτύρια
1515 1464 1571 1514 δὲ
1593 1463 1830 1532 ἐπήγετο,

131 1531 200 1586 ὡς
232 1535 390 1582 ταῦτα
418 1531 688 1599 ἐγνωκότες
715 1533 812 1584 εἷεν
846 1533 929 1584 καὶ
956 1531 1171 1603 Θηβαῖοι
1195 1534 1276 1585 καὶ
1295 1530 1507 1586 Ἠλεῖοι.
1546 1535 1828 1601 συγκαθεό..

131 1600 304 1669 ὃοντας
340 1605 459 1669 γοῦν
494 1603 661 1659 αὐτοῖς
697 1602 833 1671 ὅμως
865 1604 1271 1672 παρατάττεσθαι
1310 1602 1408 1674 ἔφη
1443 1605 1505 1655 τὰ
1531 1605 1733 1656 παιδικὰ
1761 1606 1830 1662 εἰς

128 1670 207 1721 τὸν
249 1671 435 1738 ἀγῶνα,
473 1672 617 1724 οὐδὲν
657 1678 804 1724 τοῦτο
842 1676 1046 1741 σημεῖον
1080 1673 1239 1741 λέγων
1275 1673 1473 1742 ὅμοιον·
1512 1673 1713 1731 ἐκείνοις
1739 1675 1826 1744 μὲν

126 1740 221 1810 γὰρ
247 1746 405 1795 ταῦτα
430 1742 632 1811 νόμιμα,
657 1744 771 1811 ἡμῖν
794 1743 838 1793 δ’
862 1743 1187 1795 ἐπονείδιστα.
1229 1741 1444 1809 Quibus
1468 1744 1650 1798 verbis
1677 1746 1827 1814 carpi

127 1809 378 1864 dicuntur
436 1830 573 1881 quae
617 1812 770 1866 Plato
815 1812 1062 1866 Phaedro
1109 1814 1352 1867 attribuit
1440 1853 1452 1866 .
1494 1816 1613 1867 178.
1651 1814 1722 1867 E.
1773 1825 1827 1868 et

123 1879 422 1936 Pausaniae
457 1882 723 1937 Platonici
759 1882 926 1936 verba
962 1903 1015 1954 p.
1046 1885 1164 1937 182.
1189 1884 1258 1935 A.
1300 1833 1436 1937 Sedp
1450 1884 1681 1953 primum
1704 1886 1823 1953 qui-

125 1950 247 2004 dem
290 1952 531 2007 mirabile
575 1962 674 2017 est,
717 1953 879 2023 quod,
925 1972 1063 2023 quae
1108 1973 1141 2005 a
1171 1953 1393 2007 Platone
1427 1954 1675 2007 Phaedro
1722 1955 1818 2007 ad-

104 2022 326 2092 scripta
363 2032 503 2088 sunt,
542 2043 606 2077 ea
629 2024 697 2078 ab
723 2024 1084 2094 Xenophonte
1107 2023 1408 2078 Pausaniae
1445 2033 1566 2077 sunt
1592 2023 1819 2078 tributa:

122 2093 266 2146 unde
305 2091 677 2148 Cornarius
715 2114 836 2148 cum
872 2095 1219 2148 Athenaeo
1255 2094 1325 2148 V.
1365 2114 1417 2164 p.
1458 2095 1578 2147 216.
1603 2095 1670 2147 Ε.
1698 2114 1819 2148 con-

121 2162 247 2215 iecit
280 2163 444 2218 Xeno
483 2164 701 2217 hontem
722 2164 962 2218 Platonis
990 2163 1336 2234 Symposium
1374 2165 1524 2218 aliter
1562 2166 1819 2234 scriptum

120 2232 389 2287 habuisse.
503 2234 657 2287 einde
707 2253 842 2303 quae
877 2235 1171 2288 Pausanias
1219 2235 1284 2287 de
1323 2234 1543 2288 Boeotis
1582 2244 1636 2288 et.
1670 2236 1818 2288 Eleis

121 2302 314 2358 dicitur
349 2305 669 2370 narravisse,
709 2324 894 2358 eorum
929 2306 1072 2376 apud
1108 2305 1390 2358 Platonem
1425 2324 1525 2376 nec
1561 2306 1682 2358 vola
1717 2324 1818 2359 nec

119 2373 408 2444 vestigium
463 2383 612 2428 extat
630 2415 646 2439 ,
703 2376 849 2445 apud
901 2393 1060 2444 quem
1103 2375 1402 2428 Pausanias
1455 2375 1555 2429 hoc
1609 2384 1817 2428 tantum

119 2443 266 2508 dicit,
313 2445 530 2498 differre
569 2446 711 2499 circa
746 2464 980 2513 amorem
1028 2446 1300 2499 civitatum
1336 2464 1530 2511 mores,
1570 2446 1812 2514 adeoque

117 2513 385 2585 improbat
419 2515 674 2569 Eleorum
718 2535 782 2569 ac
819 2514 1197 2569 Thebanorum
1241 2516 1502 2579 instituta,
1552 2525 1815 2585 quatenus

117 2594 343 2657 vergant
389 2586 458 2638 ad
501 2586 809 2639 lubidinem.
864 2585 954 2638 Ex
1000 2585 1196 2656 quibus
1233 2604 1565 2656 consequens
1603 2595 1701 2650 est,
1753 2596 1815 2639 ut

117 2653 425 2725 Xenophon
462 2657 531 2709 ad
565 2656 810 2710 Platonis
849 2654 1198 2726 Symposium
1233 2657 1445 2710 omnino
1481 2676 1589 2710 non
1624 2675 1810 2726 respec-

114 2725 271 2787 xerit,
292 2727 436 2795 quod
454 2727 617 2781 miror
635 2727 973 2798 praeteriisse
995 2725 1206 2797 CanoF
1219 2745 1260 2779 r.
1279 2726 1811 2797 Hermannum*),

113 2795 207 2863 qui
250 2795 666 2868 Xenophontem
722 2805 901 2851 censet
952 2798 1210 2852 memoria
1253 2798 1466 2867 lapsum
1511 2797 1809 2851 Pausaniae

117 2865 365 2920 tribuisse
401 2886 539 2936 quae
577 2887 610 2920 a
632 2867 858 2921 Platone
882 2868 1128 2922 Phaedro
1154 2877 1334 2939 essent
1370 2868 1653 2939 adscripta.
1692 2867 1806 2921 Ve-

114 2954 235 2987 rum
281 2936 386 2988 iam
430 2938 632 2990 dudum
677 2937 1060 2992 Boeckhius
1106 2936 1256 2992 vidit.
1329 2938 1446 2991 Iam
1493 2938 1538 2990 si
1575 2939 1806 3007 quaeriS,

115 3023 369 3071 quorsum
417 3006 726 3077 Xenophon
772 3008 1095 3077 respexerit,
1144 3027 1250 3061 non
1298 3028 1513 3078 possum
1562 3009 1806 3077 equidem

115 3074 464 3127 Friderico
518 3076 901 3129 Thierschio
964 3078 1213 3131 accedere
1278 3078 1513 3132 libellum
1577 3079 1802 3144 aliquem

114 3145 424 3198 amatorium
481 3145 782 3200 Pausaniae
838 3147 1080 3207 extitisse
1137 3148 1495 3212 existimanti,
1554 3147 1691 3200 unde
1751 3157 1801 3197 et

169 3302 211 3353 *1
250 3291 302 3345 'L.
337 3319 369 3344 c.
403 3317 440 3357 p.
475 3305 573 3346 vn.
