2158 3718
785 127 865 171 AD
899 120 1317 171 PHAEDONEM.
1862 126 1931 179 29

160 273 487 336 pretabimur,
544 277 596 320 ut
638 270 888 321 Platonem
943 271 1162 320 dicamus
1205 271 1528 334 significasse,
1580 270 1712 335 quod
1762 272 1934 335 optimi

160 347 396 408 cuiusque
434 357 604 392 sensus
641 347 932 405 auguratur,
971 343 1197 391 iustitiam
1236 342 1445 390 divinam
1485 340 1742 405 aliquando
1770 342 1934 389 virtuti

160 423 304 477 atque
341 413 515 462 sceleri
550 428 635 462 sua
674 414 889 475 praemia
929 428 1034 460 esse
1072 411 1368 460 tributuram
1412 411 1619 474 ideoque
1656 412 1931 460 animorum

159 485 592 547 sempiternitatem
629 498 719 546 pro
747 490 879 531 certa
909 489 956 531 et
980 482 1176 532 indubia
1204 485 1323 546 poni
1348 482 1559 531 iussisse.

299 556 455 617 Atque
483 554 605 602 haec
631 552 827 617 quidem
858 568 970 601 cum
995 554 1060 602 ita
1087 569 1194 603 sese
1220 553 1446 608 habeant,
1475 552 1616 601 nobis
1643 558 1777 601 certe
1802 551 1933 600 nulla

160 640 217 673 ex
253 630 397 687 parte
428 624 617 672 videtur
654 623 856 672 dubium
883 638 1023 680 esse,
1064 624 1177 688 quid
1214 623 1530 687 philosophus
1567 625 1615 671 in
1649 623 1744 671 hoc
1782 637 1934 686 opere

159 694 500 757 componendo
549 694 842 757 spectavisse
895 693 1244 742 existimandus
1294 695 1367 742 sit.
1454 694 1752 742 Referuntur
1805 695 1931 741 enim

159 765 321 813 omnia
370 765 580 826 denique
624 764 681 812 ad
728 763 1067 813 illustrandam
1113 764 1597 829 confirmandamque
1640 764 1932 812 sententiam

158 835 219 884 de
245 834 607 884 immortalitate
628 836 918 892 animorum,
944 850 1068 899 quae
1096 850 1204 883 cum
1235 834 1498 883 dialecticis
1525 834 1935 897 disputationibus

162 921 220 954 ex
243 905 532 954 condicione
560 912 607 954 et
632 910 806 953 natura
832 906 980 953 animi
1006 905 1165 953 ductis
1192 906 1251 953 ad
1279 905 1627 954 evidentiorem
1655 906 1834 954 mentis
1860 907 1934 953 111-

161 975 488 1037 tellegentiam
516 982 564 1024 et
590 976 917 1038 cognitionem
942 975 1227 1037 explicetur,
1266 982 1368 1023 tum
1398 981 1445 1024 et
1472 976 1685 1024 Socratis
1711 974 1935 1039 exemplo

160 1053 208 1094 et
234 1045 663 1110 praeceptionibus
691 1045 749 1093 ad
770 1046 962 1093 virtutis
990 1053 1037 1093 et
1058 1045 1326 1108 sapientiae
1354 1045 1657 1108 disciplinam
1683 1047 1934 1110 pertinen-

161 1116 289 1166 tibus
315 1116 376 1164 ad
403 1117 690 1164 interiorem
721 1116 870 1164 animi
896 1115 1214 1164 confisionem
1242 1115 1293 1163 fit
1319 1115 1570 1165 illustrior.

299 1186 402 1235 Alia
440 1193 601 1235 autem
637 1187 854 1249 quaestio
881 1195 978 1243 est,
1015 1185 1310 1250 quibusnam
1332 1186 1399 1236 -de
1428 1188 1584 1235 causis
1611 1185 1935 1250 philosophus

160 1258 381 1306 animum
416 1257 475 1305 ad
513 1256 866 1305 conficiendam
892 1256 1019 1305 lianc
1047 1257 1362 1320 scriptionem
1390 1257 1636 1306 adiecerit.
1688 1257 1760 1306 Ad
1787 1273 1933 1321 quam

161 1328 278 1391 quid
321 1328 725 1391 respondeamuS,
772 1328 820 1374 in
852 1334 1063 1390 >promtu
1109 1327 1362 1376 habemus.
1428 1327 1649 1376 Dubitari
1694 1329 1821 1377 enim
1858 1330 1932 1376 vix

159 1404 346 1463 potest,
385 1400 502 1462 quin
537 1396 674 1446 Plato
710 1403 865 1446 totum
903 1398 1036 1446 hunc
1072 1397 1411 1461 philosophiae
1451 1397 1639 1455 locum,
1669 1399 1750 1462 qui
1778 1404 1851 1447 est
1875 1399 1934 1447 de

160 1468 545 1526 immortalitate,
583 1468 671 1517 sibi
713 1477 976 1532 propterea
1002 1467 1236 1532 singulari
1271 1468 1430 1517 studio
1468 1469 1775 1518 tractandum
1803 1484 1935 1518 sum·

162 1541 305 1605 serit,
346 1539 474 1604 quod
515 1554 658 1587 omne
696 1539 946 1588 doctrinae
984 1555 1100 1588 suae
1137 1539 1412 1588 aedificium
1450 1538 1591 1588 facile
1619 1539 1826 1604 pervidit
1853 1539 1934 1587 ad-

162 1609 362 1658 modum
387 1609 633 1658 infirmum
672 1609 778 1658 fore
795 1650 806 1665 ‚
851 1609 945 1658 nisi
972 1609 1031 1658 de
1060 1611 1337 1658 animorum
1364 1610 1730 1659 immortalitate
1756 1612 1936 1659 certius

162 1686 425 1729 constaret.
480 1680 720 1738 Quocirca
747 1680 1000 1729 Phaedoni
1035 1682 1337 1744 propositam
1366 1695 1474 1729 esse
1502 1681 1726 1729 dicemus
1753 1681 1935 1728 doctri-

161 1766 252 1799 nae
280 1752 339 1800 de
365 1751 643 1799 animorum
668 1750 1038 1800 immortalitate
1066 1751 1511 1808 confirmationem,
1551 1767 1747 1801 causam
1773 1757 1935 1799 autem

162 1822 472 1884 primariam,
511 1837 598 1870 cur
633 1820 748 1869 libri
773 1822 1048 1885 gravissimi
1074 1822 1273 1886 scriptio
1310 1822 1568 1887 aliquando
1606 1829 1833 1885 suscepta
1860 1823 1934 1879 sit,

162 1894 213 1940 in
250 1907 308 1941 eo
345 1893 551 1955 positam
588 1907 718 1951 esse,
757 1892 884 1956 quod
913 1892 1233 1955 philosophus
1259 1893 1515 1942 universae
1544 1892 1793 1942 doctrinae
1820 1907 1935 1940 suae

163 1964 401 2011 rationem
423 1964 528 2010 sine
554 1961 929 2012 immortalitatis
951 1963 1322 2011 confirmatione
1342 1962 1476 2012 nullo
1498 1963 1644 2011 modo
1665 1964 1935 2011 consistere

164 2048 307 2096 posse
351 2033 544 2098 penitus
588 2033 681 2082 sibi
723 2040 1047 2097 persuaserat.
1101 2031 1242 2089 Quod
1287 2039 1448 2082 tamen
1482 2040 1746 2097 utrumque
1781 2032 1936 2098 probe

165 2103 547 2152 discernendum
576 2119 667 2152 nec
691 2109 879 2153 temere
909 2104 1307 2153 confundendum
1336 2120 1441 2154 6556
1467 2103 1634 2168 liquet.

878 2315 1108 2357 CAPUT
1146 2317 1224 2357 IV.

165 2414 554 2465 DISPUTATUR
586 2415 665 2464 DE
691 2415 857 2464 ARTE
883 2415 963 2464 ET
992 2414 1454 2465 COMPOSlTlONE
1482 2414 1727 2473 OPERIS,
1767 2415 1937 2474 QUOD

165 2485 367 2535 PLANE
418 2487 499 2535 AD
547 2485 943 2535 TRAGOEDIAE
991 2485 1275 2536 ALICUIUS
1322 2486 1664 2536 EXEMPLUM
1704 2486 1936 2536 COMPO-

689 2557 877 2607 SITUM
917 2557 1068 2606 ESSE
1107 2556 1413 2606 DOCETUR.

307 2669 602 2719 Admirabile
637 2686 752 2719 sane
789 2671 952 2734 operis
988 2671 1245 2719 artificium
1273 2671 1513 2734 imprimis
1538 2672 1586 2718 in
1617 2687 1674 2719 eo
1702 2672 1935 2722 cernitur,

168 2741 296 2805 quod
324 2741 667 2805 philosophus,
699 2741 813 2790 dum
841 2741 885 2790 id
914 2743 1036 2803 egit,
1065 2748 1118 2790 ut
1143 2743 1431 2790 sententiam
1461 2742 1518 2790 de
1547 2744 1820 2790 animorum
1847 2742 1936 2788 im-

170 2810 487 2867 mortalitate,
517 2819 752 2875 quantum
779 2813 885 2861 fieri
911 2818 1103 2875 posset,
1133 2812 1470 2867 confirmaret,
1508 2811 1652 2860 simul
1679 2814 1821 2860 etiam
1850 2811 1936 2860 So-

169 2888 353 2931 cratem
382 2897 491 2930 eum
520 2882 753 2944 produxit
787 2884 835 2930 in
861 2882 1101 2938 medium,
1131 2884 1214 2947 qui
1242 2884 1334 2930 vim
1361 2882 1474 2931 fidei
1500 2885 1551 2931 111
1578 2882 1938 2931 immortalitate

169 2954 446 3001 animorum
473 2951 737 3001 collocatae
765 2953 987 3016 exemplo
1015 2968 1103 3001 suo
1139 2953 1261 3002 adeo
1290 2953 1449 3016 palam
1476 2955 1660 3002 faceret
1686 2959 1733 3001 et
1768 2954 1833 3001 ita
1862 2968 1937 3000 re—

170 3029 535 3087 praesentaret,
575 3029 628 3070 nt
652 3021 787 3072 illum
812 3024 929 3072 dum
955 3025 1206 3072 intuemur
1236 3025 1389 3072 vivam
1414 3026 1678 3088 imaginem
1707 3025 1938 3086 sapientis

171 3109 306 3156 spem
334 3092 710 3142 immortalitatis
737 3093 864 3143 velut
899 3093 1176 3142 medullitus
1216 3100 1311 3143 tam
1342 3102 1506 3144 mente
1534 3102 1581 3143 et
1607 3093 1936 3157 intellegentia

171 3180 316 3227 quam
353 3165 514 3211 animo
554 3169 601 3211 et
635 3179 780 3212 sensu
819 3165 1058 3228 complexi
1106 3180 1310 3213 cernere
1347 3166 1613 3214 videamur.
1665 3163 1798 3220 Quae
1835 3166 1935 3225 ipsa

173 3250 252 3283 res
301 3236 498 3282 criticos
542 3235 756 3282 novicios
800 3235 920 3283 adeo
967 3243 1269 3285 transversos
1308 3238 1426 3298 egit,
1466 3244 1517 3284 ut
1552 3238 1597 3283 in
1637 3234 1937 3283 aestimando

174 3306 336 3368 operis
373 3306 623 3367 proposito
662 3305 890 3365 sapientis
919 3320 1176 3368 personam
1206 3307 1363 3369 potius
1390 3322 1534 3370 quam
1564 3303 1938 3353 immortalitatis

174 3378 410 3423 rationem
450 3375 762 3438 spectandam
813 3391 917 3423 esse
955 3383 1197 3438 putarent.
1260 3378 1317 3424 At
1354 3380 1481 3424 enim
1524 3392 1638 3423 vero
1677 3382 1937 3435 utrumque

176 3461 267 3495 uua
308 3445 574 3509 eademque
612 3460 758 3509 opera
797 3462 820 3492 a
859 3447 1098 3509 scriptore
1144 3453 1217 3494 est
1262 3449 1530 3510 perfectum
1570 3445 1936 3507 elegantissime,
