2158 3718
0 3404 37 3718 -s‘e‘fw

782 151 863 194 AD
897 149 1316 194 PHAEDONEM.
1857 145 1923 198 67

152 313 261 348 esse
289 293 686 356 controversia¹).
747 293 940 342 Etenim
977 291 1216 342 oriundus
1251 288 1344 340 'fuit
1368 289 1664 339 Echecrates
1689 285 1923 352 Locris2).

153 369 251 419 Sed
278 381 551 430 cognomen
578 364 774 414 Phliasii
799 363 939 419 inde,
970 365 1170 427 opinor,
1198 363 1412 424 accepit,
1442 359 1572 425 quod
1597 358 1764 407 relicta
1792 357 1927 407 ltalia

151 437 391 487 inferiore
415 451 582 486 rerum
610 450 809 483 suarum
845 435 1012 483 sedem
1040 449 1096 482 ac
1122 431 1421 481 domicilium
1449 429 1745 494 aliquamdiu
1770 435 1929 478 trans-

152 509 265 559 tulit
288 507 590 561 Phliuntem,
629 504 803 554 urbem
832 505 1109 569 Sicyoniae,
1148 517 1244 551 non
1272 501 1445 565 procul
1472 500 1533 549 ab
1560 500 1743 549 Isthmo
1770 501 1927 556 sitam,

156 581 236 629 cui
262 579 471 627 fortasse
496 576 607 625 ideo
634 575 816 640 aliquid
842 574 1214 624 necessitudinis
1241 588 1351 621 cum
1373 571 1693 637 Pythagoreis
1720 571 1931 619 interce-

156 650 317 705 debat,
345 649 458 711 quia
483 647 722 695 Pausania
737 643 774 708 3)
803 651 924 694 teste
951 645 1018 694 ibi
1044 650 1185 694 natus
1211 651 1316 693 erat
1341 643 1598 706 HippasuS,
1626 641 1931 705 Pythagorae

154 734 382 784 proavuS,
411 725 459 766 et
482 719 587 780 ipse
614 731 809 780 quoque
834 715 1136 781 Pythagoras
1156 730 1245 779 per
1266 713 1461 776 aliquod
1483 719 1677 775 tempus
1701 711 1769 760 ibi
1797 725 1931 759 com-

156 796 375 839 moratus
410 785 587 851 erat4),
625 787 754 836 unde
791 788 938 836 etiam
975 787 1055 834 hic
1092 801 1117 834 a
1154 783 1403 832 nonnullis
1417 782 1452 847 5)
1481 781 1721 840 Phliasius
1748 787 1818 830 est
1845 797 1930 845 ap-

156 859 379 924 pellatus.
430 861 499 908 Ac
524 858 630 906 fieri
655 864 842 920 potest,
870 863 925 907 ut
947 859 1090 905 etiam
1118 855 1438 910 EchecrateS,
1463 853 1605 902 sicuti
1630 851 1933 917 Pythagoras

155 945 368 996 proavos
394 928 625 978 habuerit
649 928 901 982 Phliasios,
931 942 956 975 a
984 925 1162 989 quibus
1186 924 1427 974 Phliasius
1453 925 1515 972 sit
1541 924 1930 986 cognominatus,

157 1001 255 1051 Sed
290 1002 381 1049 ista
418 999 612 1064 quidem
649 1003 757 1046 utut
792 1013 843 1046 se
881 996 1085 1052 habent,
1123 994 1237 1043 illud
1275 1002 1408 1042 certe
1441 994 1546 1058 ipso
1573 992 1774 1041 Platone
1812 998 1936 1042 teste

157 1077 464 1134 compertum
505 1068 740 1123 habetur,
788 1082 900 1116 eum
936 1082 1032 1130 quo
1064 1074 1286 1128 tempore
1321 1064 1548 1113 Socrates
1594 1063 1686 1111 vita
1730 1063 1938 1111 excessit

156 1148 407 1190 recentem
460 1138 723 1187 admodum
771 1137 923 1186 fuisse
972 1135 1210 1185 Phliuntis
1258 1134 1483 1183 incolam.
1566 1133 1936 1183 Accuratiorem

158 1212 290 1260 enim
334 1215 416 1259 aut
458 1207 786 1273 Peloponnesi
829 1215 912 1256 aut
952 1222 1121 1256 rerum
1164 1206 1433 1254 Atticarum
1470 1219 1568 1253 non
1605 1203 1775 1252 habuit
1810 1204 1937 1252 noti-

158 1283 275 1331 tiam
291 1278 354 1345 6),
393 1280 522 1343 quod
559 1278 781 1342 profecto
818 1279 994 1327 mirum
1023 1278 1072 1326 in
1100 1292 1158 1325 eo
1184 1275 1390 1325 deberet
1415 1275 1667 1331 accidere,
1698 1275 1779 1338 qui
1804 1273 1936 1323 Phli-

158 1361 278 1402 unte
315 1356 398 1399 aut
431 1355 573 1398 natus
610 1355 657 1398 et
692 1349 926 1398 educatus
963 1354 1091 1396 esset
1127 1352 1208 1396 aut
1244 1346 1416 1395 saltem
1462 1346 1643 1394 diutius
1686 1344 1756 1392 ihi
1791 1346 1937 1392 vitam

160 1423 388 1485 degisset.
441 1419 684 1477 Quocirca
723 1421 794 1468 sic
829 1419 1018 1467 videtur
1046 1418 1311 1466 existimari
1338 1423 1585 1479 oportere,
1614 1421 1667 1464 ut
1692 1415 1936 1463 Echecra-

159 1500 261 1542 tem
288 1493 417 1541 circa
442 1490 559 1539 illud
586 1497 805 1554 tempuS,
836 1504 931 1553 quo
959 1489 1188 1538 Socrates
1215 1493 1423 1535 mortem
1450 1486 1622 1542 subiit,
1661 1485 1938 1535 Phliuntem

161 1563 561 1624 commigravisse
596 1566 879 1609 statuamus
933 1559 1067 1617 Quae
1104 1558 1303 1622 quidem
1340 1557 1674 1620 commigratio
1713 1571 1800 1605 cur
1837 1561 1939 1604 tum

161 1633 223 1683 ab
252 1648 310 1682 eo
336 1637 560 1696 suscepta
586 1631 660 1687 sit,
689 1630 819 1679 haud
847 1645 963 1679 sane
993 1627 1248 1694 constat7).

278 1786 319 1839 1)
351 1787 573 1827 Diversus
605 1788 675 1826 est
704 1785 843 1837 plane
875 1785 931 1825 ab
964 1784 1224 1824 Echecrate
1257 1782 1578 1835 adolescente,
1612 1783 1738 1823 cuius
1769 1781 1942 1822 mentio

162 1843 214 1884 fit
242 1844 394 1897 Epist.
423 1843 543 1883 Plat.
576 1841 658 1882 IX.
694 1842 752 1881 ad
782 1842 1028 1893 Archytam
1059 1842 1232 1893 scripta
1264 1853 1306 1891 p.
1341 1841 1423 1880 358
1446 1840 1500 1880 B.

277 1899 321 1952 2)
355 1899 453 1943 Cic.
483 1900 554 1939 De
585 1897 659 1940 fin.
690 1898 743 1946 V,
777 1900 844 1939 29.
896 1898 1001 1940 Val.
1034 1898 1157 1938 Max.
1189 1897 1315 1947 VIII,
1349 1898 1388 1946 7,
1422 1899 1462 1937 3.

277 1959 302 1998 3
352 1957 413 2005 II,
448 1957 517 1996 14.

275 1956 321 2065 43
354 2012 450 2052 Cic.
491 2012 626 2052 Tusc.
666 2013 726 2062 V,
761 2013 800 2052 3.
833 2012 873 2052 4.
924 2010 1061 2063 Diog.
1100 2010 1153 2049 L.
1194 2022 1393 2062 prooem.
1429 2010 1495 2050 12.
1534 2008 1667 2057 VIII,
1702 2010 1739 2050 1.
1782 2008 1941 2060 ibique

161 2070 283 2111 inter
317 2083 353 2110 r.

278 2083 322 2178 ἕ)
353 2126 491 2166 Paus.
522 2125 583 2176 ΙΙ,
618 2127 684 2165 13.
717 2125 873 2176 Lycus
907 2122 1024 2176 apud
1054 2121 1276 2175 Porphyr.
1307 2121 1403 2161 Vit.
1435 2120 1571 2172 Pyth.
1604 2122 1643 2161 5.
1675 2120 1810 2161 Diod.
1843 2119 1940 2163 Sic.

165 2183 383 2235 Excerpt.
416 2180 569 2223 Vales.
601 2195 645 2233 p.
679 2182 761 2221 554
794 2180 862 2220 ed.
894 2179 1092 2220 Wessel.

280 2238 324 2289 6)
356 2238 540 2290 Proleg.
575 2250 674 2289 cap.
706 2237 760 2278 V.
791 2236 893 2275 init.
926 2248 1031 2288 pag.
1054 2236 1122 2275 34.

281 2294 324 2345 7)
354 2293 474 2334 Illud
502 2298 659 2333 tamen
690 2306 745 2332 ex
783 2293 883 2344 ipso
912 2291 1123 2331 Platonis
1155 2289 1399 2330 Phaedone
1441 2289 1768 2339 condiscimus,
1803 2289 1942 2328 etiam

166 2351 427 2391 Philolaum
465 2362 556 2390 non
593 2349 736 2388 multo
778 2352 884 2388 ante
917 2347 1124 2388 Socratis
1163 2348 1335 2387 obitum
1367 2346 1538 2386 Thebis
1571 2359 1672 2386 esse
1703 2349 1943 2387 moratum.

165 2408 264 2449 Nec
303 2419 413 2448 vero
453 2406 541 2446 hac
579 2406 627 2445 in
667 2417 807 2444 causa
837 2402 1172 2457 neglegendum
1203 2406 1288 2452 est,
1321 2403 1376 2443 de
1409 2415 1495 2455 quo
1528 2401 1710 2442 aliunde
1745 2405 1944 2452 constat,

170 2466 312 2504 etiam
341 2463 620 2515 Archippum
651 2465 789 2513 atque
820 2461 980 2512 Lysin‚
1014 2460 1091 2512 qui
1121 2463 1241 2499 teste
1271 2459 1526 2512 Porphyrio
1559 2458 1667 2508 (Vit.
1700 2458 1837 2509 Pyth.
1869 2457 1942 2509 55)

168 2524 216 2562 et
243 2519 492 2560 Plutarcho
531 2519 620 2566 (De
652 2518 789 2570 genio
829 2516 1005 2558 Socrat.
1036 2530 1077 2569 p.
1111 2515 1210 2567 583)
1250 2519 1418 2568 postea
1447 2513 1810 2568 Epaminondam
1842 2526 1943 2554 eru-

168 2576 299 2624 divit,
334 2574 491 2616 eodem
520 2575 620 2615 fere
650 2578 853 2627 tempore
885 2574 933 2613 in
971 2572 1218 2613 Graeciam
1251 2585 1306 2612 ex
1340 2571 1482 2612 Italia
1514 2571 1817 2613 concessisse.
1864 2570 1945 2610 Ni-

167 2633 329 2672 mirum
357 2631 571 2673 videntur
611 2631 751 2672 etiam
790 2634 886 2670 tum
924 2630 972 2669 in
1002 2628 1143 2669 Italia
1174 2628 1392 2668 inferiore
1422 2631 1571 2668 motus
1604 2627 1767 2668 civiles
1798 2627 1946 2667 exorti

171 2701 277 2729 esse
314 2687 618 2740 Pythagoreis
659 2686 926 2739 periculosi,
966 2685 1085 2726 unde
1121 2684 1331 2725 nonnulli
1370 2697 1524 2726 eorum
1554 2685 1668 2737 fuga
1699 2686 1836 2735 capta
1875 2695 1946 2722 re—

168 2757 267 2785 rum
305 2757 490 2785 suarum
527 2743 681 2784 sedem
720 2742 935 2783 aliorsum
974 2741 1329 2791 transtulerunt,
1368 2754 1511 2794 usque
1550 2740 1656 2780 dum
1693 2739 1865 2780 reditus
1897 2739 1945 2778 in

169 2801 369 2854 patriam
405 2801 517 2853 ipsis
557 2798 806 2851 aliquando
845 2811 999 2838 rursus
1037 2801 1233 2851 pateret.
1292 2797 1409 2838 Nam
1445 2797 1728 2850 Echecrates
1767 2808 1945 2848 quoque

171 2859 333 2910 postea
364 2857 535 2897 Locros
571 2855 756 2896 videtur
784 2856 1056 2905 revertisse,
1097 2854 1463 2906 quandoquidem
1492 2853 1629 2894 Plato
1662 2865 1763 2893 eum
1792 2856 1948 2905 poste-

171 2914 291 2954 riore
331 2918 534 2965 tempore
572 2925 654 2964 per
690 2913 903 2951 itinerum
939 2910 1328 2963 opportunitatem
1366 2923 1457 2949 una
1497 2922 1597 2950 cum
1635 2908 1741 2949 aliis
1772 2908 1946 2960 Pytha-

174 2969 326 3022 goreis
364 2968 464 3008 illic
503 2969 753 3016 salutavit,
792 2968 930 3008 sicuti
968 2981 1069 3007 cum
1107 2965 1271 3007 Cicero
1311 2967 1397 3016 (De
1438 2965 1512 3010 fin.
1544 2967 1598 3006 V.
1632 2966 1706 3015 29)
1737 2968 1831 3004 tum
1863 2964 1948 3004 alii

175 3025 433 3065 clarissime
471 3028 719 3064 testantur.
775 3023 873 3063 Nec
912 3028 1066 3063 tamen
1095 3023 1161 3063 ibi
1191 3035 1371 3075 semper
1402 3036 1456 3061 ac
1486 3026 1706 3075 perpetuo
1737 3021 1834 3060 fixit
1865 3020 1946 3060 do·

173 3080 411 3123 micilium.
473 3078 612 3119 Cuius
643 3081 709 3119 rei
741 3091 881 3119 causa
910 3079 1195 3135 intellegitur
1226 3092 1282 3119 ex
1310 3078 1554 3119 Iamblich.
1586 3079 1676 3121 Vit.
1706 3077 1841 3129 Pyth.
1864 3078 1949 3116 250

174 3150 266 3190 sq.‚
308 3137 388 3177 ubi
425 3135 480 3176 de
511 3136 815 3188 Pythagoreis
853 3135 1035 3176 illorum
1072 3141 1325 3188 temporum
1354 3139 1599 3175 narrantur
1628 3135 1773 3175 haec:
1813 3128 1861 3174 οἱ
1892 3127 1946 3173 δὲ

174 3190 332 3234 λοιποὶ
368 3191 462 3234 τῶν
500 3190 850 3244 Πυθαγορείων
889 3185 1161 3245 ἀπέστησαν
1200 3191 1284 3245 τῆς
1316 3186 1539 3242 Ἰταλίας,
1578 3184 1702 3242 πλὴν
1728 3183 1947 3243 Ἀρχύτου

175 3247 261 3291 τοῦ
303 3247 617 3301 Ταραντίνου.
674 3241 1025 3299 ἀθροισθέντες
1064 3243 1118 3289 δὲ
1159 3243 1227 3294 εἰς
1264 3240 1316 3288 τὸ
1349 3240 1533 3301 Ῥήγιον
1571 3240 1674 3288 ἐκεῖ
1709 3243 1947 3297 διέτριβον

175 3298 280 3357 μετ’
319 3297 552 3358 ἀλλήλων,
592 3302 675 3345 καὶ
713 3302 822 3345 τῶν
857 3298 1302 3356 πολιτευμάτων
1342 3297 1436 3345 ἐπὶ
1473 3297 1532 3343 τὸ
1575 3305 1770 3356 χεῖρον
1806 3313 1945 3351 προ-

176 3354 503 3415 βαινόντων
540 3361 595 3412 (i.
631 3373 672 3403 e.
711 3359 814 3400 dum
854 3361 992 3400 etiam
1039 3361 1254 3400 civitates
1301 3360 1348 3400 in
1393 3361 1527 3412 peius
1566 3360 1784 3407 ruebant,
1826 3368 1944 3407 quae

174 3417 320 3458 verba
350 3418 470 3458 male
503 3417 777 3458 sollicitavit
807 3415 1064 3465 Kusterus).
1096 3406 1219 3468 ἦσαν
1253 3411 1305 3457 δὲ
1338 3411 1387 3457 οἷ
1416 3408 1789 3456 σπουδαιότατοι
1820 3405 1944 3451 Φάν-

174 3485 271 3514 των
313 3486 363 3515 τε
407 3471 490 3515 καὶ
530 3466 811 3527 Ἐχεκράτης
855 3469 937 3513 καὶ
969 3465 1307 3526 Πολύμναστος
1351 3469 1433 3513 καὶ
1465 3470 1670 3523 Διοκλῆς
1715 3460 1948 3519 Φλιάσιοι,

1530 3537 1606 3589 5*
