2222 3762
373 135 798 193 APOLOGIA
837 133 1249 204 SOCRATIS,
1291 135 1355 187 P.
1395 135 1480 187 22.
1523 132 1603 188 St.
1754 136 1821 187 79

131 283 261 351 κοὺς
293 277 365 363 ᾖα
394 288 481 340 ἐπὶ
511 283 642 348 τυὺς
680 280 916 350 ποιητὰς
962 282 1091 346 τούς
1121 303 1178 337 τε
1213 283 1324 334 τῶν
1368 281 1694 379 τραγῳδιῶν
1728 281 1820 334 καὶ

131 367 263 433 τοὺς
305 372 414 423 τῶν
470 368 836 439 διθυράμβων
882 371 970 422 καὶ
1016 364 1148 429 τοὺς
1190 362 1408 428 ἄλλους,
1455 365 1527 428 ὠς
1563 366 1823 417 ἐνταῦθα

130 454 206 509 ἐπ’
229 451 540 526 αὐτοφώρῳ
556 450 1016 523 καταληψόμενος
1028 446 1474 520 ὲμαυτὸναμαθ”
1455 467 1677 519 εστερον
1693 452 1823 501 ὲκεί-

130 558 241 592 νων
267 535 423 591 ὄντα.
479 534 896 606 ἀναλαμβάνων
923 530 1023 590 οὖν
1037 534 1223 590 αὐτῶν
1249 530 1316 586 τὰ
1336 531 1645 601 ποιήματα,
1673 529 1821 601 ἅμοι

129 621 298 676 ἐδόκει
326 619 566 691 μάλιστα
600 623 1142 689 πεπραγματεῦσθαι
1175 617 1385 681 αὐτοῖς,
1434 616 1714 687 ὃιηραὶτιυν
1748 613 1823 669 ἂν

131 702 341 768 αὐτοὺς
359 709 412 758 τί
425 708 644 773 λέγοιεν,
670 703 730 758 ἵν’
764 702 883 773 ἅμα
905 726 955 757 τι.
970 708 1059 758 καὶ
1086 702 1445 773 μανθάνοιμι
1468 699 1593 771 παρ’
1616 699 1822 755 αὐτῶν.

130 787 460 859 αἰσχύνομαι
501 781 603 843 οὖν
644 789 774 857 ὑμῖν
811 795 993 852 ειπεῖν,
1038 781 1076 842 ὦ
1115 788 1327 855 ἄνδρες,
1371 783 1630 851 τάληθῆ·
1675 781 1825 854 ὅμως

130 877 185 928 δὲ
226 871 440 946 ὁητὲον.
527 871 598 937 ὡς
635 879 764 936 ἔπος
799 895 906 942 γαρ
945 880 1128 935 ειπεῖν,
1183 870 1372 938 ὀλίγου
1412 868 1599 923 αὐτῶν
1638 866 1822 922 ἅπαν-

129 979 215 1022 τες
230 963 282 1012 οἱ
301 955 571 1026 παρόντες
585 955 656 1010 ἄν
673 960 891 1028 βέλτιον
915 960 1098 1023 ἔλεγον
1127 977 1246 1024 περι
1268 955 1343 1008 ὠν
1372 951 1536 1007 αὐτοὶ
1554 951 1823 1018 ἐπεποιή-

128 1061 310 1098 κεσαν.
355 1045 525 1109 ἔγνων
551 1034 651 1095 οὖν
679 1043 771 1095 καὶ
799 1062 917 1111 περι
955 1041 1333 1111 τῶνποιητῶν
1359 1044 1416 1091 ὲν
1444 1035 1608 1106 ὀλίγῳ
1636 1040 1821 1098 τοῦτο,

130 1165 230 1206 Par.
266 1162 421 1216 DS'rg.
455 1161 657 1203 Ceterum
697 1162 921 1204 Bekker.
955 1174 1008 1201 ex
1041 1174 1125 1201 uno
1156 1162 1250 1201 solo
1283 1161 1380 1203 Par.
1414 1159 1460 1202 S.
1496 1171 1557 1211 pr.
1592 1157 1711 1199 dedit
1750 1172 1820 1197 πε-

132 1218 378 1274 ποιήκεσαν,
409 1225 644 1272 augmento
677 1220 855 1259 omisso.

132 1318 274 1374 παρὸν
305 1321 461 1371 φίλους
489 1317 682 1366 ἑλέσθαι,
727 1316 830 1359 τούς
861 1332 934 1357 κα-

132 1382 280 1421 κίονας·
313 1375 458 1430 λάβῃς.
485 1376 814 1430 Enrip.1phig.
841 1376 934 1419 Aul.

132 1452 171 1479 v.
192 1437 294 1547 366p
323 1436 378 1476 cf.
409 1435 692 1477 Heindorf.
713 1434 766 1474 ad
798 1433 934 1474 Phae-

133 1496 234 1536 don.
299 1493 410 1538 .57.
470 1491 660 1535 Matth.
693 1492 746 1532 ad
783 1491 931 1543 Eurip.

132 1553 299 1595 Hecub.
333 1565 374 1592 c
409 1550 505 1595 777.

189 1610 276 1651 ἵνα
326 1623 412 1659 μοι
457 1607 544 1647 καὶ
600 1600 935 1658 ανέλεγκτοε

85 1683 94 1690 ”
132 1664 158 1722 ἦ
188 1669 413 1718 μαντεία
447 1664 694 1719 γένοιτο]
742 1663 822 1704 Ait
852 1663 934 1703 So·

132 1732 273 1767 crates
304 1738 352 1766 se
384 1724 526 1765 onmia
559 1723 729 1770 fecisse,

132 1785 272 1825 cuium
296 1796 317 1822 (ι
348 1780 499 1838 Pythia
519 1780 658 1820 datum
692 1778 934 1829 refelleret3

133 1840 210 1882 sed
258 1839 402 1881 multis
442 1837 657 1879 iaboribus
709 1836 933 1878 exantlatis

133 1903 333 1940 eventum
384 1901 609 1949 expertum
663 1907 759 1935 esse
810 1893 934 1945 hunc,

129 1961 176 1996 ut
208 1956 299 1996 eius
342 1955 564 1995 veritatem
611 1952 736 1993 etiam
784 1950 936 1990 confir-

134 2018 270 2054 maret
300 2011 428 2062 adeo,
460 2015 506 2051 ut
526 2006 778 2063 ἀνέλεγκτον
797 2009 936 2058 fieret,

133 2069 214 2110 hoc
247 2076 315 2111 est
346 2071 450 2118 tale,
488 2068 602 2120 quod
639 2068 799 2109 erroris
832 2078 938 2106 cou-

132 2128 244 2168 vinci
279 2140 360 2168 non
396 2139 526 2180 posse
558 2125 787 2166 videretur.
838 2122 936 2163 Non

131 2186 223 2225 sine
262 2185 397 2225 ironia
437 2183 541 2224 haec
579 2196 603 2222 a
635 2182 816 2223 Socrate
856 2178 935 2219 dici

131 2255 259 2283 nemo
293 2243 373 2282 erit
404 2242 500 2293 quin
534 2241 704 2280 sentiat.
767 2239 935 2281 Quam-

131 2312 257 2352 quam
318 2298 442 2340 aliter
493 2298 629 2338 sensit
683 2296 803 2336 Car.
853 2294 934 2334 Fr.

134 2357 413 2399 Hermann.
452 2356 522 2407 qui
565 2367 645 2394 suo
687 2354 827 2394 Marte
868 2352 934 2392 in-

130 2414 226 2455 vitis
269 2415 384 2455 libris
423 2412 619 2453 omnibus
659 2411 814 2452 edidit·
864 2409 932 2449 ἵνα

131 2486 203 2521 μοι
235 2485 259 2511 κ
280 2468 307 2512 α’
326 2486 350 2511 ν
381 2472 576 2524 ἔλεγκτοε
608 2466 632 2522 ἡ
663 2483 703 2520 μ.
735 2483 772 2522 γ.
815 2466 931 2520 quod

130 2530 302 2583 linguae
334 2530 504 2570 Atticae
543 2528 660 2579 leves
701 2524 812 2567 serre
849 2536 932 2565 non

131 2587 339 2628 videntur.
400 2586 495 2628 Non
543 2586 650 2625 male
699 2582 934 2624 Wolfius

133 2647 272 2686 locum
296 2646 358 2685 sic
378 2646 708 2696 interpretatur:
727 2646 782 2682 ut
808 2640 935 2681 mihi

135 2701 378 2754 denique
410 2716 433 2742 a
465 2702 674 2741 nemine
707 2696 939 2752 posthac

134 2760 292 2812 argui
369 2759 655 2800 oraculum
731 2761 938 2809 posset.

136 2815 340 2858 Ceterum
383 2817 437 2858 de
467 2815 655 2867 genitivo
701 2813 937 2854 πονοῦν-

137 2884 222 2915 τος
279 2882 379 2927 post
438 2870 516 2926 τὴν
575 2868 679 2925 ἐμήν
734 2872 851 2912 iiiato
898 2884 937 2911 v.

136 2931 402 2973 Matthiae
431 2943 494 2984 gr.
527 2929 604 2969 Gr.
637 2929 670 2981 §.
703 2929 802 2973 466
835 2929 874 2972 1-

197 2990 244 3033 Β.
309 2987 336 3029 ἅ
378 3003 471 3040 μοι
516 2983 708 3027 ἐδόκει
764 3009 803 3014 -
860 3000 939 3027 πε-

139 3045 596 3101 πραγματεῦσθαι
648 3040 866 3098 αυτοῖς]
902 3044 940 3088 h.

138 3118 176 3148 e.
217 3117 347 3156 quae
385 3103 552 3147 abiis
600 3103 820 3144 maxima
865 3101 939 3142 di-

137 3163 378 3215 ligentia
417 3159 739 3212 composita
789 3158 939 3203 vide-

136 3219 351 3260 bantur.
416 3217 582 3261 Deinde
640 3215 936 3270 imperfectum

139 3274 423 3330 διηρώτων
456 3288 552 3318 cum
583 3289 636 3314 αν
664 3274 939 3315 coniunctum

136 3334 296 3376 iudicat
342 3348 432 3376 rem
482 3345 562 3386 pro
602 3344 744 3374 rerum
788 3330 936 3372 condi—

136 3391 252 3434 tione
300 3393 539 3447 repetitam.
578 3401 618 3430 v.
654 3386 848 3431 Matth.
893 3385 934 3442 §.

762 1727 808 1761 ut
837 1733 934 1761 ora·
959 1742 964 1751 =

1021 1317 1118 1360 599
1140 1312 1824 1366 1.Buttm.§.126.5.Rost.

1021 1375 1057 1428 ξ.
1090 1374 1187 1417 120.
1219 1373 1260 1417 5.
1295 1385 1330 1412 e.
1364 1386 1401 1425 γ.
1436 1386 1477 1425 p.
1507 1370 1607 1416 594-

1080 1432 1138 1472 οἱ
1174 1427 1453 1499 παρόντες
1488 1445 1551 1469 αν
1596 1426 1826 1481 βέλτιον

1020 1489 1211 1543 ἔλεγον
1241 1489 1358 1541 περὶ
1420 1480 1494 1527 ὦν
1526 1486 1687 1527 αὐτοι
1713 1484 1823 1526 ἐπε-

1021 1545 1351 1601 ποιήκεσαν]
1393 1546 1458 1587 Ne
1504 1546 1597 1598 quis
1632 1546 1825 1597 requirat

1020 1611 1189 1658 tempus
1203 1606 1437 1659 perfectum
1452 1599 1721 1656 πεποιήκασι,
1726 1614 1824 1643 sen-

1019 1666 1154 1704 tentia
1167 1678 1187 1701 v
1194 1665 1392 1705 erborum
1407 1661 1511 1702 haec
1524 1668 1611 1702 est.
1625 1675 1650 1702 ο
1665 1674 1702 1701 ιιι
1717 1673 1741 1700 ιι
1755 1673 1777 1700 e
1788 1673 1824 1709 s,

1019 1721 1104 1774 qui
1129 1719 1578 1769 aderant,me¹ius
1608 1718 1735 1759 istis
1756 1717 1824 1757 de

1020 1779 1357 1820 carminibus
1422 1777 1684 1818 solebant
1741 1777 1821 1816 iu-

1022 1836 1235 1886 dicare,
1267 1847 1408 1888 quae
1438 1835 1522 1875 iili
1556 1835 1664 1887 ipsi
1689 1846 1826 1873 com-

1023 1899 1342 1947 posuerant.
1405 1891 1501 1933 Non
1548 1893 1640 1933 sine
1680 1892 1717 1930 vi
1755 1903 1824 1930 re-

1023 1953 1201 2005 petitum
1266 1957 1332 1992 est
1393 1962 1631 2002 pronomen
1683 1943 1823 1996 αὐτοί,

1023 2022 1108 2061 quo
1152 2010 1338 2062 graviter
1379 2008 1641 2057 sionificatur
1672 2011 1825 2058 poetas

1022 2068 1142 2118 ipsos
1152 2042 1231 2107 ode
1271 2067 1359 2105 suis
1403 2066 1593 2117 ipsorum
1627 2063 1825 2104 carmini-

1022 2125 1101 2164 bus
1135 2125 1255 2176 peius
1299 2122 1514 2163 iudicasse
1556 2134 1681 2173 quam
1716 2121 1823 2161 aiios

1022 2181 1227 2230 homines,
1264 2182 1335 2232 qui
1367 2177 1463 2220 iilos
1494 2179 1678 2219 carmina
1710 2178 1822 2218 reci-

1020 2244 1162 2279 tantes
1213 2237 1436 2278 audierint.
1520 2236 1659 2275 Minus
1708 2241 1824 2275 recte

1019 2295 1268 2337 Wolfius:
1321 2293 1443 2335 Nam
1478 2305 1644 2346 prope
1676 2292 1824 2333 dixe-

1019 2354 1139 2405 rim,
1171 2365 1358 2394 omnes
1392 2363 1581 2404 paene,
1621 2350 1712 2403 qui
1744 2347 1825 2389 hic

1019 2411 1236 2460 adsunt,
1279 2410 1404 2450 istis
1446 2409 1637 2449 melius
1677 2407 1824 2448 dice·

1017 2473 1143 2510 rent
1175 2469 1237 2509 de
1266 2468 1354 2508 iis.
1387 2479 1526 2517 quae
1556 2465 1655 2506 isti
1689 2477 1825 2506 com-

1020 2529 1334 2579 posuerant.
1400 2523 1507 2566 Nam
1543 2522 1589 2563 οἱ
1617 2517 1828 2576 παρόντες

1023 2597 1107 2624 non
1147 2584 1440 2649 intelliguntur
1489 2581 1557 2632 qui
1598 2581 1825 2622 Socratem

1023 2641 1201 2682 audiunt
1241 2654 1288 2680 se
1326 2639 1365 2679 in
1399 2638 1559 2679 iudicio
1590 2637 1827 2679 defenden-

1024 2705 1137 2748 tem,
1178 2698 1254 2739 sed
1289 2698 1434 2750 potius
1471 2696 1521 2746 ii,
1563 2696 1634 2749 qui
1666 2696 1824 2736 intere-

1022 2761 1117 2797 rant
1149 2757 1239 2796 eius
1270 2754 1561 2803 sermonibus,
1595 2767 1704 2806 quos
1729 2765 1824 2793 cum

1024 2813 1164 2866 poetis
1193 2813 1454 2854 instituebat.
1525 2811 1828 2864 imperfectum

1025 2872 1172 2924 ἔλεγον
1208 2875 1350 2912 autem
1392 2882 1487 2910 cum
1529 2865 1584 2908 ἂν
1621 2870 1826 2936 particula

1026 2931 1277 2981 copulatum
1327 2927 1452 2968 etiam
1496 2923 1578 2966 hoe
1619 2930 1714 2968 ioco
1761 2925 1825 2965 in-

1026 2986 1138 3026 dicat
1167 2986 1383 3027 actionem
1425 2983 1657 3025 identidem
1699 2995 1826 3035 repe-

1025 3044 1159 3084 titam.
1207 3043 1332 3086 Quae
1362 3041 1535 3095 quidem
1565 3043 1826 3094 interpreta-

1026 3101 1088 3141 tio
1128 3114 1204 3142 cur
1253 3101 1376 3141 alteri
1425 3100 1482 3141 sit
1528 3096 1824 3152 praeferenda,

1025 3158 1068 3197 in
1099 3163 1274 3209 promtu
1305 3158 1417 3198 ratio
1450 3161 1530 3196 est.

1082 3213 1136 3255 ἐν
1183 3211 1342 3269 ὀλίγῳ
1391 3214 1583 3264 τοῦτο]
1647 3210 1827 3261 brevi,

1024 3285 1163 3324 mox,
1202 3272 1317 3326 quod
1349 3273 1515 3326 plenius
1554 3269 1710 3310 dicitur
1741 3269 1827 3308 So-

1022 3329 1148 3383 phist.
1180 3344 1221 3384 p.
1253 3328 1351 3373 234.
1382 3331 1433 3370 A.
1489 3326 1536 3368 ἐν
1568 3322 1695 3380 ὀλίγῳ
1727 3322 1825 3377 χρό-

1021 3402 1096 3442 νῳ,
1137 3387 1227 3430 Pro
1257 3400 1345 3441 quo
1385 3399 1460 3428 cur
1499 3385 1550 3429 C.
1580 3384 1663 3427 Fr.
1696 3383 1825 3424 Her-
