2158 3718
825 142 1083 186 PHAEDO
1116 157 1160 198 p.
1187 145 1283 185 110.
1826 143 1934 196 279

287 282 402 353 Cap.
443 281 563 336 LIX.
629 282 874 349 ’Λέγεται
919 283 1144 349 τοίνυν,
1185 283 1320 349 ἔφη,
1361 273 1407 332 αἶ
1446 279 1655 349 ἑταῖρε,
1705 285 1932 349 πρῶτον

140 369 250 437 μὲν
287 363 431 421 εἶναι
467 366 696 435 τοιαύτη
734 363 768 435 ἡ
806 369 876 434 γῆ
916 363 1057 435 αὕτη
1086 365 1248 432 ι’δεῖν,
1291 368 1346 417 εἴ
1363 383 1446 427 τις
1471 362 1700 418 ἄνωθεν
1724 368 1929 434 θεῷτο,

144 450 328 523 ὥςπερ
365 453 425 506 015
457 450 874 505 δωδεκάσκυτοι
912 458 1176 518 σφαῖραι,
1217 450 1460 517 ποικίλη,
1501 448 1753 519 χρω’μασι
1792 451 1931 501 διει-

144 537 423 606 λημμένη,
471 529 552 589 οἷν
601 535 694 588 καὶ
744 532 813 587 τὰ
860 534 1069 587 ἐνθάδε
1108 529 1251 586 εἶναι
1290 532 1553 603 χρώματα
1591 531 1774 602 ὥςπερ
1814 533 1926 585 656-

139 639 350 690 γματα,
399 611 483 682 οἷς
520 617 588 688 δὴ
627 619 686 672 οἱ
717 627 955 688 γραφεῖς
992 621 1394 687 καταχρῶνται.

141 702 246 772 τὴν
281 707 390 773 γῆν
429 703 493 757 ἐκ
529 703 803 756 τοιούτων
830 698 974 755 εἶναι
1000 702 1093 754 καὶ
1119 700 1266 755 πολὺ
1302 703 1384 754 ἔτι
1424 702 1486 754 ἐκ
1525 702 1928 771 λαμπροτέρων

143 788 236 840 καὶ
271 789 689 858 καθαρωτέρων
726 787 762 856 ἢ
800 787 1043 840 τούτων·
1084 788 1189 856 τήν
1226 786 1330 856 μὲν
1365 783 1474 854 γάρ
1502 783 1754 856 ἁλουργῆ
1783 781 1929 838 εἶναι

139 872 235 924 ,καὶ
271 870 608 941 θαυμαστὴν
645 870 707 925 τὸ
747 872 970 940 κάλλος,
1011 870 1113 941 τὴν
1151 870 1213 923 δὲ
1251 871 1574 939 χρυσοειδῆ,
1601 867 1706 939 τὴν
1733 868 1794 923 δὲ
1822 867 1926 938 ὅση

138 953 312 1025 λευκὴ
358 956 550 1023 γύψου
597 955 633 1025 ἢ
680 956 867 1024 χιόνος
914 955 1285 1024 λευκοτέραν,
1336 956 1430 1006 καὶ
1480 955 1542 1007 ἐκ
1579 950 1696 1007 τῶν
1735 952 1927 1006 ἄλλων

138 1041 448 1110 χρωμάτων
496 1040 863 1109 ξυγκειμένην
919 1038 1177 1101 ὦςαύτως
1224 1038 1319 1091 καὶ
1367 1040 1448 1091 ἔτι
1494 1038 1775 1090 πλειόνων
1832 1037 1926 1089 καὶ

134 1124 458 1177 καλλιόνων
493 1122 531 1192 ἦ
569 1122 676 1176 ὅσα
711 1123 869 1193 ἡμεῖς
895 1123 1237 1192 ἑωράκαμεν.
1291 1124 1385 1174 καὶ
1421 1119 1528 1191 γὰρ
1568 1119 1712 1174 αὐτοὶ
1749 1125 1926 1173 ταῦτα

131 1205 205 1260 τά
241 1211 404 1261 κοῖλα
442 1205 630 1277 αὐτῆς,
670 1205 877 1270 ὕδατός
913 1226 973 1260 τε
1011 1209 1104 1260 καὶ
1143 1204 1304 1275 άέρος
1342 1208 1553 1275 ἔμπλεα
1579 1204 1736 1273 ὄντα,
1776 1205 1925 1274 χρώ-

251 1364 351 1418 Cap.
375 1365 485 1405 LIX.
529 1359 557 1417 ἡ
581 1366 648 1420 γῆ
675 1380 744 1406 αυ
736 1358 840 1420 τη]
866 1364 1089 1405 Heindorf.
1113 1364 1293 1404 Bekker.
1317 1365 1460 1404 Herm.
1486 1371 1526 1404 et
1546 1364 1683 1404 Turic.
1709 1376 1761 1403 ex
1784 1365 1919 1404 Euse-

134 1421 193 1461 bii
213 1421 331 1462 libris
354 1414 479 1476 αυτή
499 1423 776 1476 scripserunt
819 1422 980 1461 Deinde
1000 1421 1128 1473 vulgo
1153 1422 1370 1474 legebatur
1392 1419 1441 1461 εἴ
1455 1434 1526 1467 τις
1548 1412 1743 1462 ανωθεν
1766 1413 1921 1473 αὐτὴν

130 1476 310 1534 θεῷτο.
351 1479 592 1518 Pronomen
613 1488 709 1543 post
730 1477 887 1534 θεῷτο
909 1485 1075 1531 ponunt
1076 1454 1217 1519 ⁰.Bodl
1243 1477 1368 1518 Coisl.
1393 1478 1487 1518 Vat.
1509 1477 1637 1519 Vind
1667 1477 1754 1517 ΤΦ
1778 1477 1871 1516 Par.
1887 1477 1922 1517 G

133 1520 282 1574 Artibr.
305 1534 412 1576 Flor.
435 1535 463 1574 d
484 1535 581 1577 Zitt.
614 1543 654 1574 et
680 1537 735 1574 ita
759 1536 928 1587 scripsit
948 1534 1185 1574 Bekkeius
1227 1535 1315 1586 Ego
1347 1534 1626 1574 omittendum
1656 1533 1803 1573 censui
1824 1545 1922 1572 cum

130 1591 242 1630 Tub.
281 1591 391 1643 Aug.
420 1592 530 1630 Ven.
558 1593 598 1632 Λ
634 1592 726 1634 Par.
762 1590 952 1631 CEHIL
981 1591 1090 1631 Ven.
1116 1590 1167 1631 H
1203 1590 1314 1631 Flor.
1338 1591 1507 1630 abim
1537 1589 1737 1630 Stobaeo
1788 1589 1922 1628 Eiecit

132 1647 260 1687 etiam
282 1646 500 1688 Heindorf.
525 1657 564 1688 et
584 1649 723 1690 Herm

245 1716 514 1771 ποικίλη,
558 1710 836 1782 χρώμασι]
878 1695 1117 1764 ποικίλοις
1157 1731 1228 1771 χρ.
1269 1717 1361 1757 Par.
1394 1717 1411 1755 I
1452 1723 1493 1756 et
1521 1716 1676 1757 Euseb.
1709 1716 1920 1767 probante

131 1773 389 1814 Heindorfio.
431 1774 625 1827 ποικίλη
654 1768 864 1827 χρώμασι
894 1786 975 1814 om.
1010 1773 1138 1813 Coisl.
1168 1774 1262 1812 Par.
1286 1772 1334 1813 G.
1376 1771 1487 1812 Nihil
1517 1772 1768 1811 mutandum
1799 1773 1919 1810 vide-

125 1837 213 1878 tur,
247 1830 589 1895 quandoquidem
618 1831 814 1870 vocabuli
843 1830 1038 1883 ποικίλη
1077 1830 1191 1869 notio
1220 1830 1457 1868 accuiatius
1494 1828 1646 1868 deinde
1681 1828 1918 1867 declaratur

130 1887 291 1927 verbis.
325 1881 548 1957 χρώμασι
567 1883 879 1940 διειλημμένη
912 1901 954 1928 κ.
979 1900 1016 1928 τ.
1043 1887 1080 1926 λ.
1122 1885 1283 1925 Deinde
1314 1885 1441 1925 Coisl.
1473 1885 1566 1923 Par.
1591 1883 1626 1923 G
1656 1884 1825 1923 inverso
1849 1895 1916 1923 or-

128 1942 232 1982 dine
253 1939 478 1997 χρώματα
501 1938 642 1987 εἶναι.

247 2013 291 2054 Ο.
324 2007 353 2053 ἁ
369 2010 598 2066 λουργῆ]
642 2005 886 2067 αλουργῆν
908 2011 1035 2054 Coisl.
1056 2012 1147 2051 Par.
1173 2010 1262 2053 GL.
1307 2010 1551 2050 Proximum
1573 2009 1661 2050 καί
1679 2022 1762 2050 om.
1786 2008 1918 2052 Coisl.

129 2070 240 2110 Ven.
261 2070 302 2110 Λ
330 2069 423 2112 Par.
449 2067 637 2110 CEHIL
659 2069 767 2109 Flor.
793 2081 818 2108 a
840 2070 864 2108 b
888 2081 908 2107 c
930 2069 1021 2108 im.

244 2134 480 2193 ἔμπλεα]
528 2134 703 2180 ἕκπλεα
725 2138 845 2178 Bodl.
869 2140 978 2180 Ven.
1002 2137 1053 2178 H
1069 2138 1196 2180 Vind.
1220 2135 1259 2176 Φ
1280 2137 1375 2177 Par.
1404 2134 1521 2177 CEG
1543 2136 1689 2177 Ambr.
1713 2135 1824 2176 Flor.
1848 2148 1872 2175 a
1897 2148 1919 2174 c

180 2278 292 2344 Cap.
332 2279 441 2318 LIX.
511 2276 753 2331 τοιαύτη
814 2272 868 2344 ἡ
905 2276 973 2332 γῆ
1063 2278 1178 2317 loco
1249 2276 1546 2316 collocatus
1612 2276 1912 2323 intueatur,

1473 617 1594 670 ἐκεῖ
1637 617 1699 671 δὲ
1737 621 1926 670 πᾶσαν
1958 628 1993 670 G

123 2349 276 2401 αυτη
316 2331 487 2388 ἰδεῖν]
529 2336 659 2374 Recte
702 2335 802 2374 dicit
842 2327 870 2386 ἡ
914 2333 973 2387 γῆ

127 2383 270 2456 αὕτη,
313 2403 409 2431 cum
437 2390 655 2456 intellegat
683 2403 740 2430 τα
772 2384 850 2431 ἐπὶ
891 2390 975 2442 τῆς

121 2447 217 2503 Ὑῆς
246 2441 340 2489 ὑπὸ
371 2446 433 2505 τῷ
465 2440 652 2503 ουρανῷ
683 2438 823 2494 ὅντα,
868 2458 976 2497 quae

128 2505 270 2558 paullo
294 2511 392 2544 ante
418 2509 651 2544 memorata
675 2510 789 2545 sunt.
829 2504 976 2553 Itaque

129 2573 213 2602 non
254 2561 414 2626 video,
437 2573 510 2599 cur
538 2559 880 2599 Heindorfius
923 2572 977 2598 ex

127 2617 309 2657 Eusebio
352 2609 476 2670 αυτή
506 2616 725 2669 scripserit
760 2616 805 2656 id
839 2616 976 2669 ipsam

127 2675 335 2714 rationem
355 2672 573 2727 postulare
590 2672 975 2712 contendens.1mo

121 2722 254 2783 αὐτή
274 2729 376 2769 ferri
398 2729 511 2768 nullo
535 2729 660 2768 modo
684 2736 836 2781 potest.
870 2727 976 2767 Nam

131 2786 368 2839 superiores
391 2785 483 2825 illas
501 2794 628 2834 atque
645 2785 874 2824 diviniores
897 2792 978 2823 ter-

130 2854 202 2881 rae
222 2842 417 2894 regiones
437 2841 719 2894 philosophus
738 2841 819 2880 hoc
839 2841 974 2880 nomi-

131 2910 185 2936 ne
206 2909 284 2937 nec
306 2898 441 2950 potuit
463 2897 676 2950 appellare
697 2909 776 2937 nec
795 2909 975 2948 usquam

123 2953 373 3007 appellavit.
417 2953 511 2992 Alia
539 2953 644 2992 ratio
675 2961 739 2993 est
755 2966 807 3019 p.
842 2954 920 2994 109
943 2952 975 2992 Β

130 3017 171 3049 et
201 3022 245 3062 p.
270 3010 351 3049 110
371 3008 424 3059 Ε,
456 3009 526 3048 ubi
555 3002 584 3060 ἡ
615 3006 674 3061 γῆ
706 3002 829 3061 αυτή
863 3017 977 3048 recte

0 3051 11 3092 Ῐ·
87 3096 91 3100 .
123 3066 299 3114 dicitur,
341 3065 441 3115 quia
480 3071 591 3103 terra
619 3066 712 3116 ipsa
751 3065 977 3117 opponitur

129 3123 182 3161 iis
223 3122 365 3172 rebus,
408 3131 517 3170 quae
557 3127 682 3159 antea
722 3127 974 3160 memoratae

124 3183 244 3218 sunt.
286 3176 431 3227 Neque
470 3177 578 3215 inter
618 3176 787 3216 codices
821 3188 973 3216 manu-

130 3235 327 3286 scriptos,
369 3233 441 3284 qui
478 3232 649 3285 plurimi
690 3232 829 3272 collati
859 3239 972 3283 sunt,

129 3297 324 3343 repertus
353 3297 432 3336 est,
462 3289 534 3340 qui
562 3288 810 3341 scripturam
839 3289 972 3328 Euse-

127 3347 187 3386 -bii
208 3345 487 3388 confirmaret.

191 3400 247 3442 εἴ
280 3414 365 3449 τις
407 3394 642 3442 ἄνωθεν
682 3397 890 3456 θεῷτο]
936 3401 977 3440 si

126 3458 250 3507 quis
282 3469 390 3497 eam
430 3457 661 3510 desuper
698 3457 747 3495 in
784 3456 974 3496 altiore

1064 2333 1264 2373 dieitur
1304 2332 1400 2372 illa
1442 2332 1673 2385 speciem
1710 2331 1912 2371 habere

1062 2390 1291 2443 pilarum
1321 2401 1342 2427 e
1373 2388 1648 2428 duodecim
1672 2387 1914 2440 particu-

1064 2446 1130 2485 lis
1193 2445 1420 2485 scorteis
1481 2446 1911 2497 compositarum.

1064 2502 1368 2554 Intelleguntur
1397 2502 1567 2554 proprie
1595 2500 1739 2554 pilae
1780 2500 1910 2540 duo-

1065 2559 1233 2597 decim
1296 2557 1583 2611 particulis
1649 2556 1910 2596 coriaceis

1064 2615 1296 2664 confectae,
1338 2626 1444 2665 quas
1484 2613 1790 2663 mathematici,
1834 2613 1911 2652 sed

1064 2672 1189 2710 etiam
1229 2678 1426 2723 parentes
1468 2681 1517 2709 ac
1545 2669 1736 2722 magistri
1765 2669 1910 2722 pueris

1063 2728 1307 2777 tradebant,
1335 2733 1380 2765 ut
1409 2726 1594 2766 ludendo
1624 2726 1791 2765 illarum
1822 2723 1911 2765 for-

1062 2796 1154 2823 mas
1195 2789 1517 2835 cognoscerent.
1561 2781 1645 2822 Sed
1686 2781 1910 2821 referenda

1062 2840 1168 2879 haec
1188 2840 1387 2879 videntur
1410 2839 1464 2878 ad
1486 2838 1811 2884 dodecaedrum,
1842 2838 1911 2877 cui

1062 2896 1180 2936 Plato
1203 2896 1350 2935 mundi
1371 2894 1552 2946 figuram
1573 2894 1847 2948 comparavit.
1867 2907 1908 2937 v,

1063 2951 1434 3004 Wytteubach.
1464 2952 1520 2991 ad
1549 2950 1591 2993 h.
1621 2951 1671 3002 1.,
1705 2951 1773 3001 qni
1804 2951 1912 2989 inter

1064 3009 1147 3048 alia
1180 3008 1365 3048 ostendit
1392 3007 1473 3047 hoc
1496 3007 1759 3060 Pythagorae
1786 3017 1906 3045 arca-

1064 3077 1163 3103 nnm
1187 3071 1295 3104 teste
1316 3063 1533 3104 Iamblich.
1557 3065 1641 3105 Vit.
1664 3062 1840 3114 Pythag.
1864 3062 1907 3111 S.

1062 3121 1116 3161 89
1139 3121 1190 3160 ab
1214 3121 1401 3173 Hippaso
1426 3132 1519 3160 esse
1542 3119 1796 3170 evulgatum.
1840 3117 1906 3160 Cf,

1062 3177 1187 3216 etiam
1229 3177 1501 3218 Hermann.
1545 3174 1695 3215 Geseh.
1727 3174 1767 3215 d.
1799 3174 1904 3216 Plat.

1061 3232 1170 3275 Phil.
1192 3234 1224 3273 I.
1247 3246 1290 3286 p.
1313 3230 1395 3274 687
1417 3244 1514 3271 ann.
1538 3232 1634 3272 634.

1121 3342 1166 3386 C.
1213 3337 1359 3386 αὐτὰ
1401 3341 1583 3384 ταῦτα
1624 3334 1688 3382 τοὶ
1732 3342 1905 3382 κοῖλα

1064 3393 1574 3454 αὐτῆςΉΙΙειείρεειε
1598 3398 1908 3437 eiuscaver-

1063 3469 1178 3506 nas,
1201 3469 1306 3508 quas
1327 3462 1451 3495 antea
1471 3455 1718 3494 memoravi.
