2222 3762
432 116 462 163 Γ»
896 112 1505 167 PROLEGOMENA
1544 115 1655 167 AD

430 255 612 308 iussus
645 261 792 308 esset
830 255 975 325 (cap.
1013 255 1635 327 XXV—XXVIII.);
1682 258 1842 310 tertia
1890 258 2125 330 denique

433 344 500 379 ea
556 325 1001 397 comprehendit,
1064 345 1204 395 quae
1265 335 1556 398 postquam
1616 328 1860 382 seeundo
1922 329 2126 385 iudicio

429 404 604 450 morte
638 404 757 450 erat
794 397 1204 465 condemnatus,
1244 399 1584 468 peroravisse
1620 400 1802 470 putari
1841 399 2021 454 debet.

571 467 650 522 Et
683 468 889 540 primae
925 467 1146 538 quidem
1198 469 1369 539 partis
1407 488 1467 522 ar
1507 482 1786 524 umentum
1823 471 1930 526 huc
1965 473 2126 526 redit.

431 539 675 592 Primum
711 547 895 593 orator
940 558 998 592 se
1033 546 1286 608 excusat,
1344 559 1453 609 quo
1544 561 1743 596 usurus
1792 543 1865 595 sit
1911 542 2130 597 dicendi

472 629 630 663 enere
667 622 812 664 novo
853 618 910 663 et
942 610 999 663 in
1048 609 1266 664 iudiciis
1317 611 1611 681 inusitato,
1659 613 1929 683 siquidem
1967 634 2130 686 repu-

431 629 596 735 §iaus
633 681 949 752 vulgaribus
989 680 1208 734 dicendi
1249 685 1580 738 ornamentis
1622 691 1785 754 atque
1823 685 2130 740 orationum

352 808 356 814 „
429 752 714 807 lenociniis
749 752 907 805 unice
944 752 1003 804 id
1041 753 1113 804 sit
1151 759 1403 820 acturus,
1461 761 1522 806 ut
1570 774 1708 824 quae
1755 775 1885 809 vera
1927 757 2038 810 sint
2073 758 2132 810 in

431 822 666 875 medium
701 823 1075 893 proferantur,
1115 831 1279 893 atque
1320 844 1596 879 sermones
1635 826 1958 897 audiantur,
2000 829 2130 900 'qui-

432 894 534 947 bus
573 894 739 964 vulgo
780 894 941 946 etiam
978 895 1059 946 uti
1097 897 1469 962 consueverit3
1520 915 1698 965 neque
1748 899 1890 951 enim
1939 917 1999 952 se
2049 900 2131 952 iu-

433 964 614 1021 diciali
667 964 887 1021 dicendi
962 966 1119 1018 'eneri
1171 986 1412 1037 unquam
1451 967 1827 1022 adsuefactum
1881 975 1998 1023 esse
2050 971 2129 1042 (p.

436 1039 683 1090 17—18.
727 1036 844 1105 A.)
989 1036 1146 1090 einde
1199 1037 1472 1110 duplicem
1521 1058 1641 1092 esse
1691 1039 1932 1093 ostendit
1971 1060 2132 1106 accu-

432 1109 725 1176 sationem,
766 1107 1027 1162 adversus
1066 1128 1229 1178 quam
1272 1110 1378 1164 sibi
1416 1110 1708 1163 dicendum
1746 1111 1844 1180 sit,
1907 1112 2132 1166 alteram

433 1178 895 1244 clandestinorum
956 1180 1392 1248 criminatorum,
1467 1182 1561 1251 qui
1615 1182 1719 1235 sibi
1768 1182 1875 1236 iam
1921 1184 2049 1236 inde
2099 1204 2133 1237 a

430 1251 597 1323 longo
633 1259 877 1322 tempore
912 1250 1173 1304 invidiam
1212 1259 1267 1304 et
1304 1253 1487 1306 odium
1513 1253 1751 1306 conflare
1775 1258 1958 1309 conati
1995 1256 2131 1321 sint3

434 1323 658 1376 alteram
708 1326 1021 1392 apertorum
1071 1322 1534 1392 adversariorum,
1600 1325 1693 1394 qui
1750 1325 1928 1396 ipsum
1986 1346 2133 1380 nunc

434 1394 652 1465 publice
691 1393 1080 1449 accusaverint.
1155 1395 1349 1465 ltaque
1399 1401 1590 1449 contra
1620 1396 1742 1448 illos
1781 1397 2012 1468 primum
2051 1397 2133 1451 di-

434 1485 558 1520 cere
591 1464 831 1525 institnit
867 1465 948 1536 (p.
981 1466 1062 1518 18.
1100 1465 1165 1518 B.
1193 1499 1261 1505 —-
1287 1469 1370 1521 24.
1401 1469 1519 1537 A.).
1593 1467 1670 1519 Et
1705 1468 2135 1522 criminationem

434 1536 878 1606 quidem'eorum
914 1535 1066 1589 hanc
1095 1537 1169 1590 ait
1206 1557 1354 1608 esse,
1410 1547 1472 1591 ut
1506 1539 1687 1610 ipsum
1726 1539 1978 1593 dictitent
2013 1559 2135 1612 per-

435 1615 604 1679 petuo
643 1607 712 1660 in
751 1607 1158 1662 scrutandis
1195 1610 1409 1664 rebus
1449 1610 1897 1665 coelestibus
1937 1619 2001 1665 et
2037 1612 2131 1665 in-

436 1679 606 1733 feris
659 1679 929 1731 versari
977 1687 1187 1750 atque
1236 1699 1559 1736 caussam
1616 1681 1974 1736 meliorem
2040 1682 2134 1736 di-

437 1749 655 1805 cendo
691 1748 986 1803 reddere
1025 1751 1261 1805 solere
1301 1751 1741 1807 deteriorem.
1797 1752 1978 1821 Quam
2015 1755 2135 1825 qui-

436 1822 561 1876 dem
625 1820 1052 1874 criminationem
1113 1841 1177 1876 eo
1241 1826 1688 1879 truculentiorem
1747 1843 1868 1878 esse
1927 1838 2132 1896 censet,

436 1891 586 1963 quod
625 1892 823 1963 vulgus
870 1892 1150 1946 hominum
1187 1895 1389 1949 talibus
1429 1896 1672 1950 dicteriis
1710 1897 1953 1968 acceptis
2002 1917 2132 1968 pro-

437 1975 598 2018 tenus
648 1964 705 2016 in
756 1971 874 2016 eam
925 1965 1292 2036 suspicionem
1381 1967 1699 2035 erducatur,
1750 1975 1812 2020 ut
1867 1968 2132 2022 eiusmodi

440 2035 685 2089 homines
739 2042 897 2105 putet
952 2054 1166 2089 omnem
1226 1987 1470 2092 funditus
1533 2047 1777 2093 evertere
1852 2039 2131 2112 religionis

437 2109 695 2179 pietatem
729 2113 892 2175 atque
929 2106 1154 2160 deorum
1184 2109 1526 2180 publicorum
1563 2111 1767 2164 cultum
1805 2120 1869 2164 ac
1907 2131 2134 2165 venera-

434 2180 638 2232 tionem
677 2175 745 2230 de
781 2177 963 2230 medio
998 2178 1206 2235 tollere.
1281 2180 1366 2234 Eo
1415 2188 1594 2234 autem
1631 2181 1924 2251 accedere,
1986 2183 2136 2254 quod

435 2248 743 2304 istiusmodi
788 2267 1032 2302 rumores
1079 2251 1185 2302 iam
1232 2251 1437 2306 dudum
1488 2253 1545 2305 in
1596 2253 1812 2307 occulto
1852 2272 1877 2307 8
1923 2254 2031 2308 arsi
2070 2274 2134 2309 ac

424 2316 773 2389 ,disseminati
821 2321 962 2388 sint,
1014 2329 1075 2374 ut
1123 2323 1406 2393 paullatim
1452 2325 1508 2376 in
1555 2325 1747 2378 animis
1799 2343 1867 2377 au
1909 2325 2133 2379 ientium

439 2403 711 2461 tamquam
761 2391 1114 2459 inoleverint,
1167 2394 1426 2464 quodque
1474 2395 1541 2448 iis
1591 2397 1755 2448 etiam
1809 2396 2027 2466 publice
2076 2398 2134 2450 in

437 2483 602 2518 scena
640 2463 725 2515 usi
765 2463 874 2515 sint
910 2471 1103 2534 poetae
1142 2466 1353 2533 comici,
1396 2485 1561 2535 quum
1595 2465 1836 2520 defensio
1874 2466 2136 2522 adversus

439 2536 574 2587 tales
622 2533 1024 2587 criminationes
1075 2537 1293 2589 omnino
1347 2545 1605 2607 suppetat
1642 2538 1790 2590 nulla
1829 2539 1903 2608 (p.
1946 2541 2026 2592 18.
2065 2539 2132 2592 Β.

441 2639 508 2646 -
550 2608 629 2658 19.
670 2606 784 2672 A.).
859 2605 1046 2676 Negat
1091 2625 1220 2659 vero
1270 2614 1481 2675 orator,
1533 2627 1654 2662 sese
1707 2628 1965 2678 umquam
2010 2611 2134 2663 tali-

440 2679 542 2731 bus
580 2676 989 2745 quaestionibus
1029 2676 1245 2731 dedisse
1282 2698 1528 2749 operam,
1579 2699 1678 2733 nec
1715 2699 1843 2733 vero
1883 2681 2135 2735 concedit

441 2767 560 2801 sese
599 2754 827 2816 accepta
862 2747 1144 2816 mercede,
1196 2750 1356 2803 sicuti
1405 2751 1680 2820 sophistae
1719 2753 1949 2822 faciant,
2003 2752 2133 2806 ado-

427 2820 708 2873 lescentes
757 2818 826 2870 ad
874 2818 1194 2889 sapientiam
1242 2821 1546 2875 instituisse
1592 2829 1663 2894 (p.
1710 2826 1791 2876 19.
1829 2826 1898 2878 A.
1938 2855 2007 2863 --
2046 2827 2132 2877 20.

439 2890 548 2960 Q).
587 2921 652 2928 —-
726 2890 964 2942 Fontem
1009 2901 1185 2944 autem
1239 2899 1294 2945 et
1337 2911 1584 2947 caussam
1630 2895 1844 2948 illarum
1882 2895 2133 2951 crimina-

438 2963 650 3015 tionum
687 2961 831 3014 hune
871 2979 988 3014 esse
1028 2961 1205 3016 docet.
1281 2962 1566 3036 Obtigisse
1618 2966 1723 3020 sibi
1777 2967 1855 3019 ait
1889 2967 2132 3039 singula-

440 3053 552 3086 rem
591 3031 862 3101 quandam
889 3033 1212 3101 sapientiam
1237 3055 1464 3104 eamque
1486 3055 1611 3089 vere
1634 3037 1940 3106 humanam,
1969 3057 2132 3107 quam

441 3105 560 3174 ipse
600 3103 734 3157 deus
772 3103 1076 3174 Delphicus
1113 3107 1332 3160 oraculo
1373 3107 1608 3176 quodam
1646 3109 1867 3163 summis
1906 3129 2132 3164 ornave-

430 3177 512 3228 rit
559 3174 830 3228 laudibus.
918 3173 1327 3248 Chaerephonti
1377 3179 1517 3232 enim
1574 3179 1867 3250 aliquando
1922 3182 1991 3235 ab
2039 3181 2133 3234 illo

441 3246 547 3299 lioc
582 3246 766 3299 datum
805 3266 924 3300 esse.
964 3267 1315 3319 responsum,
1356 3249 1636 3305 Socratem
1673 3252 1975 3305 mortalium
2014 3271 2133 3307 esse

441 3318 912 3389 sapientissimum.
992 3319 1057 3377 ,ld
1089 3341 1213 3377 vero
1238 3340 1355 3376 sese
1400 3322 1629 3392 primum
1666 3342 1774 3379 non
1815 3322 2130 3393 credidisse,
