2222 3762
402 114 466 165 10
862 107 1472 197 PROLEGOMENA
1511 107 1623 160 AD

397 272 518 306 sum
558 269 678 305 esse
720 259 814 304 aut
851 250 1189 315 mandatum3
1229 267 1330 302 nec
1367 266 1496 303 vero
1533 268 1591 304 se
1629 248 1878 321 magistri
1911 255 2093 320 partes

397 342 568 396 agere⁴
594 322 862 391 voluisse,
903 322 1000 376 sed
1036 322 1220 392 potius
1259 320 1340 372 ita
1378 319 1596 392 degisse
1632 323 1829 390 vitam,
1873 327 1938 373 ut·
1970 339 2092 378 cum

397 395 680 462 omnibuS,
733 394 829 463 qui
877 393 983 447 sibi
1031 393 1177 445 obvii
1214 390 1343 445 faeti
1379 400 1588 460 essent,
1639 392 1790 445 vario
1839 407 2092 445 sermone

396 466 818 535 colloqueretur.
905 463 1272 531 Quamobrem
1319 461 1366 516 si
1415 463 1554 519 inter
1602 482 1739 531 eoa„¹
1781 463 1876 532 qui
1911 463 2091 534 ipsum

395 536 704 591 audiverint
740 545 794 589 et
829 554 1013 591 secum
1051 535 1160 587 sint
1190 534 1532 602 conversati,
1588 535 1749 589 etiam
1789 533 2089 602 extiterint,

397 609 491 678 qui
529 608 761 678 improbi
799 606 1124 673 evaderent,
1179 604 1295 658 eius
1334 606 1413 658 rei
1450 606 1666 675 culpam
1701 606 1900 663 iniuria
1937 605 1994 657 in
2031 623 2091 658 se

395 680 649 733 conferri.
737 678 883 732 Nam
936 677 1227 747 expetiisse
1265 675 1637 734 adolescentes
1673 677 2090 729 familiaritatem

396 757 450 803 et
487 747 940 805 consuetudinem
977 767 1128 800 suam
1168 754 1391 817 propter
1427 767 1544 800 eam
1579 755 1791 805 tantum
1822 749 2089 815 caussam,

396 822 550 875 cuius
588 834 749 872 antea
785 819 1113 872 mentionem
1161 819 1380 886 fecerit,
1433 837 1534 872 nec
1583 838 1714 872 vero
1767 836 2093 888 quemquam

394 911 606 959 eorum,
648 891 742 959 qui
782 891 909 944 olim
947 910 1045 944 sua
1083 890 1476 944 consuetudine
1509 890 1594 943 usi
1629 890 1861 957 fuerint,
1899 897 2094 959 postea

394 960 638 1016 adultum
685 962 789 1015 sibi
837 969 933 1015 aut
978 963 1356 1015 succensuisse
1408 969 1504 1014 aut
1560 961 1713 1014 litem
1767 959 2091 1028 intendisse,

395 1035 524 1104 quia
561 1032 885 1087 adolescens·
917 1053 948 1085 a
986 1052 1044 1091 se
1082 1040 1369 1104 corruptus
1394 1033 1577 1100 fuerit,
1618 1051 1798 1101 neque
1828 1039 2092 1105 cognatos

394 1124 457 1159 ac
495 1105 832 1158 necessarios
869 1103 1295 1161 adolescentium
1347 1104 1414 1157 de
1453 1104 1652 1157 iniuria
1688 1104 1755 1157 iis
1791 1103 1944 1166 illata
1979 1103 2092 1160 ullo

394 1185 636 1247 tempore
673 1186 1008 1245 conquestos
1044 1194 1192 1241 esse3
1229 1176 1491 1247 plurimos
1530 1183 1710 1228 autem
1743 1175 1910 1245 etiam
1946 1192 2093 1233 nunc

393 1248 644 1319 reperiri,
697 1248 792 1316 qui
829 1248 965 1315 sibi,
1017 1247 1323 1318 corruptori
1371 1247 1610 1314 scilicet,
1661 1265 1978 1305 succurrere
2029 1265 2093 1299 ac

393 1319 727 1390 patrocinari
763 1319 941 1388 parati
977 1320 1088 1372 sint
1125 1320 1201 1390 (p.
1241 1320 1328 1371 33.
1364 1319 1435 1372 A.
1466 1349 1533 1357 --
1563 1319 1648 1370 34.
1687 1316 1798 1386 B.).
1836 1349 1906 1373 -,
1960 1317 2093 1370 'Po-

394 1398 593 1444 stremo
632 1391 871 1461 ingenua
908 1409 1032 1443 cum
1068 1389 1320 1443 libertate
1360 1389 1628 1457 declarat,
1682 1408 1792 1442 non
1815 1388 2094 1445 iamsese

392 1462 728 1515 imitaturum
766 1480 886 1515 esse
924 1481 1110 1516 eorum
1146 1481 1351 1515 morem
1388 1469 1444 1514 et
1478 1459 1958 1528 consuetudinem,
1999 1460 2095 1529 qui

391 1533 632 1586 iudicum
681 1534 888 1589 animos
926 1533 1167 1605 indignis
1206 1531 1414 1602 modis,
1471 1532 1636 1599 fletu,
1675 1531 1956 1603 precibuS,
1997 1531 2094 1584 ob-

390 1605 803 1670 testationibuS,
847 1604 919 1657 ad
955 1604 1381 1658 misericordiam
1418 1603 1642 1657 flectere
1679 1609 1970 1670 conentur,
2009 1601 2094 1655 id-

393 1695 498 1745 que
541 1695 599 1729 se
622 1677 715 1740 vita
751 1677 928 1729 facere
968 1676 1317 1730 constituisse
1365 1695 1476 1730 non
1521 1682 1746 1746 propter
1783 1673 2092 1745 superbiam

393 1748 662 1816 aliquam,
702 1747 802 1800 sed
837 1755 1062 1819 propter
1099 1767 1253 1801 suam
1289 1748 1490 1818 pariter
1527 1754 1692 1814 atque
1729 1745 1968 1799 civitatis
2009 1744 2093 1798 di-

393 1819 655 1891 gnitatem
681 1826 736 1872 et
758 1827 984 1891 propter
1006 1820 1247 1890 ipsorum
1273 1818 1515 1872 iudicum
1534 1818 1871 1889 religionem,
1889 1816 2094 1887 quippe

395 1890 489 1960 qui
535 1890 887 1944 iureiurando
937 1891 1313 1961 promiserint,
1380 1909 1446 1943 se>
1500 1909 1568 1944 ex
1629 1908 1687 1943 re
1748 1895 1804 1941 et
1861 1887 2093 1941 veritate

392 1962 538 2015 bona
590 1981 713 2016 cum
758 1962 869 2016 fide
914 1962 1253 2016 iudicaturos
1291 1980 1430 2016 esse.
1506 1959 1874 2028 Quamobrem
1912 1959 1959 2013 si
1997 1959 2093 2028 qui

392 2033 752 2104 reperiantur,
794 2034 891 2103 qui
919 2034 992 2088 ab
1030 2034 1115 2088 his
1157 2033 1466 2104 postulent,
1504 2039 1568 2087 ut
1605 2031 1834 2102 gratiae,
1872 2037 1935 2084 ut
1970 2049 2094 2101 pre-

393 2104 577 2174 cibus,
629 2112 690 2158 ut
728 2105 1184 2160 obtestationibus
1223 2103 1559 2172 concedant,
1609 2121 1708 2156 eos
1757 2110 1943 2173 aperte
1993 2099 2092 2154 fla-

393 2176 567 2247 gitare
602 2176 776 2230 videri
810 2177 1110 2248 periurium
1146 2196 1318 2246 eaque
1354 2195 1412 2229 re
1448 2175 1506 2228 in
1543 2174 1806 2234 maximae
1828 2172 2093 2244 »impieta-

391 2248 462 2301 tis
501 2249 703 2301 crimen
736 2249 1012 2302 incurrere
1045 2250 1122 2320 (p.
1166 2250 1252 2302 34.
1293 2246 1356 2301 C.
1394 2278 1463 2286 --
1504 2248 1590 2301 35.
1628 2245 1743 2315 E).

534 2319 691 2373 Haec
739 2321 908 2391 igitur
954 2319 1211 2374 Socrates
1257 2320 1433 2391 prima
1470 2318 1746 2384 oratione,
1798 2334 1961 2384 quam
2007 2315 2094 2369 sui

395 2389 726 2444 defendendi
763 2410 957 2445 caussa
992 2392 1197 2445 habuit.
1273 2390 1593 2460 Sequuntur
1616 2388 1813 2440 dehinc
1837 2406 1919 2454 ea,
1950 2405 2093 2455 quae

395 2460 566 2529 dixit,
619 2481 785 2531 quum
833 2463 1021 2533 primis
1071 2462 1314 2516 iudicum
1359 2460 1644 2513 sententiis
1695 2458 1983 2510 damnatus
2023 2476 2091 2510 ex

393 2532 509 2585 iure
557 2533 747 2586 Attico
798 2533 950 2586 litem
1004 2552 1158 2585 suam
1215 2533 1334 2602 ipse
1385 2531 1668 2584 aestimare
1716 2530 1897 2582 iussus
1946 2536 2092 2582 esset

396 2603 474 2672 (p.
531 2603 616 2656 35.
667 2603 732 2656 E.
772 2635 841 2642 —-
878 2606 963 2658 38.
1002 2601 1115 2673 Β.).
1203 2602 1329 2670 Quo
1379 2601 1598 2672 quidem
1655 2601 1777 2654 loco
1825 2600 2090 2670 imprimis

397 2692 726 2745 cognoscere
763 2675 894 2728 licet
930 2675 1155 2732 liberam
1178 2673 1326 2727 illam
1349 2674 1450 2727 viri
1473 2672 1887 2738 contumaciam,
1928 2691 2091 2740 quam

398 2743 589 2798 Cicero
627 2746 826 2799 alicubi
873 2745 1126 2816 appellat.
1201 2746 1346 2799 Nam
1395 2753 1688 2814 postquam
1736 2741 2086 2814 significavit,

394 2817 614 2870 minime
653 2835 712 2870 se
751 2818 934 2870 mirari
969 2817 1106 2885 hoc,
1148 2816 1297 2887 quod
1333 2815 1725 2870 condemnatus
1763 2816 1849 2883 sit,
1889 2813 1987 2867 sed
2022 2814 2087 2867 il-

1945 2298 1955 2312 D

394 2887 491 2939 lud
526 2889 719 2941 mirum
754 2889 1035 2956 accidisse,
1077 2888 1224 2958 quod
1251 2888 1488 2941 Meletus
1532 2888 1622 2940 vix
1654 2887 1858 2940 iustum
1896 2883 2088 2938 suffra-
2159 2912 2171 2920 ·

397 2959 613 3029 giorum
649 2979 930 3013 numerum
965 2960 1171 3027 tulerit,
1211 2978 1329 3015 sese
1370 2959 1612 3012 ostendit
1633 2957 1690 3011 id
1720 2956 1941 3012 honoris
1978 2975 2088 3008 me-

396 3031 569 3084 ruisse
606 3030 799 3098 videri,
839 3040 900 3085 ut
939 3032 1043 3085 sibi
1079 3031 1295 3103 publice
1332 3031 1388 3083 in
1425 3038 1692 3102 prytaneo
1725 3030 1905 3082 victus
1933 3047 2088 3098 prae-

394 3102 611 3167 beatur3
662 3122 829 3172 quum
878 3103 1020 3155 enim
1067 3104 1184 3156 aliis
1222 3122 1500 3172 nunquam
1537 3102 1788 3155 iniuriam
1822 3099 2083 3166 intulerit,

393 3192 464 3226 ne
506 3173 612 3227 hoc
666 3173 886 3244 quidem
934 3192 993 3226 se
1049 3176 1386 3228 committere
1449 3174 1618 3241 velle,
1681 3179 1744 3230 ut
1798 3171 1855 3223 in
1915 3178 2086 3224 semet

392 3244 570 3315 ipsum
609 3252 816 3299 statuat
851 3246 1126 3307 iniustius.
1202 3246 1263 3302 Si
1299 3253 1481 3298 tamen
1519 3246 1701 3316 aliqua
1738 3261 1914 3313 poena
1948 3242 2083 3294 irro-

394 3315 577 3387 ganda
619 3317 723 3386 sit,
762 3317 1019 3371 mulctam
1055 3337 1114 3373 se
1154 3326 1375 3389 optare,
1427 3313 1867 3387 quandoquidem
1914 3332 2080 3384 pecu-
