2222 3762
322 633 388 685 18

421 160 488 214 56
1026 150 1514 208 PLATO-NIS

420 307 570 361 τωσί.
597 303 700 359 νῦν
721 299 822 372 ἐγὼ
860 302 1083 373 πρῶτον
1115 302 1206 355 ἐπὶ
1244 296 1600 373 δικαστήριον
1639 298 1980 368 ἀναβέβηκα,
2025 300 2117 362 ἔτη

419 384 656 460 γεγονὼς
675 390 838 442 πλείω
864 383 1250 456 ἑβδομήκοντα
1267 401 1279 414 ·
1314 381 1554 455 ἀτεχνῶς
1580 375 1682 439 οὖν
1704 383 1864 448 ξένως
1891 385 1986 451 ἔχω
2019 381 2120 445 τῆς

421 471 631 530 ἐνθάδε
656 471 859 538 λέξεως.
890 467 1064 540 ὥςπερ
1098 460 1204 525 οὖν
1229 463 1318 532 ἄν,
1349 474 1396 522 εὶ
1413 471 1490 538 τῷ
1519 466 1639 524 ὄντι
1651 467 1802 533 ξένος
1814 465 2122 535 ἐτύγχανον

423 552 964 626 ὤν,ξυνεγιγνώσκετε
979 552 1164 619 δήπου
1183 549 1257 606 ἄν
1271 558 1501 622 μοι,εὶὲν
1514 557 1684 628 ἐκείνῃ
1699 554 1763 627 τῇ
1778 552 1934 625 φωνῇ
1954 569 2010 603 τε
2030 549 2124 602 καὶ

425 644 501 712 τῷ
527 640 715 712 τρόπῳ
744 642 946 709 ἔλεγον,
975 643 1033 692 ἐν
1061 634 1249 710 offis-nep
1279 635 1661 709 ἐτεθράμ-μην,
1686 639 1778 690 καὶ
1804 631 1871 702 δὴ
1902 635 1995 687 καὶ
2020 633 2124 686 νῦν

424 729 603 782 τοῦτο·
635 722 789 794 ὑμῶν
836 725 1027 792 δέομαι
1069 723 1299 786 δίκαιον,
1339 717 1414 785 ὥς
1438 719 1477 790 γ’
1533 725 1656 792 ἐμοὶ
1692 723 1848 782 δοκῶ,
1889 716 2125 786 τὸνμὲν

426 807 640 882 τρόπον
667 810 765 874 τῆς
785 806 971 872 λέξεως
996 807 1093 859 ὲᾶν
1116 838 1200 845 -
1225 804 1351 870 ἴσως
1376 808 1476 875 μὲν
1520 803 1627 875 γάρ
1666 827 1717 859 τι
1751 808 1960 876 χείρων,
2001 800 2128 863 ἴσως

542 1002 592 1045 D.
653 1000 740 1053 ἔτη
779 996 1024 1054 γεγονὼς·
1070 999 1231 1039 πλείω
1271 995 1687 1052 ἑβδομήκοντα]
1755 996 1884 1039 Bodl.
1901 985 2047 1036 Ὗίηᾶ.
2091 993 2129 1038 1.

425 1059 468 1103 4.
497 1058 615 1100 Flor.
647 1057 692 1099 d.
722 1071 764 1110 g.
801 1056 838 1100 Ιι.
872 1057 972 1098 Par.
1014 1056 1157 1098 DST.
1198 1069 1282 1099 om.
1315 1056 1455 1097 πλειᾝω
1507 1057 1557 1098 In
1592 1057 1704 1098 Ven.
1744 1057 1784 1099 b.
1826 1054 1953 1094 πλείω
1992 1048 2018 1106 ἢ
2057 1064 2130 1093 su-

429 1117 714 1171 perscriptum
749 1118 829 1158 est.
892 1114 986 1156 Non
1019 1120 1166 1155 tamen
1199 1113 1372 1163 dubito,
1416 1115 1517 1167 quin
1566 1121 1683 1156 recte
1723 1118 1938 1155 servatum
1983 1111 2040 1151 sit
2075 1110 2131 1151 ab

430 1175 542 1216 aliis.
605 1173 816 1214 Videlicet
847 1171 903 1214 ad
935 1173 1018 1213 vim
1053 1173 1286 1214 oratoriam
1309 1172 1436 1212 πλείω
1457 1173 1606 1224 utique
1635 1173 1888 1226 requiritur,
1921 1167 2040 1221 quod
2069 1169 2133 1210 vi-

428 1231 584 1274 dentur
624 1230 838 1272 delevisse
875 1230 1012 1271 critici
1045 1230 1370 1282 relioiosiores,
1411 1231 1483 1283 qui
1515 1229 1680 1274 Criton
1714 1244 1758 1284 p.
1793 1229 1863 1272 52.
1898 1226 1950 1268 E.
1982 1227 2133 1268 memi-

429 1290 592 1330 nissent
629 1287 881 1341 simpliciter
919 1289 1190 1341 septuaginta
1231 1299 1436 1329 annorum
1478 1289 1738 1330 mentionem
1779 1287 1886 1329 fieri.
1945 1283 2136 1326 Accedit

431 1346 549 1400 quod
581 1345 787 1387 Socrates
819 1347 963 1398 utique
994 1357 1148 1386 annum
1182 1346 1341 1386 aetatis
1381 1347 1749 1399 septuagesimum
1781 1345 1966 1386 duorum
1998 1341 2136 1384 ferme

432 1417 638 1446 annorum
670 1403 813 1513 spztio
845 1415 1154 1461 supergressus
1188 1407 1269 1452 est,
1302 1403 1426 1444 sicuti
1461 1403 1653 1446 ostendit
1678 1401 1863 1444 Boeckli.
1900 1399 2033 1453 Corp.
2059 1399 2136 1441 Iu-

433 1463 598 1516 scriptt.
629 1461 693 1501 ΙΙ.
765 1458 906 1504 ,34.1
938 1462 1036 1502 coll.
1072 1460 1307 1504 Hermann.
1369 1462 1432 1502 De
1463 1462 1633 1503 theoria
1667 1462 1761 1503 Del.
1794 1474 1838 1514 p.
1864 1461 1907 1502 7-

548 1519 600 1561 Ρ.
638 1517 702 1562 18.
746 1529 816 1558 ωε
849 1512 894 1572 γ’
925 1514 1250 1570 ἐμοὶδοκῶΙ
1297 1518 1372 1560 Sic
1402 1518 1530 1562 vind.
1567 1519 1603 1562 1.
1634 1520 1676 1563 G.
1709 1519 1812 1561 Ven.
1851 1518 1891 1560 b.
1927 1518 2017 1557 Par.
2050 1513 2136 1557 DS.

436 1576 554 1620 vett.
590 1575 716 1619 editt.
751 1573 799 1629 γέ
827 1589 914 1626 μοι.

435 1750 577 1788 autem
606 1746 793 1789 formula
824 1748 1045 1796 oratorum
1081 1744 1245 1786 solem-

433 1805 525 1855 nis,
571 1803 629 1858 μὴ
667 1805 926 1858 θορυβεῖτε,
968 1814 1097 1855 quum
1138 1801 1243 1853 quid

1329 1758 1493 1788 mann.
1535 1745 1598 1786 De
1630 1741 1790 1787 ‘ordine
1834 1721 2028 1786 iudicior.
2061 1745 2141 1787 At-

1329 1805 1450 1844 ticor.
1502 1816 1542 1856 p.
1587 1801 1773 1856 1482sq.
1822 1799 2060 1857 Siczfiinsra
2099 1815 2141 1855 p.

436 1861 590 1903 dicturi
639 1867 764 1912 sunt,
808 1859 925 1913 quod
969 1859 1243 1901 audientibus

438 1919 684 1974 displiceat,
714 1931 753 1963 v.
791 1917 898 1959 infra
939 1929 980 1969 p.
1016 1916 1085 1963 20.
1120 1916 1169 1960 Ε.
1203 1930 1244 1970 p.

438 1978 508 2021 21.
543 1979 591 2018 Α.
620 1977 725 2022 coll.
758 1975 967 2023 Iacobs.
1005 1975 1060 2016 ad
1095 1975 1244 2030 Eurip.

439 2034 558 2077 Med.
591 2047 631 2078 V.
663 2034 761 2079 550.
793 2032 860 2075 ed.
893 2033 1062 2086 Pflugk.

498 2094 588 2143 ἔτη
654 2089 892 2144 γεγονὼς
956 2090 1121 2130 πλείω
1163 2090 1242 2143 ἕβ-

440 2148 783 2203 δομήκοντα]
817 2148 914 2189 Non
946 2160 1055 2201 opus
1086 2152 1166 2196 est,
1198 2152 1245 2188 ut

442 2206 468 2259 ἢ
501 2212 603 2261 post
634 2207 758 2248 πλείω
796 2206 1004 2256 addatur,
1038 2205 1093 2247 de
1123 2206 1245 2248 cuius

441 2265 736 2321 omissionev.
771 2264 812 2305 M
830 2262 958 2307 atth.
975 2263 1054 2304 Gr.
1079 2266 1119 2316 5.
1143 2263 1244 2306 455.

439 2322 479 2366 4.
507 2323 661 2364 Rost.
683 2323 759 2362 Gr.
777 2334 819 2362 v.
841 2321 909 2365 97.
924 2320 963 2364 9.
985 2334 1020 2364 a.
1035 2335 1099 2365 aa.
1124 2322 1242 2363 Ser-

440 2393 608 2427 ranus
667 2380 816 2421 vertit:
885 2391 1053 2419 annos
1131 2381 1246 2433 plus

442 2438 740 2489 sexaginta
782 2442 966 2486 natus,
1008 2442 1056 2476 ut
1095 2437 1246 2478 ridea-

442 2501 513 2536 tur
547 2496 675 2542 πλείω
709 2493 910 2545 ἑξήκοντα
938 2494 1106 2545 legisse.
1157 2494 1250 2535 Nisi

442 2552 556 2592 sorte
610 2551 720 2592 liuuc
778 2563 1001 2591 numerum
1052 2550 1107 2591 de
1159 2553 1252 2592 sola

443 2609 688 2650 coniectura
744 2609 911 2661 pos-uit,
962 2620 1091 2660 quum
1149 2610 1255 2650 satis

445 2672 616 2707 constet
655 2665 786 2707 fnisse
806 2666 877 2717 qui
901 2664 1128 2706 Socratem
1158 2679 1254 2707 nar-

444 2728 590 2764 rarent
603 2724 761 2764 obiisse
781 2719 1125 2775 sexagenarium,
1141 2728 1256 2765 teste

445 2780 684 2822 Laertio
716 2780 780 2829 11,
811 2778 881 2824 45.
922 2780 1012 2821 Sed
1033 2786 1151 2822 recte
1173 2781 1256 2822 Fi-

449 2836 670 2879 scherus
715 2835 1008 2889 ἑβδομήκοντα
1058 2838 1114 2879 ita
1157 2844 1252 2880 tue-

447 2899 538 2946 tur,
581 2901 627 2937 ut
667 2895 852 2937 conferri
892 2894 1039 2936 iubeat
1083 2895 1249 2937 Criton.

442 2966 479 2993 c.
535 2955 598 2997 14.
648 2967 687 3006 p.
741 2952 813 2996 52.
862 2952 916 2994 E.
970 2952 1248 2995 Maximum

439 3009 544 3062 Tyr.
579 3010 646 3054 39.
683 3024 722 3063 p.
754 3007 853 3052 412.
903 3014 947 3052 et
977 3009 1151 3052 Laert.
1186 3012 1248 3052 ΙΙ.

439 3065 511 3111 44.
558 3069 700 3122 ibique
732 3067 1061 3120 Menagium.
1105 3062 1249 3112 Ἀνι-

441 3127 559 3179 βαίν
541 3127 749 3167 νεινὴοο
762 3137 892 3166 sensu
911 3125 1098 3178 positum
1135 3126 1255 3167 exin-

442 3184 497 3224 de
529 3182 825 3237 explicandum
859 3188 941 3232 est,
975 3182 1090 3235 quod
1118 3183 1159 3223 in
1190 3185 1255 3225 lo-

440 3241 504 3281 cis
541 3241 699 3282 iudicio
733 3239 964 3282 destinatis
999 3240 1094 3281 bina
1135 3247 1256 3282 erant

440 3304 646 3351 suggesta
684 3313 720 3340 s.
761 3295 969 3350 βήματα,
1014 3297 1053 3337 in
1094 3299 1253 3350 quibus

437 3360 563 3398 actor
594 3361 639 3398 et
653 3370 753 3399 reus
776 3367 980 3398 caussam
1010 3367 1130 3396 suam
1156 3369 1254 3410 per-

441 3419 612 3464 orantes
663 3413 963 3459 versabantur.
1024 3426 1063 3452 v.
1101 3412 1254 3456 Sclu’i-

1328 1861 1399 1906 33.
1434 1861 1482 1902 D.
1514 1859 1584 1905 36.
1623 1867 1671 1902 A.
1702 1858 1774 1906 40.
1815 1861 1864 1904 Β.
1905 1859 1976 1906 34.
2009 1859 2044 1901 C
2089 1860 2127 1901 D

1385 1945 1624 2000 ἀτεχνῶς
1665 1941 1759 1988 οὖν
1806 1948 1966 1992 ξένιος
2006 1947 2142 1998 ἔχω]

1327 2005 1400 2045 De
1432 2004 1512 2046 hoc
1545 2018 1623 2047 usu
1655 2019 1692 2045 v.
1724 2004 1908 2056 ἀτεχνῶς
1955 2002 2144 2045 diximus

1330 2062 1383 2104 ad
1429 2063 1526 2104 Ion.
1581 2077 1624 2116 p.
1672 2063 1772 2107 534.
1821 2063 1890 2103 E.
1953 2061 2145 2102 Genitivi

1329 2121 1544 2162 rationem
1581 2122 1808 2178 {illustrant
1865 2118 2052 2162 Matth.
2111 2118 2146 2171 5.

1330 2178 1433 2222 337.
1453 2179 1719 2234 etRostp
1751 2180 1850 2225 553.
1861 2193 1926 2220 aa
1949 2177 2016 2220 ed
2034 2178 2076 2219 7.
2093 2200 2147 2206 -

1331 2235 1354 2289 ἤ
1387 2234 1603 2294 etv-90:152
1633 2237 1793 2295 λέξ“ις,
1810 2248 1948 2292 genus
1980 2233 2150 2277 dicendi

1330 2294 1547 2338 iudiciale.

1390 2350 1559 2405 ωςπερ
1597 2346 1692 2393 ουν
1735 2351 1826 2400 ἄν,
1869 2349 1912 2392 εἰ
1949 2349 2033 2404 -]
2094 2349 2148 2391 In

1335 2411 1494 2453 talibus
1514 2410 1567 2450 ἅν
1590 2410 1738 2451 referri
1766 2415 1942 2463 oportet
1963 2407 2151 2462 ad'apo-

1340 2468 1489 2515 dosin,
1533 2467 1604 2508 ubi
1638 2480 1720 2508 non
1755 2468 1849 2508 sine
1881 2479 2036 2507 caussa
2068 2467 2151 2508 ite-

1340 2531 1474 2567 ratur.
1535 2525 1598 2565 De
1658 2538 1745 2576 qua
1803 2525 2036 2566 iteratione
2095 2524 2151 2568 cf.

1341 2583 1494 2624 Rost.
1529 2581 1567 2633 5.
1606 2582 1698 2625 120.
1733 2587 1819 2622 not.
1853 2581 1894 2624 4.
1932 2581 2152 2624 Quocirca

1343 2642 1464 2682 locus
1495 2639 1554 2679 ita
1586 2639 1866 2693 accipiendus
1898 2643 1994 2690 est,
2033 2653 2084 2682 ac
2116 2640 2152 2681 si

1343 2699 1552 2750 scriptum
1600 2703 1739 2739 esset.
1791 2695 1930 2748 ὥςπερ
1972 2701 2053 2739 οὐν
2100 2713 2155 2738 αν

1344 2757 1409 2800 Sin
1399 2770 1534 2808 ιεγιγν
1537 2769 1690 2796 ωσκετε
1710 2751 2009 2808 δήπουμόνοι,
2034 2757 2072 2796 εἰ
2095 2759 2154 2811 ‘nb'

1346 2812 1445 2852 ὄντι
1474 2810 1587 2859 ξένος
1617 2814 1651 2852 ἐ.
1684 2812 1977 2854 5v.1nvaluit
2006 2819 2153 2856 autem

1340 2869 1445 2912 haec
1457 2869 1567 2910 ratio
1590 2871 1635 2911 in
1649 2868 1780 2924 ὥςπερ
1795 2886 1848 2910 αν
1866 2870 1999 2914 eluti.
2026 2871 2155 2924 adeo,

1338 2933 1386 2969 ut
1415 2928 1730 2981 propemodum
1763 2931 1967 2972 constans
2005 2933 2049 2971 et
2091 2931 2157 2972 le-

1339 2985 1490 3039 gitima
1524 2986 1592 3026 sit.

1397 3071 1450 3109 ἐι
1482 3070 1622 3110 sustu
1605 3087 1660 3125 ¹2²]
1695 3076 1754 3124 τῇ
1787 3076 1928 3127 φωνῇ
1962 3095 2015 3103 -
2048 3074 2156 3114 ἐτε-

1345 3126 1638 3182 θράμμην]
1704 3129 1960 3183 111ῑθΙΠ3ἤιιι·
2011 3131 2156 3183 linoua

1344 3185 1434 3227 sive
1467 3185 1677 3228 dialectus
1717 3189 1853 3239 patria
1905 3193 1948 3228 et
1986 3187 2157 3231 dicendi

1346 3242 1459 3284 ratio
1492 3257 1513 3283 a
1547 3244 1644 3285 foro
1670 3245 1813 3286 Attico
1848 3245 2004 3290 aliena.
2036 3246 2158 3290 Qua-

1353 3307 1482 3341 tenus
1512 3303 1753 3355 peregrinis
1783 3307 1914 3354 atque
1947 3303 2076 3344 sociis
2109 3304 2158 3344 li-

1352 3360 1491 3399 cuerit
1576 3359 1755 3401 Athenis
1813 3373 1991 3402 caussas
2054 3374 2159 3402 suas

1348 3417 1782 3471 agere‚‹lisputantM
1797 3418 1843 3460 ei
1861 3430 1916 3459 er
1941 3417 2158 3474 etSeliG-
