2158 3718
383 162 415 211 2
1013 163 1415 216 I'LATONIS

386 304 621 362 οἴκοθεν
682 303 858 362 ἀνιών
922 305 1290 382 Φαληρόθεν.
1345 310 1455 365 τῶν
1512 300 1614 364 οὖν
1654 311 1944 382 γνωρίμων
1986 330 2068 375 τις

383 385 629 446 ὄπισθεν
673 387 911 446 κατιδών
951 412 1018 462 με
1064 388 1372 468 πόρῥωθεν
1430 391 1651 450 ἐκάλεσε
1705 394 1800 449 καὶ
1856 395 2067 462 παίζων

501 611 740 653 ὄπισθεν
769 608 1026 665 κατιδών]
1070 611 1227 663 Coisl.,
1261 615 1310 653 ut
1344 613 1479 665 solet,
1512 611 1700 665 ὄπισθε,
1730 626 1841 667 quae
1869 618 1936 657 est
1968 627 2068 669 per-

387 673 516 722 petua
554 671 596 711 in
628 668 757 710 codd.
790 682 895 710 mss.
930 668 1136 719 variatio,
1165 682 1198 710 v
1234 668 1341 710 infra
1372 683 1412 722 p.
1451 669 1545 714 191.
1582 671 1635 711 Β.
1665 670 1763 715 213.
1800 674 1847 713 A.
1883 677 1927 715 et
1955 686 2070 725 quae

386 727 551 767 notavit
581 725 832 767 Schneider.
873 724 926 767 ad
959 726 1119 779 Remp.
1150 726 1203 768 ΙΙ.
1246 739 1287 780 p.
1317 725 1415 770 363.
1445 727 1496 768 Ι).
1558 727 1651 770 Nec
1686 733 1832 771 tamen
1874 728 1941 771 hic
1978 730 2068 771 sine

385 789 625 824 ceterorum
646 784 852 825 librorum
882 795 1094 824 consensu
1126 796 1222 824 cum
1251 784 1452 826 Bekkero
1484 785 1668 826 scribam
1700 785 1886 838 ὄπισθε,
1918 799 1958 830 v,
1977 787 2070 828 Lo-

385 841 506 882 beck.
541 840 595 882 ad
628 839 851 894 Phrynich.
884 854 923 894 p.
958 839 1061 884 284.
1095 841 1261 882 Buttm.
1295 841 1378 884 Gr.
1416 843 1549 896 ampl.
1583 842 1622 892 ἓ.
1653 841 1754 886 264.
1786 842 1823 896 §.
1859 842 1955 888 116.
1988 844 2024 887 1.

491 918 550 966 Ὦ
599 922 902 983 Φαληρεύς,
949 926 1069 980 ἔφη,
1109 918 1276 975 οὗτος
1320 924 1452 977 ’Λπ.]
1500 921 1535 968 ὦ
1579 939 1659 981 pro
1695 928 1810 982 vulg.
1849 926 1872 970 ὁ
1914 927 2073 972 babent

385 1064 482 1107 dem
515 1078 611 1107 cum
636 1066 862 1109 Glaucone
893 1067 1187 1109 communica-

384 1123 510 1164 verit.
572 1124 632 1165 Et
660 1125 776 1178 prior
806 1124 979 1178 quidem
1004 1126 1184 1179 Apollo-

387 1180 483 1222 dori
512 1182 700 1223 narratio
740 1182 781 1223 in
815 1196 865 1224 ea
895 1181 1042 1223 incidit
1072 1187 1182 1225 tem-

385 1251 516 1305 pora,
547 1239 701 1291 quibus
729 1239 938 1281 Socrates
967 1238 1106 1282 adhuc
1141 1241 1184 1282 in

386 1296 498 1339 vivis
525 1301 641 1349 erat,
682 1296 808 1338 sicuti
840 1297 1073 1339 clarissime
1103 1311 1182 1351 ap-

387 1357 543 1411 paret
553 1366 622 1408 ex
628 1367 703 1408 p
713 1352 807 1406 172
831 1354 923 1412 MC
946 1355 1190 1412 Posterior,
1213 1376 1224 1405 χ

388 1415 548 1466 autem
581 1401 707 1470 llaec,
757 1411 856 1465 quia
896 1423 1001 1459 ιιοιι
1026 1425 1217 1467 magno·

388 1462 598 1521 temporis
634 1467 856 1511 intervallo
896 1482 921 1510 a
961 1472 1184 1523 superiore

386 1525 578 1575 distare
599 1525 778 1579 dicitur,
830 1531 950 1579 certe
993 1537 1080 1568 non·
1116 1532 1215 1579 est,

386 1587 487 1636 post
531 1583 696 1627 obitum
736 1574 934 1627 Socratis
971 1584 1182 1646 instituta,

387 1640 428 1681 id
460 1639 575 1693 quod
605 1641 732 1682 etiam
737 1630 1001 1695 intelligitur
1030 1653 1054 1683 e
1082 1643 1184 1683 ver-'

386 1698 456 1739 bis
496 1710 537 1751 p.
574 1697 666 1740 173
711 1698 776 1739 D.
813 1698 884 1738 καὶ
922 1699 1061 1751 δοκεῖς
1103 1710 1185 1752 μοι

387 1753 572 1804 ἀτεχνῶς
617 1753 782 1801 πάντας
830 1754 1017 1802 ἀθλίους
1064 1753 1182 1811 ἡγεῖ-

387 1816 501 1852 σθαι
538 1807 647 1863 πλὴν
683 1811 948 1866 Σωκράτους
987 1828 1010 1853 κ
1065 1830 1104 1856 τ.
1144 1813 1184 1856 λ.

385 1869 535 1922 ltaque
581 1869 871 1922 Apollodorus
921 1883 1051 1924 quum
1096 1871 1182 1912 So-

386 1932 504 1968 crate
535 1931 666 1979 atque
696 1927 924 1981 Agathone
953 1927 1088 1970 adhue
1117 1929 1182 1970 vi-

334 2008 336 2011 ·
385 1984 610 2040 ventibus
616 1985 699 2026 ista
721 1985 871 2036 omnia
909 1990 1086 2039 narrans
1115 1986 1182 2028 in-

386 2034 593 2094 ducatur,
624 2032 869 2096 probabile
879 2042 947 2084 est
983 2048 1181 2096 quartum

384 2098 478 2141 fei-e
497 2103 582 2140 aut
607 2098 784 2145 tertium
813 2100 992 2155 Olymp.¹
990 2100 1076 2147 ·.94
1107 2106 1183 2142 an—

382 2169 484 2198 num
533 2157 789 2198 narrationis
847 2171 946 2199 esse
993 2163 1181 2213 tempus.

380 2213 604 2256 Difficilior
633 2215 775 2269 paullo
800 2215 995 2268 quaestio
1029 2223 1096 2257 est
1128 2215 1183 2258 de

382 2273 505 2324 loco,
531 2270 628 2313 ῗιιιιίε
649 2271 956 2326 :·Affi'onodorus
978 2273 1184 2327 ¹fingatur

383 2342 439 2371 eo
497 2330 660 2371 'varum
685 2342 935 2372 »sermones
961 2331 1180 2373 eretulisse.

381 2386 442 2428 Et
489 2399 494 2403 ·
529 2387 786 2429 omme-lio
811 2388 988 2441 quidem
1020 2387 1058 2429 si
1085 2401 1189 2439 cre-s.

382 2444 566 2495 dimus,·
606 2444 786 2487 factumst
816 2444 1036 2488 honest·
1069 2445 1191 2488 inter>
1220 2458 1221 2461 ’

381 2501 496 2544 viam
525 2501 626 2544 iud'e
646 2515 682 2543 a
710 2507 844 2556 portu
855 2502 1078 2545 -P-halereo
1107 2512 1197 2544 us*-

380 2571 466 2611 que
497 2559 550 2600 ad
562 2559 734 2606 urbem.
764 2582 774 2593 ν
791 2560 1027 2613 Enimvero
1044 2562 1078 2602 A
1085 2562 1180 2615 pol-

380 2616 560 2658 lodorus
594 2617 688 2670 ipse
725 2624 871 2660 narrat
910 2631 1010 2661 sese
1041 2618 1179 2660 Glau-

381 2674 478 2714 coni
499 2679 634 2714 totam
652 2687 742 2715 rem
762 2675 1030 2728 exposuisse,
1045 2687 1179 2726 quum

379 2729 604 2786 aliquando
645 2742 699 2773 ex
729 2730 914 2778 Phalero
953 2732 996 2772 ιιι
1026 2731 1178 2772 urbem

378 2783 955 2843 proficisceretur.1taque
990 2787 1053 2829 vir
1098 2785 1178 2828 do-

379 2846 474 2888 ctus
505 2848 654 2885 censet
676 2841 890 2890 hominem
934 2856 1044 2885 nunc
1074 2856 1176 2885 ean-

378 2894 480 2954 'dem
505 2912 598 2942 rem
621 2896 887 2950 narraturum
912 2900 1044 2944 etiam
1064 2900 1174 2943 viam

377 2946 502 3025 illam
533 2957 882 3016 repetiisse51d
926 2957 1042 3012 quod
1080 2959 1173 3000 col-

375 3014 489 3073 ligit
505 3028 559 3063 ex
597 3028 658 3070 p.
665 3000 777 3062 1'173.
817 3007 893 3068 C.‚
937 3017 1009 3057 ubi
1052 3019 1173 3058 vete-

375 3084 469 3119 tem
510 3068 774 3133 lectionem
779 3070 918 3114 ταύτὰ
955 3070 1038 3127 χρὴ
1073 3087 1172 3114 ποι-

374 3134 438 3171 εῖν
444 3123 715 3185 seruandam
723 3123 884 3192 censet,
904 3131 964 3172 ita
982 3128 1170 3198 quidem,

373 3192 425 3230 ut
467 3184 618 3247 τᾳιῖιᾶ
655 3183 715 3232 ad
750 3181 855 3246 ¹viae
900 3187 1177 3231 iterationem

374 3235 634 3302 referatur
651 3242 750 3304 -At
749 3236 957 3313 primum
993 3245 1169 3299 quidem

372 3315 473 3356 per
482 3315 530 3354 se
556 3294 646 3355 ιιοιι
651 3286 754 3355 ¹est'
764 3299 1002 3351 verisimile
1034 3304 1168 3357 Apol-

373 3350 573 3408 todorum
641 3356 748 3424 fingi
801 3352 917 3404 'inter
980 3360 1167 3403 eundum

371 3430 522 3461 omnes
567 3419 671 3460 istas
711 3414 930 3490 orationes
968 3417 1026 3461 ita
1058 3419 1165 3460 reci-

1251 1409 1367 1454 ‘licet
1404 1426 1428 1454 e
1460 1411 1665 1466 verbisp

1271 1070 1464 1120 tavisse‚
1511 1067 1638 1109 sicuti
1679 1066 1795 1122 apud
1839 1066 2069 1112 Platonem

1269 1125 1534 1179 perscriptae
1585 1126 1815 1180 leguntur,
1869 1138 2069 1179 praeser-

1268 1183 1347 1225 tim
1389 1195 1522 1236 quum
1566 1195 1644 1224 eas
1678 1183 1971 1237 compluribus
2000 1183 2067 1225 sa-

1251 1240 1500 1282 miliaribus
1538 1240 1773 1286 retulerit..
1773 1239 1954 1293 Neque
1996 1240 2067 1283 ille

1267 1297 1478 1339 Glauconi
1508 1296 1680 1338 videtur
1703 1287 1780 1339 eas
1805 1302 1932 1339 antea
1955 1298 2067 1340 inte-

1264 1367 1365 1421 gras
1397 1354 1675 1409 exposuisse,
1697 1355 1828 1403 sicuti
1850 1355 2066 1428 colligere

1670 1401 1811 1455 .173’.
1847 1396 1906 1453 Βε
1940 1408 2064 1452 ὀυτω

1267 1460 1326 1521 δὴ
1352 1465 1490 1516 ἰόντές
1519 1467 1610 1523 α’μα
1638 1425 1756 1515 τοὺς
1779 1466 1947 1524 λόγους
1975 1477 2064 1511 ’πμ

1268 1526 1337 1580 ρὶ
1342 1540 1417 1567 mv
1430 1541 1529 1568 των
1558 1523 1854 1588 ἐποιούμεθα.
1895 1526 2065 1572 Deinde

1265 1580 1339 1628 ille
1367 1584 1461 1638 ipse
1499 1580 1676 1636 lucus,
1693 1587 1782 1651 quo
1811 1583 2063 1643 Homme-

1266 1638 1383 1682 lius
1426 1631 1711 1683 sententiam
1731 1637 1888 1684 suam
1903 1642 2063 1683 confir-

1253 1709 1404 1750 ·mare
1416 1699 1603 1751 studuit,
1636 1699 1691 1740 ob
1723 1698 1960 1752 sequeutia,
1991 1698 2063 1739 καὶ

1264 1754 1347 1811 γὰρ
1389 1757 1515 1810 ἔγωγε
1556 1771 1593 1798 κ.
1632 1772 1671 1797 τ.
1713 1756 1776 1808 λ.,
1818 1756 2064 1798 necessario

1266 1813 1543 1866 corrigendus
1577 1818 1656 1855 est.
1705 1813 1940 1857 Verissime
1955 1814 2063 1856 enim

1268 1870 1341 1912 viri
1373 1871 1488 1913 docti
1519 1870 1800 1913 emendarunt
1826 1874 1986 1923 ταῦτα,
2016 1876 2065 1913 ut

1266 1940 1513 1982 pronomen
1559 1928 1723 1969 numeri
1783 1928 1956 1982 pluralis
2005 1927 2061 1971 de

1266 1997 1349 2029 una
1393 1998 1442 2027 re
1489 1985 1729 2054 accipiatur
1761 1985 2062 2042 referaturque

1266 2039 1320 2084 ad
1351 2033 1665 2096 'praegressum
1705 2039 1808 2096 υμῖν
1851 2030 2063 2100 ’δὶηγήσα-

1268 2102 1409 2153 σθαι,
1443 2101 1515 2154 qui
1543 2113 1658 2142 usus
1685 2099 1918 2154 loquendi
1934 2100 2062 2143 sicuti

1268 2158 1432 2216 scribas
1486 2170 1570 2199 non
1621 2170 1718 2200 raro
1766 2156 1941 2209 fefellit,
2001 2158 2062 2199 ita

1267 2202 1385 2269 apud
1422 2215 1651 2258 Platonem
1700 2215 1831 2268 longe
1869 2219 1936 2257 est
1972 2214 2061 2257 fre-

1265 2273 1621 2326 quentissimus.
1646 2272 1754 2316 Nam
1784 2271 1864 2324 bac
1886 2271 2060 2316 demum

1247 2331 1565 2375 ,emendatione
1592 2329 1786 2379 admissa
1814 2329 1958 2374 omnia
1987 2342 2060 2378 re·-

1265 2387 1480 2434 ete1inter
1514 2401 1575 2431 se.
1605 2387 1855 2430 cohaerent.
1882 2431 1886 2435 ,
1910 2386 2067 2441 Itaque·

1264 2445 1538 2489 statuendum
1580 2450 1648 2488 est
1695 2445 1842 2499 potius
1878 2445 2068 2498 Apono-⁴

1264 2502 1418 2544 dorum
1459 2503 1600 2548 omnia
1636 2503 1678 2544 in
1706 2507 2061 2555 conventuque-,2

1264 2559 1367 2605 dam
1382 2559 1618 2603 amicorum
1635 2564 1878 2626 narrantem
1898 2559 2056 2610 induci,

1262 2629 1430 2714 ιιιοιιᾳίιέο
1440 2617 1638 2715 031?ngss
1641 2617 1828 2714 ιἰἰιιιιῑιιιίὶιιῐιι
1844 2617 2058 2714 ’ἐῗοῗξὲἶ

1260 2735 1402 2783 gatus.
1460 2730 1723 2783 Principium
1742 2729 1900 2782 dialogi
1920 2730 2057 2779 ¹iocu-

1260 2786 1334 2827 lari
1366 2785 1599 2829 imitatione
1617 2787 1832 2842 expressit
1861 2787 2057 2829 Alexis

1258 2841 1373 2896 apud
1415 2842 1683 2887 Athenaeum
1721 2842 2054 2899 x111.p.‘.562

1258 2903 1311 2941 A.
1342 2931 1399 2940 .-
1342 2900 1481 2942 -.T
1522 2901 1596 2943 ΙΙΙ.
1636 2915 1678 2957 p.
1725 2899 1861 2946 1250
1874 2912 1936 2957 sq.
1985 2900 2056 2946 ed.

1257 2957 1451 2999 Dindorf.
1482 2958 1767 3031 Πορειιομένῳ
1785 2956 1840 3000 ·’δ
1867 2957 1912 2998 ἐκ
1942 2956 2070 2999 Πει-’

1257 3019 1386 3069 ραιῶς
1426 3013 1513 3058 υπὸ
1561 3020 1644 3058 τῶν
1681 3018 1818 3058 κοινῶν
1847 3013 1939 3056 Καὶ
1973 3020 2054 3068 τῆς

1253 3070 1445 3128 &noetus
1468 3069 1933 3143 φιλοσοφεῖνκατῆλθέ
1954 3076 2049 3128 μοι’.

1252 3130 1349 3171 Καί
1372 3145 1451 3194 μοι
1479 3131 1686 3173 δοκοῦσιν
1700 3127 1875 3200 ἆγνοειν
1899 3129 1945 3170 οἱ
1974 3129 2068 3179 ζω-

1250 3186 1414 3286 3350?
1433 3184 1743 3300 'LEQE’JZ
1764 3185 2051 3313 {3505-222:

1250 3319 1322 3350 voc
1359 3298 1526 3345 τούτου
1562 3303 1762 3346 ποιοῦσιν
1801 3298 1994 3348 εἰκόνἀς
2010 3314 2046 3342 κ.

1251 3378 1288 3402 τ.
1322 3359 1376 3413 L,
1406 3360 1480 3403 ubi
1509 3355 1630 3415 quod
1655 3359 1697 3402 hi
1731 3356 1936 3402 versiculi
1962 3365 2048 3400 non

1251 3432 1275 3461 e
1314 3416 1596 3473 SymPosio,
1620 3419 1698 3505 sed
1743 3422 1796 3460 e'x
1849 3406 2048 3459 Phaedro
