2158 3718
393 172 496 224 152
1029 168 1440 223 PLATONiS

381 315 582 373 δενέιν.
626 314 940 388 ἁπτόμενος
982 313 1110 388 γάρ,
1158 314 1329 386 οἶμαι,
1375 320 1474 372 τοῦ
1517 319 1690 373 καλοῦ
1733 321 1825 371 καὶ
1865 316 2071 389 ὁμιλῶν

380 398 570 472 αὐτῷ,
625 397 662 456 ἃ
705 399 882 456 πάλαι
925 397 1093 465 ἐκύει,
1156 404 1322 455 τίκτει
1362 403 1453 456 καὶ
1495 403 1691 473 γεννᾷ,
1743 406 1834 457 καὶ
1879 400 2073 475 παρὼν

380 488 479 543 καὶ
516 482 679 541 ἀπὼν
722 487 1090 555 μεμνημένος,
1160 485 1253 539 καὶ
1298 479 1360 539 τὸ
1405 488 1682 554 γεννηθὲν
1726 492 2069 562 συνεκτρέφει

381 571 540 646 κοινῇ
581 567 692 641 μετ’
734 571 956 633 ἐκείνου,
999 563 1131 632 ὥςτε
1162 564 1309 625 πολὺ
1331 570 1490 640 μείζω
1515 573 1806 625 κοινωνίαν
1835 573 1934 636 τῆς
1961 573 2073 626 τῶν

383 656 598 710 παίδων
645 648 786 722 πρὸς
828 648 1102 720 ἀλλήλους
1144 655 1198 707 οἱ
1238 655 1490 708 τοιοῦτοι
1520 653 1729 725 ἰ’σχουσι
1757 658 1850 709 καὶ
1878 657 2072 730 φιλίαν

383 739 786 810 βεβαιοτέραν,
827 732 927 792 ἅτε
971 734 1275 792 καλλιόνων
1316 735 1901 811 καὶαθανατωτέρων
1945 743 2072 794 παί-

383 825 497 878 δων
538 817 1008 888 κεκοινωνηκότες.
1051 823 1145 876 καὶ
1189 822 1301 884 πᾶς
1342 817 1417 877 ἂν
1443 821 1656 888 δέξαιτο
1682 825 1859 892 ἑαυτῷ
1885 823 2072 878 τοιού-

380 925 520 970 τους
564 907 773 969 παῖδας
814 907 1032 976 μᾶλλον
1075 909 1360 975 γεγονέναι
1403 901 1436 972 ἢ
1482 902 1614 970 τοὺς
1655 904 2071 979 ἀνθρωπίνους,

378 993 483 1046 καὶ
529 994 605 1054 εὶς
647 985 898 1062 Ὅμηρον
949 987 1283 1066 ἀποβλέψας
1337 992 1429 1044 καὶ
1465 986 1732 1046 ἹΙσίοδον
1789 993 1883 1046 καὶ
1939 987 2076 1056 τοὺς

379 1071 594 1139 ἄλλους
649 1070 887 1141 ποιητὰς
941 1070 1075 1139 τοὺς
1130 1071 1398 1142 αγαθοὺς
1450 1076 1653 1142 ζηλῶν,
1720 1072 1815 1130 οἷα
1873 1078 2072 1145 ἔκγονα

386 1160 599 1214 ἑαυτῶν
654 1160 1104 1225 καταλείπουσιν,
1173 1181 1212 1212 α
1278 1162 1501 1223 ἐκείνοις
1552 1155 1862 1214 αθάνατον
1920 1161 2075 1225 κλέος

383 1245 477 1299 καὶ
517 1239 742 1314 μνήμην
785 1249 1078 1315 παρέχεται
1122 1237 1268 1297 αὐτα
1304 1244 1539 1297 τοιαῦτα
1563 1237 1738 1298 ὅντα·
1785 1249 1832 1299 εὶ
1857 1246 1915 1299 δὲ
1940 1242 2075 1315 βού-

383 1330 480 1394 λει,
523 1329 647 1403 ἔφη,
696 1331 851 1392 οἴους
880 1329 1211 1400 Λυκοῦργος
1253 1328 1458 1392 παῖδας
1499 1329 1820 1383 κατελίπετο
1865 1333 1925 1382 ἐν
1948 1330 2076 1383 Λα-

389 1414 672 1482 κεδαίμονι
716 1402 969 1485 σωτῆρας
1011 1413 1111 1479 τῆς
1138 1413 1567 1481 Λακεδαίμονος
1607 1413 1700 1466 καὶ
1727 1407 1801 1475 ὡς
1828 1414 1962 1477 ἔπος
2003 1417 2075 1468 εὶ-

503 1575 553 1620 C.
616 1574 706 1615 καὶ
744 1574 927 1627 παρὼν
968 1575 1057 1615 καὶ
1093 1572 1259 1629 ἀπών]
1305 1573 1352 1614 V.
1393 1574 1468 1614 καὶ
1504 1572 1623 1616 ἆπὼν
1652 1574 1724 1616 καὶ
1753 1572 1928 1628 παρών,
1956 1575 2074 1629 qnod

387 1647 409 1674 e
442 1632 566 1676 Bodl.
601 1631 761 1675 Vat.A.
790 1633 954 1675 Ven.E.
973 1629 1151 1675 vind-2·
1171 1630 1385 1675 Par.1)1<.
1410 1632 1557 1673 Ambr.
1587 1633 1696 1687 Ang.
1717 1645 1767 1674 w.
1801 1632 1896 1676 Vat.
1918 1631 1959 1674 d.
1980 1646 2017 1687 p.
2041 1646 2070 1675 r.

383 1690 818 1790 {}g{}3n25}¹t¹.¹(¹‚t⁸m⁰¹'
880 1689 991 1732 Dein
1034 1689 1106 1730 καὶ
1147 1695 1246 1731 ante
1284 1687 1334 1729 τὸ
1377 1690 1585 1745 γεννηθὲν
1624 1703 1710 1733 om.
1759 1689 1883 1733 vind.
1898 1689 1941 1734 2.
1970 1703 2071 1746 pro-

498 1836 589 1885 τῆς
630 1835 727 1873 τῶν
765 1830 978 1872 παίδων
1017 1831 1155 1886 πρὸς
1194 1831 1330 1887 α’λλ.]
1375 1830 1548 1873 Bantius
1586 1831 1831 1886 corrigebat
1871 1836 1952 1886 ’τῆς
1989 1839 2073 1876 τῶν

383 1888 654 1946 παιδογόνων
683 1890 751 1932 vel
783 1886 1118 1946 παιδοσπόρων,
1150 1890 1228 1932 sed
1263 1903 1302 1932 v.
1329 1902 1425 1931 ann.

498 1974 946 2031 ἆθανατωτέρων
991 1974 1197 2016 παίδων
1246 1975 1618 2030 κεκοινωνηκ.]
1674 1975 1796 2018 Vind.
1836 1974 1937 2020 251.
1992 1990 2072 2032 pro

383 2035 551 2076 παίδων
593 2033 723 2076 habet
763 2035 906 2089 ἔργων.
946 2033 1046 2074 Par.
1076 2033 1131 2076 K.
1169 2046 1256 2075 om.
1299 2032 1485 2087 παίδων,
1538 2037 1595 2075 et.
1627 2033 1880 2076 eiiciendum
1927 2041 2075 2078 censet

386 2093 615 2134 Creuzer.-
635 2092 784 2133 Annal.
818 2089 1030 2133 Vindobb.
1065 2092 1091 2133 l.
1123 2103 1158 2134 c.
1180 2105 1221 2145 p.
1246 2090 1361 2142 159.‚
1395 2091 1465 2144 qui
1493 2092 1623 2133 verba
1653 2091 1715 2132 sic
1744 2090 2073 2146 interpretatur:

383 2149 502 2191 weil
542 2149 622 2191 sie
661 2147 973 2191 Sch6neres
1010 2161 1052 2189 u.
1099 2148 1590 2191 Unsterbliclleres
1629 2148 1956 2202 gemeineam
1990 2150 2072 2192 be·-

382 2207 590 2249 sitzen.
662 2205 752 2247 Sed
791 2219 923 2260 quum
965 2206 1097 2248 ceteri
1139 2206 1230 2247 libri
1269 2218 1420 2247 omnes
1456 2206 1712 2248 vocabulum
1739 2210 1981 2260 tueantur,
2029 2212 2074 2250 et

388 2276 505 2319 quae
544 2264 615 2306 isti
658 2268 877 2306 amatores
915 2264 1076 2306 animis·
1104 2263 1271 2317 pariunt
1303 2263 1414 2316 suis,
1454 2277 1532 2318 per
1570 2265 1812 2318 elegantem
1844 2277 2072 2320 compara—

444 2379 499 2422 C.
555 2379 847 2419 κοινωνίαν
906 2381 977 2430 τῆ
1001 2391 1021 2423 ς
1078 2382 1190 2419 τῶν

385 2435 616 2491 παίδων]
677 2435 941 2477 Observavit
992 2436 1188 2478 Aetius

389 2498 472 2536 τῶν
514 2493 681 2534 παίδων
730 2493 917 2547 positum
964 2506 1063 2534 esse
1109 2506 1188 2548 pro

382 2557 460 2604 τῆς
491 2550 775 2605 παιδογονίας
816 2563 851 2591 s.
884 2550 1188 2603 παιδοποιίας,

380 2613 657 2661 concretum,
708 2607 827 2662 quod
874 2607 1057 2660 dicitur,
1109 2622 1187 2663 pro

380 2667 629 2717 abstracto,
671 2666 733 2706 ita
773 2670 822 2706 ut
862 2678 946 2707 non
989 2678 1098 2720 opus
1129 2667 1186 2707 sit

381 2724 632 2764 coniectura
664 2722 875 2773 Bastii,
917 2726 1001 2763 τῶν
1029 2722 1186 2763 umde-

382 2777 521 2832 γόιων
541 2779 610 2820 vel
632 2776 952 2831 παιδοσπόρων.
1013 2778 1102 2819 Sed
1134 2790 1187 2820 ne

385 2835 532 2877 Astii
573 2834 745 2888 quidem
784 2835 893 2875 ratio
945 2835 1187 2876 necessaria

382 2897 456 2936 est
484 2892 542 2934 ad
580 2890 787 2933 tuendam
827 2887 1055 2932 lectionem
1093 2892 1178 2932 vul

384 2955 555 3004 getam,
597 2947 944 3003 quandoquidem
981 2946 1004 3000 ἡ
1037 2962 1186 2990 κοινω-

382 3009 456 3048 νία
502 3010 585 3048 τῶν
638 3005 801 3048 παίδων
848 3010 916 3047 est
963 3005 1187 3047 coniun-

383 3064 508 3107 ctio
567 3077 629 3106 ex
694 3063 996 3106 liberorum
1065 3076 1188 3117 pro-

385 3122 671 3164 creatione
737 3119 1002 3173 oriundu,
1077 3133 1187 3174 quae

383 3178 718 3221 constructionis
769 3178 878 3220 ratio
924 3183 991 3220 est
1051 3179 1187 3220 notis—

388 3250 509 3279 sima.

445 3294 496 3335 D.
554 3287 645 3334 οἷα
672 3293 871 3347 ἔκγονα
900 3291 1190 3347 §annau-m]

388 3352 424 3393 ΙΙ.
469 3366 507 3393 e.
538 3348 611 3391 δ’τι
642 3355 845 3403 τοιαῦτα,
878 3363 919 3392 v.
949 3349 1187 3402 Wytten·

385 3407 533 3451 bach.
568 3407 621 3450 ad
653 3408 815 3452 Select.
850 3407 988 3451 Princ.
1023 3407 1186 3450 Hister.

1275 2391 1314 2433 p.
1345 2376 1446 2422 347.
1493 2376 1774 2420 Matthiae
1810 2375 1846 2430 ἕ.
1882 2375 1982 2424 480-
2030 2378 2073 2423 3.

1274 2457 1328 2465 ·-—
1366 2435 1557 2489 ζηλῶν,
1600 2435 1626 2476 ἰ.
1660 2448 1699 2476 e.
1729 2433 1991 2489 μακαρίζων,
2030 2449 2071 2482 γ,

1277 2493 1336 2534 ΒΙ
1352 2507 1431 2535 om
1446 2492 1597 2536 field.
1628 2491 1683 2534 ad
1703 2490 1902 2548 Aeschyl.
1920 2492 2066 2536 Prom.

1274 2564 1310 2594 v.
1343 2549 1436 2594 333.
1486 2550 1740 2592 Pierson.
1771 2548 1827 2590 ad
1856 2549 1994 2591 Moer.
2025 2564 2067 2604 p.

1278 2607 1370 2653 169.
1434 2608 1633 2649 Aetius
1683 2607 1827 2660 ζηλοίη
1878 2607 2070 2648 scriben-

1273 2664 1370 2708 dum
1403 2664 1665 2717 suspicatur,
1705 2675 1792 2715 quo
1832 2675 1984 2704 vereor
2024 2670 2071 2706 ut

1270 2735 1382 2775 opus
1413 2723 1487 2762 sit.
1541 2720 1652 2761 Nam
1695 2721 1814 2773 plura
1846 2720 2068 2774 participia

1271 2779 1332 2818 sic
1362 2776 1563 2830 coniungi
1593 2777 1736 2818 solere
1756 2775 1855 2818 alibi
1874 2777 1958 2819 iam
1988 2779 2069 2820 do—

1267 2835 1450 2875 culmus.
1510 2833 1575 2875 Ad
1607 2832 1745 2885 ζῆλων
1770 2837 1914 2875 aulem
1945 2834 2071 2879 facile

1270 2892 1544 2945 intelligimus
1564 2889 1741 2938 αὐτούς.
1805 2890 1969 2934 Deinde
1988 2891 2070 2934 αὖ-

1271 2948 1323 2990 τὰ
1357 2953 1542 2990 τοιαῦτα
1563 2947 1673 2988 ὄντα
1706 2954 1794 2990 eet:
1825 2962 1986 3002 quum
2017 2956 2071 2994 et

1272 3007 1387 3061 ipsa
1416 3006 1528 3047 sint
1558 3005 1911 3050 immortalia.

1331 3063 1383 3106 E.
1442 3078 1536 3104 καν
1575 3061 1633 3106 σὺ
1672 3066 1975 3118 pauno-elne·
2005 3066 2068 3108 τὰ

1274 3122 1327 3163 δὲ
1356 3122 1517 3164 τέλεα
1553 3120 1642 3161 καὶ
1679 3121 1980 3179 montanai]
2021 3125 2068 3166 Iu

1274 3178 1337 3220 his
1365 3183 1509 3221 ταῦτα
1541 3178 1831 3229 intelliountur
1849 3193 1959 3232 quae
1989 3181 2068 3223 ad-

1273 3236 1356 3278 lluc
1393 3237 1447 3278 de
1477 3249 1626 3277 amore
1664 3235 1775 3277 dicta
1805 3243 1915 3280 sunt.
1975 3239 2068 3293 Op-

1273 3299 1487 3361 ponuntur
1527 3298 1674 3335 autem
1722 3291 1773 3333 τὰ
1824 3296 1944 3336 τέλεα
1995 3296 2068 3336 καὶ

1271 3348 1501 3401 Sannum,
1541 3363 1649 3404 quae
1677 3350 1812 3404 qualia
1843 3352 1949 3403 sint,
1988 3366 2066 3406 pa·-

1271 3414 1334 3452 tet
1365 3423 1418 3454 ex
1450 3408 1523 3460 iis,
1565 3420 1673 3461 quae
1703 3420 1744 3462 p.
1765 3408 1863 3455 210
1895 3410 1946 3452 Ε.
1977 3410 2064 3453 dis—
