2158 3718
513 182 1026 236 SYMPOSIUM.
1065 201 1115 250 p.
1149 183 1255 233 200
1294 184 1369 238 St.
1689 187 1794 263 119

118 327 347 396 ἔχοντας
386 326 565 382 ταῦτα
608 323 845 393 τούτων,
891 324 1033 400 ἅπερ
1076 331 1286 399 ἔχουσι,
1341 329 1434 383 καὶ
1478 331 1794 402 ἐπιθυμεῖν.

120 408 192 464 ἴ’ν
244 401 347 466 οὖν
387 408 464 483 μὴ
507 410 977 482 ἐξαπατηθῶμεν,
1020 411 1225 468 τούτου
1268 416 1424 466 ἕνεκα
1466 415 1618 483 λέγω.
1662 413 1794 470 τού-

119 514 238 558 τοις
277 493 414 566 γάρ,
459 487 499 549 ὦ
533 492 829 564 Ἀγάθων,
886 501 932 551 εὶ
975 501 1209 562 ἐννοεῖς,
1264 499 1403 566 ἔχειν
1442 499 1545 568 μὲν
1588 502 1793 554 ἕκαστα

116 576 330 633 τούτων
383 585 442 634 ὲν
495 580 572 648 τῷ
629 578 867 651 παρόντι
924 577 1166 651 ἀνάγκη,
1226 578 1263 635 ἃ
1307 584 1548 652 ἔχουσιν,
1592 579 1692 638 ἐάν
1733 604 1792 638 τε

113 659 422 760 βούλωνται
467 660 566 717 ἐάν
608 683 664 717 τε
705 660 807 734 μή,
863 666 956 719 καὶ
1014 663 1216 720 τούτου
1264 686 1323 733 γε
1371 662 1549 732 δήπου
1595 669 1678 732 τίς
1717 662 1792 722 ἂν

113 739 540 818 ὲπιθυμῆσειενς
587 744 713 802 ἀλλ’
763 743 902 803 ὅταν
944 769 1027 813 τις
1069 751 1210 828 λέγη,
1253 745 1355 804 ὅτι
1362 745 1494 819 Ἐγώ
1526 746 1790 821 ὑγιαίνων

111 829 388 901 βούλομαι
446 833 538 885 καὶ
587 828 877 900 ὑγιαίνειν,
924 834 1016 887 καὶ
1058 835 1313 889 πλουτῶν
1364 832 1641 905 βούλομαι
1695 837 1790 889 καὶ

112 916 386 980 πλουτεῖν,
427 917 520 969 καὶ
561 917 818 985 ἐπιθυμῶ
863 903 1050 970 αὐτῶν
1088 915 1328 982 τούτων,
1371 914 1408 971 ἃ
1456 921 1569 989 ὲῇζω,
1617 917 1789 973 εἴποι-

110 1018 212 1067 μεν
249 994 323 1053 ἂν
367 995 553 1068 αὐτῷ,
595 996 684 1054 ὅτι
725 996 835 1063 Σύ,
882 991 922 1053 ὦ
965 998 1269 1071 ἄνθρωπε,
1310 1003 1556 1056 πλοῦτον
1598 1023 1788 1070 κεκτη-

107 1086 272 1152 μένος
314 1083 408 1137 καὶ
447 1079 656 1152 ὑγίειαν
681 1086 773 1137 καὶ
798 1080 952 1154 ἰσχὺν
975 1081 1163 1155 βούλει
1204 1087 1297 1140 καὶ
1339 1091 1413 1149 εις
1453 1082 1556 1140 τὸν
1599 1080 1804 1141 ἔπειτα

104 1163 315 1270 χρόνον
367 1168 544 1220 ταῦτα
581 1169 908 1233 κεκτῆσθαι,
952 1170 1066 1222 ἐπεὶ
1107 1173 1166 1223 ὲν
1207 1171 1284 1238 τῷ
1311 1190 1370 1237 γε
1398 1170 1500 1223 νῦν
1530 1167 1787 1242 παρόντι,

108 1248 214 1305 εἴτε
255 1247 443 1321 βούλει
485 1249 589 1304 εἴτε
630 1247 723 1320 μή,
769 1254 914 1320 έχεις.
959 1248 1149 1306 σκόπει
1180 1273 1296 1317 ουν,
1341 1250 1482 1307 ὅταν
1508 1255 1675 1309 τοῦτο
1702 1257 1788 1309 λέ-

108 1355 234 1410 γῃς,
275 1331 363 1388 ὅτι
398 1331 689 1404 Ἐπιθυμῶ
733 1337 844 1388 τῶν
886 1332 1212 1407 παρόντων,
1260 1341 1305 1390 εὶ
1347 1333 1484 1392 ἄλλο
1529 1358 1583 1391 τι
1618 1340 1788 1408 λέγεις

105 1413 141 1484 ἢ
186 1414 336 1482 τόδε,
392 1414 482 1473 ὅτι
521 1415 821 1489 Βούλομαι
871 1415 942 1472 τὰ
998 1421 1101 1474 νῦν
1144 1419 1398 1493 παρόντα
1439 1423 1531 1476 καὶ
1574 1427 1650 1486 εἰς
1686 1418 1788 1477 τὸν

103 1505 290 1557 ἔπειτα
329 1498 537 1573 χρόνον
578 1512 852 1576 παρεῖναι.
900 1499 1037 1558 ἄλλο
1077 1524 1129 1558 τι
1171 1501 1439 1576 ὁμολογοῖ
1479 1500 1587 1575 ἄν,
1624 1507 1789 1578 Συμ-

219 1665 503 1722 βούλομαι
528 1664 616 1706 καὶ
645 1662 937 1720 ὑγιαίνειν]
970 1666 1118 1708 Adieci
1149 1667 1218 1707 καὶ
1250 1681 1273 1709 e
1294 1667 1602 1710 Bod1.Vat.A.
1634 1669 1785 1722 (quem

106 1724 285 1766 Bastius
324 1730 471 1767 narrat
508 1724 571 1765 ita
610 1724 812 1776 scriptum
857 1723 1044 1778 babere)
1086 1725 1188 1765 Par.
1212 1725 1314 1766 DK.
1348 1725 1599 1768 Vind.1.7.
1635 1727 1783 1769 Ambr.

107 1784 332 1836 Ang.u.w.
354 1782 468 1824 Fior.
484 1795 522 1822 a.
535 1782 574 1822 b.
587 1781 663 1822 e.i.
688 1781 781 1822 Vat.
796 1794 833 1821 n.
848 1795 887 1835 p.
901 1792 934 1822 r.
995 1780 1191 1823 Indidem
1223 1782 1350 1823 etiam
1370 1787 1471 1823 ante
1492 1783 1690 1823 πλουτεῖν
1720 1783 1785 1824 ἰη-

107 1840 234 1884 serui.
292 1839 405 1882 Nam
435 1840 566 1892 vulgo
596 1839 649 1880 ab
679 1844 861 1891 utroque
893 1841 987 1880 ioco
1018 1838 1152 1880 abest.
1213 1838 1339 1880 Errat
1368 1844 1512 1881 autem
1533 1839 1784 1881 Rt‘ickertus

105 1899 302 1939 voculam
343 1898 396 1939 ab
436 1897 529 1950 ipsa
559 1896 768 1938 sententia
810 1901 964 1948 putans
995 1896 1174 1937 alienam
1206 1909 1317 1937 esse.
1375 1896 1640 1938 Gravissime
1670 1898 1785 1939 enim

107 1955 319 2007 signifieat
350 1966 497 1996 eorum
531 1953 882 2008 perversitatem,
921 1953 1015 2006 qui,
1047 1954 1177 2006 quum
1204 1966 1413 2007 prospera
1443 1954 1636 2007 corporis
1667 1955 1785 1997 vale-

106 2011 253 2054 tudine
295 2016 340 2053 et
379 2011 620 2053 divitiarum
665 2010 789 2064 copia
827 2010 1041 2063 fruantur,
1087 2015 1230 2052 tamen
1270 2011 1422 2052 eadem
1462 2011 1574 2052 bona
1611 2011 1787 2066 iusuper

105 2069 186 2109 sibi
219 2081 270 2110 ex
304 2073 433 2110 etant.

221 2082 299 2167 D.p
333 2129 503 2167 ταῦτα
532 2123 858 2180 κεκτῆσθαι]
890 2128 1033 2165 ταῦτα
1064 2137 1150 2166 om.
1171 2124 1271 2166 Par.
1285 2124 1382 2166 EF.
1405 2125 1500 2168 vat.
1514 2137 1549 2167 8.
1581 2125 1623 2165 ἔν
1652 2139 1699 2179 γε
1727 2129 1786 2166 τῶ

107 2186 184 2224 *νῦν
213 2182 312 2224 Par·
326 2182 424 2224 DK.
456 2185 568 2235 ἔχηις
601 2181 724 2223 Bodi-

223 2239 357 2280 ἄλλο
397 2256 450 2280 τι
488 2238 761 2294 ὁμολογοῖ
785 2236 883 2309 ἄν]
927 2237 1150 2292 &poi-oya?
1185 2251 1283 2280 cum
1316 2237 1468 2292 Steph.
1500 2237 1656 2280 habent
1685 2238 1787 2280 Par.

107 2298 162 2340 K.
186 2298 329 2341 Ambr
355 2299 461 2351 Ang.
476 2310 528 2340 w.
550 2297 645 2341 Vat
659 2309 692 2338 r.
705 2310 740 2337 s.
772 2293 1029 2351 ὁμολογοῖτ’
1061 2309 1116 2335 αν
1145 2296 1241 2338 Ald.
1262 2296 1363 2338 Bas.
1380 2297 1416 2339 1.
1429 2295 1471 2339 2.
1489 2295 1605 2338 ΕΙοτ.
1615 2308 1656 2339 11.
1685 2294 1789 2336 ἄλλο

16 3007 32 3023 “
114 2966 261 3063 pbron.
304 3021 344 3061 p.
381 3006 460 3053 ¹04

107 2372 153 2396 τι
183 2354 210 2408 ἢ
240 2353 320 2411 ἅμ·
346 2367 407 2410 pr.
422 2330 574 2397 eoois!-

109 2492 274 2538 Nicht
301 2493 463 2548 wahr,
512 2492 607 2535 das
637 2492 821 2536 wfirde
851 2506 906 2536 er

112 2552 393 2607 zugeben‘?
453 2553 525 2593 Sic
566 2550 672 2592 ἄλλο
703 2567 746 2593 τι
776 2551 904 2593 etiam

111 2622 213 2653 mox
245 2624 285 2665 p.
307 2608 407 2655 200.
425 2609 475 2651 Ε.
498 2608 597 2654 201.
624 2612 676 2651 Α.
710 2613 755 2651 et
782 2608 906 2649 innu-

111 2668 243 2710 meris
273 2667 367 2709 aliis
389 2667 495 2709 loeis
510 2667 715 2721 positum.
752 2666 906 2707 Solent

114 2725 224 2767 enim
257 2726 413 2766 Graeci
451 2737 547 2766 cum
591 2724 810 2765 alacritate
840 2723 904 2764 in-

112 2787 383 2836 terrogantes
420 2782 526 2822 ἅλλο
568 2797 612 2822 τι
651 2780 796 2823 dicere
826 2793 906 2834 pro

111 2840 306 2892 pleniore
344 2838 450 2879 ἄλλο
491 2853 533 2879 τι
568 2837 593 2891 ἧ
633 2840 699 2880 vei
728 2837 832 2878 ἄλλο
864 2853 909 2878 τι

113 2894 141 2947 ἢ
173 2894 645 2938 ὃ’τι.ν.Ηε1·111111111.
683 2895 737 2936 ad
767 2894 908 2945 Viger.

147 2950 288 2996 .731.
333 2957 377 2994 et
401 2964 511 3004 quae
543 2951 631 2992 dixi
662 2951 716 2992 ad
748 2950 910 3004 Euthy-

547 3007 612 3048 Ad
667 3008 910 3061 proximum

114 3062 354 3120 Σινμφάναι
388 3065 595 3117 intelligas
639 3062 711 3105 δ’τι
747 3063 912 3118 ὁμολο-

114 3128 189 3178 γοῖ
231 3122 296 3163 ἂν.
366 3122 608 3191 Perperam
644 3122 755 3162 euim
795 3121 913 3162 Ste-

115 3179 320 3233 phanus
378 3174 608 3234 ομολογοῖ’
659 3176 712 3217 ἄν
767 3177 911 3219 edidit.

115 3238 228 3281 Nam
257 3237 421 3289 quaerit
440 3236 660 3288 Socrates,
691 3234 792 3287 quid
824 3235 912 3286 ine,

116 3295 187 3348 qui
217 3294 296 3335 boc
313 3293 444 3335 modo
466 3294 767 3346 interrogetur,
799 3292 915 3345 Aga-

118 3351 235 3394 thoni
266 3351 460 3393 videatur
478 3361 769 3403 responsurus
798 3361 914 3401 esse,

118 3421 203 3452 non
241 3408 345 3462 quid
388 3406 556 3463 Agatho
603 3406 696 3463 ipse
736 3418 914 3461 respon-

990 2506 1117 2535 surus
1149 2492 1216 2536 sit
1253 2491 1345 2534 Neo
1366 2504 1545 2535 necesse
1565 2498 1646 2545 est,
1679 2489 1790 2547 ομο-

989 2552 1138 2606 λογοίη
1169 2549 1351 2603 scribas,
1383 2563 1517 2603 quum
1539 2551 1672 2592 altera
1700 2549 1793 2591 for-

990 2621 1059 2651 ma
1093 2608 1248 2649 Atticis
1280 2606 1607 2661 haudquaquam
1638 2607 1791 2661 displi-

990 2666 1139 2709 cuerit.
1171 2665 1218 2706 In
1251 2665 1459 2718 proximis
1482 2663 1506 2706 ὃ
1533 2679 1655 2706 ουπω
1676 2662 1791 2705 ἕτοι-

989 2738 1072 2778 μον
1110 2721 1228 2772 αὐτῳ
1257 2723 1371 2762 ἐστιν
1409 2721 1510 2764 οὐδὲ
1541 2722 1649 2774 ἔχει,
1688 2733 1792 2777 pro-

990 2793 1147 2823 nomen
1186 2776 1215 2819 δ’
1256 2779 1319 2819 sic
1370 2785 1437 2821 est
1487 2780 1701 2834 positum,
1743 2783 1794 2819 ut

995 2839 1122 2879 simul
1161 2836 1340 2878 subiecti
1379 2841 1510 2891 atque
1556 2834 1794 2890 praedicati

994 2899 1142 2948 partes
1173 2898 1298 2946 agat,
1339 2893 1392 2935 de
1421 2907 1506 2947 quo
1536 2906 1695 2947 genere
1727 2894 1791 2933 Ιο-

995 2951 1154 3004 ᾳυεηάἰ,
1188 2950 1242 2991 ad
1275 2950 1548 2993 Charmidem
1591 2950 1792 2991 diximus.

996 3007 1162 3050 Deinde
1191 3007 1319 3049 haec:
1363 3008 1414 3048 τὸ
1448 3010 1507 3054 εἰς
1536 3005 1614 3048 τὸν
1649 3007 1794 3045 ἔπειτα

992 3080 1062 3119 χρ.
1105 3081 1141 3108 κ
1183 3081 1221 3106 τ.
1253 3067 1290 3105 λ.
1333 3067 1512 3107 relativo
1553 3061 1794 3116 pronomini

997 3133 1075 3175 per
1109 3123 1425 3190 appositionem
1473 3121 1637 3162 adiecta
1678 3122 1794 3166 sunt,

998 3191 1127 3232 quum
1161 3181 1334 3234 proprie
1355 3179 1537 3219 deberet
1557 3175 1682 3216 scribi
1713 3176 1795 3213 τοῦ

997 3251 1036 3277 τ.
1067 3251 1103 3278 κ.
1132 3251 1171 3278 τ.
1202 3237 1239 3275 λ.
1305 3235 1392 3276 Sed
1418 3247 1502 3275 non
1528 3233 1588 3273 ita
1615 3244 1713 3272 raro
1732 3232 1796 3281 fit,

998 3297 1046 3333 ut
1064 3293 1287 3360 appositio
1306 3293 1499 3344 neglecta
1519 3293 1640 3342 parte
1664 3300 1798 3329 enun-

998 3349 1092 3392 tiati
1119 3350 1315 3404 primaria
1347 3346 1590 3402 pronomini
1620 3344 1799 3387 relativo

999 3406 1367 3457 accommodetur,
1399 3419 1434 3445 v.
1469 3402 1522 3446 ad
1559 3400 1723 3444 Pbaed.
1758 3413 1798 3455 p.
