2158 3718
565 178 1078 233 SYMPOSNJM.
1120 182 1314 248 p..177
1354 184 1433 238 St.
1757 190 1829 240 29

147 320 743 399 ὑμῖνεὶςηγήσασθάι.
834 324 1028 382 ‘Dolum
1081 325 1148 395 δὴ
1207 326 1426 395 πα’ντας
1483 333 1576 385 καὶ
1635 331 1828 401 βούλε-
1867 337 1968 387 177

149 415 299 466 σθαι
353 414 446 466 καὶ
499 405 734 469 κελεύειν
791 407 969 466 αὐτὸν
1024 416 1383 482 εἶςηγεῒσθαι.
1468 418 1663 472 Εὶπεῖν
1726 409 1829 472 οὖν

148 492 248 550 τὸν
285 494 672 569 Ἐρυξίμαχον,
729 490 817 547 ὅτι
863 492 954 549 ‘H
1004 500 1103 566 μέν
1155 518 1274 566 μοι,
1306 494 1451 570 ἀρχὴ
1507 500 1607 554 τοῦ
1658 499 1826 569 λόγου

147 583 266 639 ἐστὶ,
295 577 444 635 ’κατὰ
491 576 594 646 τὴν
635 576 938 650 Εὐριπίδου
982 583 1386 649 Μελανίππην·
1434 580 1500 638 οὐ
1547 579 1656 654 γὰρ
1700 583 1829 657 ἐμὸς

148 661 180 718 ὁ
226 662 466 735 μῦθος,
508 661 671 717 ’ἀλλὰ
735 665 985 737 Φαίδρου
1041 667 1230 730 τοῦδε,
1299 662 1366 720 ὃν
1406 670 1580 739 μέλλω
1635 672 1825 736 λέγειν.

146 748 398 818 ΙΦαῖδρος
444 744 573 820 γὰρ·
623 744 882 802 ἑκάστοτε
947 746 1086 819 πρός
1142 769 1207 819 με
1271 747 1604 818 ἀγανακτῶν
1662 756 1827 822 λέγει·

152 824 239 886 Οὐ
272 829 499 896 δεινόν,
561 836 758 907 φησίν,
815 822 856 883 ὦ
910 829 1255 904 Ἐρυξίμαχε,
1321 831 1512 899 ἄλλοις
1564 843 1664 907 μέν
1718 859 1825 894 τισι

148 918 304 970 θεῶν
345 913 554 988 ὕμνους
610 918 700 969 καὶ
757 917 1008 978 παιῶνας
1067 915 1209 970 εἶναι
1264 915 1373 973 ὑπὸ
1424 922 1536 972 τῶν
1579 926 1827 988 ποιητῶν

148 1005 584 1072 πεποιημένους,
632 1002 705 1069 τῷ
752 1001 807 1054 δὲ
839 995 1056 1072 ’Έρωτι,
1090 1001 1392 1073 τηλικούτῳ
1435 998 1557 1057 ὄντι
1599 1008 1691 1059 καὶ
1735 1029 1827 1062 το-

147 1216 308 1320 mviii)
329 1241 386 1251 --
412 1216 487 1258 καὶ
516 1218 558 1259 οἱ
589 1216 748 1270 λοιποί,
780 1217 823 1259 id
865 1217 983 1271 qnod
1011 1219 1145 1261 sensit
1175 1219 1305 1262 etiam
1322 1219 1532 1262 winkelm
1567 1220 1622 1262 ad
1644 1220 1828 1278 Euthyd,

262 1333 312 1374 E.
375 1330 440 1371 ἄν
477 1329 789 1385 βούληται]
831 1331 883 1373 V.
923 1329 996 1371 ἐάν
1034 1346 1080 1384 γε
1120 1330 1354 1386 βούλ-ηταιε
1394 1333 1472 1376 sed
1501 1350 1548 1388 γε
1574 1348 1658 1376 non
1690 1348 1827 1389 agno-

146 1395 275 1431 scunt
307 1389 431 1431 Bodl.
462 1390 593 1432 Coisl.
615 1390 715 1433 Vat.
736 1389 789 1430 A.
821 1389 925 1431 ven.
961 1390 1010 1431 Ξ.
1047 1390 1165 1433 Vind.
1195 1389 1236 1433 2.
1266 1392 1366 1433 Par.
1398 1392 1499 1432 DK.
1532 1394 1681 1435 Ambr.
1718 1400 1826 1446 Ang.

148 1460 188 1490 u.
219 1461 268 1490 w.
301 1447 396 1489 Vat.
429 1459 468 1490 n.
500 1461 540 1500 p.
571 1459 605 1487 r.
639 1447 744 1488 Ven.
790 1451 822 1486 t.
853 1446 969 1491 Flor.
1011 1460 1049 1489 a.
1093 1447 1135 1488 b.
1169 1461 1205 1491 c.
1239 1448 1266 1489 i.
1336 1450 1426 1491 Pro
1466 1447 1538 1490 ἐὰν
1570 1449 1695 1494 Bodl.
1729 1453 1828 1495 Vat.

148 1506 202 1546 A.
236 1505 335 1546 Par.
369 1503 457 1545 ΒΚ
500 1503 553 1544 ἂν
582 1504 884 1557 praebuerunt.

262 1561 314 1618 Ρ.
349 1561 445 1606 177.
506 1562 597 1600 καὶ
637 1558 918 1614 κελεύειν]
957 1560 1059 1602 Hoc
1087 1561 1158 1601 καὶ
1188 1562 1386 1616 ignorant
1418 1562 1515 1607 vat.
1548 1559 1603 1607 A.
1636 1566 1744 1620 Ang.
1777 1580 1827 1608 w.

147 1619 200 1662 C.
231 1617 304 1662 Fr.
340 1619 487 1660 Herm.
525 1617 597 1657 καὶ
628 1622 726 1660 ante
755 1615 1003 1670 βούλεσθαι
1034 1619 1201 1660 extrudi
1231 1619 1364 1661 iubet.
1397 1633 1436 1663 v.
1467 1622 1684 1674 explicatt.
1776 1625 1781 1631 ”

262 1675 352 1716 καὶ
391 1673 664 1730 παιῶνας]
711 1676 892 1724 παίονας
932 1675 1028 1719 Vat.
1071 1673 1125 1718 Δ.
1176 1676 1308 1720 Coisl.
1351 1678 1463 1732 Ang.
1495 1691 1544 1722 w.
1579 1679 1675 1724 Vat.
1712 1693 1753 1725 n.
1785 1687 1831 1724 et

140 1847 267 1903 μαι]
301 1844 341 1888 h.
381 1859 417 1887 e.
461 1841 737 1898 συμβουλεύω
753 1874 766 1895 ,
809 1843 941 1884 inter-

144 1909 266 1959 prete
310 1900 351 1944 H
369 1916 464 1956 esy
482 1901 626 1943 chio.
687 1901 796 1943 Nam
830 1902 939 1952 εἰςη-

143 1966 321 2016 ,νεῖσθαι
349 1965 418 2002 est
437 1959 815 2001 conditionem
837 1958 939 1998 fer-

143 2015 532 2075 ,re‚'aucto'rem
564 2029 706 2066 esse,
739 2014 939 2056 suade-

144 2090 208 2118 re.
239 2074 400 2117 Criton.
432 2088 472 2129 p.
494 2073 567 2117 48.
593 2075 652 2115 A:
682 2071 781 2120 ὥςτε
802 2070 938 2112 ε-οὗκ

146 2133 296 2187 ὀρθῶς
339 2132 493 2186 §lg-2173?
546 2129 844 2184 εἰςηγούμενος
882 2151 935 2159 -

147 2192 235 2232 δεῖν
281 2186 394 2241 ἡμᾶς
442 2187 680 2242 φροντίζειν
729 2203 767 2227 κ.
819 2203 856 2226 τ.
900 2185 936 2224 λ.

146 2248 363 2289 Putarunt
403 2250 547 2286 autem
590 2245 664 2286 viri
713 2243 829 2284 docti
874 2241 940 2283 di-

147 2306 260 2347 mitti
286 2303 518 2351 tibicinam,
551 2307 598 2343 ut
613 2305 834 2342 notaretur
852 2303 944 2340 Xe-

147 2359 435 2415 nopliou,bqui
460 2360 663 2401 vtibicinae
685 2362 729 2399 et
759 2357 854 2398 aliis
878 2359 945 2398 lu-

148 2420 213 2460 dis
257 2419 298 2459 in
335 2419 414 2458 s'uo
452 2416 645 2458 convivio
686 2416 823 2456 locum
868 2413 946 2455 de-

1028 1844 1380 1898 appellatur,
1410 1845 1482 1886 ubi
1515 1859 1553 1888 v.
1580 1847 1768 1902 interptt.

1085 1902 1136 1942 P.
1173 1901 1267 1945 177.
1299 1901 1477 1942 Φοὶναι
1509 1902 1564 1954 δὴ
1598 1903 1830 1960 πάντας]

1025 1956 1137 1999 Tum
1159 1971 1290 2000 vero
1318 1972 1501 2001 omnes
1523 1961 1752 2014 dixisse,
1777 1970 1829 2005 et

1024 2016 1173 2057 velle
1205 2029 1344 2068 sese,
1367 2022 1423 2066 et¹
1449 2017 1830 2074 iubereip-sum

1023 2072 1072 2113 id
1110 2085 1447 2126 proponere.
1481 2075 1576 2116 Non
1604 2089 1713 2130 opus
1731 2091 1829 2120 ver—

1023 2129 1175 2171 borum
1190 2132 1439 2173 mutatione.

1081 2185 1152 2226 οὐ
1192 2186 1307 2243 γὰρ
1346 2187 1454 2242 ὲμό
1482 2205 1502 2237 ς
1540 2187 1562 2229 ὃ
1601 2194 1831 2244 staff-909}

1027 2242 1199 2296 Lepide
1231 2250 1275 2285 et
1303 2244 1458 2287 festive
1489 2246 1568 2287 hoc
1587 2260 1713 2288 versu
1743 2249 1833 2289 uti-

1028 2304 1114 2351 tur,
1146 2313 1278 2352 quem·
1306 2315 1336 2342 a>
1362 2303 1543 2344 Graecis
1580 2310 1829 2359 usurpatum

1030 2369 1129 2398 esse
1172 2363 1370 2411 tanquam
1407 2359 1705 2413 proverbium,
1744 2374 1829 2414 quo

1031 2413 1245 2455 dictorum
1278 2415 1472 2457 invidiam
1505 2430 1529 2457 a
1564 2430 1619 2459 se
1660 2424 1830 2460 averte-

147 2477 297 2518 disset.
367 2475 506 2518 Quam
553 2472 725 2527 quidem
778 2471 946 2526 opinio·
1030 2477 1140 2522 rent,
1174 2471 1396 2514 docuimus
1426 2473 1478 2514 ad
1513 2475 1695 2529 Apolog.
1744 2475 1830 2516 So-

147 2547 246 2576 nem
277 2546 415 2588 nuper
435 2532 711 2584 exploserunt
742 2529 777 2570 B
795 2542 819 2570 o
834 2529 943 2570 eck-

148 2590 267 2633 liius
301 2591 345 2632 in
388 2589 593 2642 disput.
634 2587 695 2629 de
739 2586 943 2627 simul-

147 2653 291 2699 tate,
337 2643 770 2701 quaeNPlatoni
808 2655 944 2684 cum

147 2705 527 2759 Xenophonte
564 2700 945 2744 intercessis-

149 2776 208 2805 se
237 2763 422 2804 fertur
451 2775 492 2815 p.
524 2759 554 2804 8
584 2772 649 2812 sq.
680 2765 724 2800 et
756 2757 946 2799 Astius

151 2819 216 2862 de
258 2818 384 2862 Vita
411 2824 462 2860 et
506 2815 752 2870 Scriptis
794 2815 831 2856 P
856 2817 865 2856 l
891 2827 949 2855 a-

151 2880 169 2916 t
192 2890 218 2918 o
241 2889 279 2921 n.
311 2891 352 2931 p.
384 2874 477 2920 317.
512 2873 623 2916 conf.
655 2871 825 2916 Plato
856 2871 950 2925 ipse

151 2932 334 2986 Protag.
368 2945 408 2986 p.
448 2931 546 2975 347.
586 2931 638 2972 C.
681 2930 733 2970 D.
765 2934 808 2970 et
841 2930 950 2969 An-

154 2989 359 3043 tiphan.
389 3001 456 3041 ap.
489 2986 674 3029 Athen.
708 2985 762 3027 X.
787 2983 948 3038 p.446.

155 3051 206 3088 Α.
237 3043 524 3087 Plutarch.
549 3043 751 3096 Sympos.
772 3042 952 3086 Quaest.

211 3166 331 3209 ταῖς
359 3154 580 3215 γυναιξὶ
609 3159 726 3202 ταῖς
767 3153 950 3208 ἔνδον]

156 3219 373 3260 Cornel.
415 3215 542 3267 Nep.
596 3211 781 3254 Praefat.
815 3211 854 3263 ς.
898 3211 948 3254 7:

155 3275 342 3329 Neque
374 3271 540 3324 sedet
580 3268 832 3321 (mulier)
863 3269 947 3309 ni-

156 3333 201 3374 si
231 3333 282 3375 in
311 3330 577 3373 interiore
614 3329 773 3380 parte
802 3324 944 3367 aedi-

157 3403 266 3442 um,
296 3401 433 3444 quae
469 3381 945 3440 gynaeconitis

1027 2533 1129 2568 crat.
1148 2543 1189 2582 p.
1209 2529 1279 2572 20.
1302 2529 1370 2581 1⁴3„
1396 2531 1566 2585 Quippe
1588 2532 1831 2574 Phaedrum

1027 2584 1131 2626 facit
1151 2586 1299 2628 horum
1320 2600 1565 2630 sermonum
1591 2594 1831 2640 auctorem,

1030 2643 1242 2685 hominem
1274 2642 1326 2683 τὰ
1358 2645 1537 2699 ἐρωτικὰ
1571 2645 1834 2700 σοφώτατον.

1088 2698 1394 2754 τηλικούτῳ
1434 2718 1456 2742 κ
1478 2702 1546 2742 αὶ
1586 2702 1839 2755 τοσούτῳ

1032 2757 1106 2812 θ.]
1139 2757 1177 2799 h.
1204 2771 1241 2800 e.
1275 2757 1374 2800 deo
1407 2758 1507 2802 tain
1539 2762 1833 2803 multorum

1033 2814 1312 2857 bonorum
1356 2817 1582 2859 auctori
1635 2825 1687 2860 et
1723 2823 1835 2859 tam

1033 2885 1060 2925 p
1084 2877 1146 2913 ot
1168 2885 1191 2913 e
1211 2884 1237 2913 n
1254 2877 1271 2913 t
1288 2873 1313 2912 i.
1391 2873 1488 2916 Non
1529 2875 1638 2916 enim
1693 2877 1837 2929 piacet

1034 2929 1310 2971 Riickerti
1354 2934 1398 2971 et
1435 2931 1728 2974 Hommelii
1769 2933 1835 2973 in-

1039 2987 1311 3040 terpretatiot
1346 2987 1448 3029 deo
1478 2995 1582 3030 tam
1613 2994 1840 3030 vetusto

1041 3046 1097 3084 et
1123 3056 1325 3096 magno.
1361 3046 1575 3086 Arrian.
1614 3045 1837 3098 Expeditt.

1039 3099 1270 3143 Alexandr.
1311 3101 1343 3144 l.
1380 3102 1462 3154 12,
1494 3102 1540 3146 6:
1582 3106 1775 3142 τοσαῦτα
1808 3098 1836 3150 ἢ

1037 3157 1273 3210 τηλικαῦτα
1319 3159 1421 3214 ἔργα
1469 3156 1574 3198 κατὰ
1606 3159 1755 3208 πλῆθ
1771 3171 1793 3196 ο
1810 3172 1831 3202 ς

1034 3211 1062 3265 ἢ
1091 3217 1348 3268 μέγεθος.
1409 3216 1574 3256 Lucia
1596 3227 1633 3255 n.
1687 3215 1837 3255 Somn.

1033 3283 1074 3313 a.
1109 3271 1187 3312 vit.
1210 3265 1384 3314 Lu'cian.
1414 3271 1490 3315 13:
1523 3269 1646 3323 ἀφεὶς
1669 3269 1835 3315 αὐτοὺς

1029 3326 1311 3381 τηλικούτους
1365 3328 1434 3368 καὶ
1478 3326 1704 3376 τοιούτους
1757 3327 1834 3367 ἄν·

1027 3383 1152 3440 δρας.
