2222 3762
1624 167 1831 220 XXIX

139 323 358 380 temque
408 310 636 362 reclusis
685 310 955 379 primariis
994 309 1109 360 eius
1166 309 1409 361 fontibus
1446 310 1501 360 in
1539 308 1833 362 illustriore

138 385 258 436 luce
329 381 621 435 collocaret
682 399 906 450 eamque
982 399 1168 432 unam-
1220 380 1573 433 certissimam
1633 381 1833 432 verita-

138 456 210 508 tis
247 462 356 506 tam
412 451 830 522 cognoscendae
869 470 1030 522 quam
1068 450 1482 522 patefaciendae
1518 451 1834 522 magistram

142 545 261 584 esse
300 523 626 577 ostenderet.
703 522 860 590 Quae
901 525 946 578 si
984 541 1115 575 vera
1151 530 1304 590 sunt,
1343 542 1453 575 non
1490 522 1711 575 difficile
1752 530 1835 575 est

137 596 208 649 ad
243 593 684 665 intelligendum,
727 614 824 647 cur
861 594 1222 665 philosophus
1261 613 1426 663 quum
1465 593 1834 647 admirabilem

135 668 284 720 illam
324 673 492 718 artem
532 664 836 718 disserendi
874 668 929 719 in
968 666 1072 719 hoc
1109 666 1246 720 libro
1287 666 1679 736 expromserit‚
1720 672 1832 718 tum

137 757 344 792 summa
395 736 772 808 philosophiae
824 738 1153 791 sublimioris
1203 737 1383 808 capita
1433 737 1512 790 sic
1573 736 1831 808 attigerit,

136 818 199 863 ut
234 809 392 879 quasi
442 808 583 860 viam
634 809 738 862 sibi
775 810 1067 862 munivisse
1117 808 1367 862 videatur
1405 807 1474 860 ad
1513 827 1697 861 omnes
1737 807 1834 859 do-

139 882 344 934 ctrinae
385 898 516 932 suae
552 891 750 950 partes.
825 880 938 935 Sed
977 880 1045 933 'de
1082 887 1196 933 arte
1236 888 1287 933 et
1323 880 1564 938 ratione,
1602 897 1740 947 quae
1778 880 1834 931 in

136 951 422 1017 tractando
461 950 555 1003 illo
594 961 910 1023 argumento
948 951 1195 1005 adhibita
1234 958 1335 1017 est,
1376 951 1505 1004 alibi
1531 950 1833 1021 disputavi-

137 1043 275 1077 mus.
350 1023 459 1075 Hic
498 1023 631 1075 satis
670 1023 931 1076 habemus
970 1022 1204 1090 addere⁷
1248 1021 1425 1075 videri
1461 1022 1618 1075 nobis
1659 1016 1834 1075 Phae-

139 1094 294 1147 drum
332 1095 477 1146 circa
503 1090 724 1164 Olymp.
749 1088 1025 1146 XCVIII.
1052 1096 1101 1146 4.
1141 1094 1197 1145 in
1235 1093 1411 1145 lucem
1446 1092 1650 1144 editum
1693 1112 1832 1160 esse,

137 1167 183 1219 si
225 1164 443 1235 quidem
480 1183 606 1217 vere
643 1165 974 1219 coniecimus
1013 1184 1136 1217 eum
1163 1184 1283 1217 cum
1316 1163 1606 1235 Symposio
1630 1165 1833 1217 arctius

135 1237 440 1290 cohaerere.
519 1235 663 1288 Illud
702 1256 869 1288 unum
907 1235 1184 1290 addidisse
1220 1236 1461 1302 iuvabit,
1501 1234 1831 1304 Phaedrum,

136 1307 486 1380 Symposium
535 1314 589 1360 et
625 1306 974 1360 Phaedonem
1010 1309 1171 1372 etiam
1207 1307 1331 1360 ideo
1368 1313 1496 1377 post
1535 1322 1830 1375 sermones,

134 1380 191 1432 in
230 1380 428 1449 quibus
467 1379 751 1432 dialectice
792 1378 858 1432 de
897 1380 1156 1432 scientiae
1188 1380 1490 1432 rationibus
1531 1378 1834 1449 expositum

139 1458 239 1519 est,
278 1451 524 1520 proxime
563 1451 618 1502 in
657 1450 831 1503 lucem
855 1450 1125 1522 prodiisse
1148 1450 1339 1518 videri,
1381 1451 1509 1519 quia
1546 1450 1612 1502 iis
1651 1458 1833 1503 osten-

137 1521 311 1590 ditur,
361 1521 627 1576 humanos
666 1523 874 1575 animos
913 1523 1173 1576 scientiae
1228 1529 1283 1574 et
1320 1522 1648 1593 cognitionis
1685 1520 1834 1573 idea-

135 1613 255 1645 rum
277 1594 464 1662 utique
493 1613 720 1665 capaces
747 1613 863 1647 esse
890 1613 952 1646 ac
978 1593 1098 1646 fieri
1122 1612 1286 1664 posse
1316 1593 1629 1664 participeS‚
1660 1611 1831 1662 quan-

137 1663 430 1734 doquidem
480 1674 675 1718 natura
721 1684 908 1718 eorum
959 1665 1143 1718 divina-
1180 1665 1250 1718 sit
1288 1674 1450 1734 atque
1489 1665 1830 1734 sempiterna.

138 1735 282 1788 Nam
330 1736 432 1789 hoc
483 1738 695 1789 demum
752 1738 897 1789 facto
951 1736 1195 1790 idearum
1233 1735 1481 1789 doctrina
1527 1736 1700 1789 videri
1738 1735 1830 1788 de—

137 1807 258 1860 buit
290 1808 450 1878 plane
488 1809 737 1861 absoluta
778 1827 897 1862 esse
932 1816 1099 1878 atque
1139 1815 1526 1861 consummata..

279 1879 394 1934 Sed
443 1881 576 1933 satis
639 1879 706 1932 de
760 1880 1014 1950 operibus
1075 1880 1168 1933 illo
1229 1887 1501 1950 tempore‚
1565 1885 1829 1948 quantum

135 1951 403 2020 suspicari
439 1951 627 2017 liceat,
681 1970 712 2003 a
748 1952 981 2004 Platone
1024 1952 1080 2004 in
1117 1953 1293 2004 lucem
1334 1950 1573 2004 emissis:
1635 1949 1830 2019 Sequi-

136 2032 255 2090 tur,
309 2029 370 2074 ut
419 2022 706 2076 dicendum
757 2023 828 2076 sit
876 2022 942 2075 de
1005 2023 1350 2076 institutione
1419 2022 1826 2092 discipulorum,

137 2112 245 2162 qua
284 2093 404 2164 ipsa
455 2113 674 2163 quoque
722 2113 972 2165 magnam
1005 2103 1196 2148 nactus
1235 2101 1319 2147 est
1355 2094 1588 2146 nominis
1627 2093 1711 2146 sui
1749 2093 1828 2145 fa-

136 2183 292 2219 mam.
358 2163 474 2218 Sed
514 2184 824 2233 quanquam
861 2165 995 2218 haec
1034 2164 1335 2235 disputatio
1375 2174 1430 2217 et
1467 2164 1707 2217 iucunda
1745 2171 1830 2217 est

138 2243 194 2286 et
229 2234 298 2286 ad
336 2235 720 2305 cognoscenda
758 2235 1006 2289 Platonis
1054 2236 1238 2288 studia
1288 2236 1449 2306 longe
1487 2235 1827 2306 gravissima,

177 2303 581 2375 uandoquidem
593 2307 735 2358 inter
756 2306 860 2358 alia
874 2307 1094 2378 attingit
1114 2307 1271 2359 etiam
1289 2308 1663 2375 quaestionem
1682 2306 1830 2358 illam

138 2323 206 2429 de
242 2377 522 2445 ἀγράφοις
556 2378 804 2430 Platonis
841 2378 1057 2448 placitis
1107 2397 1281 2448 nuper
1317 2373 1614 2430 studiosius
1653 2377 1828 2447 agita-

134 2459 276 2515 tam,
312 2455 494 2500 'tamen
536 2449 662 2518 quia
697 2449 998 2521 longiorem
1035 2449 1265 2518 requirit
1313 2449 1610 2501 orationem
1668 2467 1828 2517 quam

174 2537 234 2572 ro
271 2526 464 2572 nostro
499 2520 780 2587 iustitiam,
817 2536 1001 2589 neque
1038 2520 1189 2573 libris
1228 2520 1504 2586 PlatoniS‚
1559 2538 1696 2588 quos
1734 2518 1828 2571 ha-

134 2539 323 2643 bemus
361 2592 710 2661 superstiteS‚
746 2591 975 2644 multum
1010 2591 1149 2658 lucis
1187 2590 1377 2644 afferre
1413 2590 1654 2658 videtur,
1710 2609 1828 2644 eam

136 2662 195 2714 in
241 2660 389 2715 aliud
434 2669 650 2733 ternpus
700 2663 923 2716 reiicere
971 2661 1152 2734 placet
1189 2663 1262 2732 ³⁸).
1351 2663 1546 2732 Itaque
1593 2661 1666 2714 ad
1703 2662 1828 2715 reli-

139 2746 298 2802 quam
334 2740 542 2804 partem
579 2734 724 2787 vitae
760 2734 1011 2787 Platonis
1048 2733 1404 2787 enarrandam
1441 2733 1698 2787 redimus.

278 2802 461 2871 Quum
506 2805 674 2878 igitur
719 2805 1075 2877 philosophus
1136 2805 1331 2877 viginti
1380 2805 1596 2859 circiter
1656 2824 1827 2858 annos

137 2882 264 2945 post
299 2875 531 2929 reditum
577 2877 632 2929 in
678 2877 910 2947 patriam
959 2877 1260 2931 doctrinam
1298 2896 1450 2930 suam
1488 2881 1541 2931 et
1578 2875 1826 2931 docendo

206 3103 249 3159 *)
284 3103 423 3144 Docte
455 3104 508 3144 de
547 3102 631 3144 hoc
667 3110 925 3157 argumento
956 3119 1096 3158 nuper
1132 3107 1337 3158 exposuit
1379 3105 1619 3146 Brandis
1650 3103 1691 3148 in
1725 3104 1827 3145 Dia-

282 3162 394 3202 tribe
426 3162 479 3201 de
509 3162 693 3213 perditis
724 3164 980 3205 Aristotelis
1007 3165 1130 3204 libris
1163 3164 1217 3203 de
1246 3163 1356 3203 ideis
1389 3169 1431 3204 et
1453 3164 1507 3203 de
1523 3164 1655 3204 bono.
1708 3162 1826 3203 Bon-

282 3231 365 3259 nae
396 3218 521 3262 1823.
551 3218 593 3261 8.
655 3219 717 3260 De
748 3221 935 3262 docendi
964 3223 1157 3273 ratione,
1191 3234 1318 3273 quam
1349 3220 1479 3262 Plato
1510 3223 1556 3261 in
1586 3221 1826 3261 Academia

286 3278 501 3328 tenuerit,
541 3291 581 3316 v.
622 3275 984 3322 Tennemann.
1025 3280 1052 3319 l.
1094 3292 1128 3319 c.
1159 3291 1201 3330 p,
1232 3277 1289 3321 46
1321 3291 1414 3331 sqq.
1462 3283 1504 3319 et
1545 3292 1657 3331 quae
1687 3290 1824 3329 nuper

278 3334 324 3399 in
367 3334 695 3386 Prolegomenis
735 3337 791 3376 ad
828 3337 1076 3379 Phaedrum
1117 3337 1184 3379 ed.
1225 3336 1264 3378 2.
1303 3349 1343 3388 p.
1377 3336 1462 3376 XC
1493 3350 1588 3389 sqq.
1630 3337 1822 3388 disputa-

280 3403 435 3432 Vlmus.
