2158 3718
225 537 288 589 51

331 128 433 180 :234
938 126 1414 186 PLATO-NIS

328 279 540 342 πατέρα
586 272 686 328 οὐκ
729 274 783 340 ἐξ
826 274 948 330 ἴσου
990 265 1058 340 ἦν
1102 270 1165 328 τὸ
1210 277 1428 333 δίκαιον
1471 280 1562 331 καὶ
1609 273 1749 349 πρὸς
1795 275 1895 332 τὸν
1939 281 2024 333 ὄε-

328 356 568 423 σπότην,
627 357 675 412 εἴ
723 377 812 412 σοι
857 356 935 413 ὢν
977 356 1297 428 ἐτύγχανεν,
1353 358 1511 425 dig-re,
1571 358 1715 431 ἅπερ
1777 360 2024 431 πάσχοις,

333 444 513 496 ταῦτα
560 444 651 496 καὶ
695 441 1034 506 ἀντιποιεῖν,
1082 438 1209 497 οὔτε
1252 447 1432 509 κακῶς
1478 444 1766 501 ἀκούοντα
1813 444 2047 507 ἀντιλε-,

328 546 444 596 γειν
487 521 615 581 οὕτε
659 527 1007 597 τυπτόμενον
1048 523 1402 582 ἀντιτύπτειν
1439 526 1566 584 οὔτε
1597 528 1741 584 ἄλλα
1788 532 2024 585 τοιαῦτα

327 609 533 666 πολλοὶ·
581 611 721 680 πρὸς
770 614 825 664 δὲ
872 607 974 678 τήν
1020 614 1262 682 πατρίδα
1327 610 1440 683 ἄρα
1497 618 1588 668 καὶ
1646 614 1780 678 τοὺς
1822 612 2026 684 νόμους

327 695 535 761 ἐξέσται
577 713 692 757 σοι,
735 692 892 759 ὥςτε,
947 693 1047 749 ἐάν
1090 714 1148 748 σε
1193 701 1542 767 ἐπιχειρῶμεν
1586 695 1737 767 ἡμεῖς
1780 697 2026 753 ἀπολλύ-

327 799 422 834 ναι
478 779 695 834 δίκαιον
750 777 1049 850 ’ἡγούμενοι
1103 779 1270 843 εἶναι,
1331 786 1422 836 καὶ
1477 779 1543 836 σὺ
1594 786 1656 838 δὲ
1701 782 1848 852 ἡμᾶς
1891 781 2026 846 τοὺς

326 860 533 934 νόμους
576 865 670 919 καὶ
714 861 818 931 τὴν
861 866 1104 938 πατρίδα
1147 863 1287 919 καθ’
1353 863 1494 922 ὅσον
1547 866 1785 922 δύνασαι
1829 873 2026 937 ἐπιχει-

327 1096 365 1122 a.
398 1082 510 1127 Tub.
545 1083 705 1124 Ζίῐῒεν.
736 1086 850 1138 quod
883 1099 1028 1129 verum
1061 1092 1276 1140 putamus.
1310 1088 1434 1130 Bodl.
1467 1090 1600 1134 Coisl
1622 1091 1731 1133 Ven.
1752 1106 1798 1130 s..
1829 1091 1869 1132 b.
1902 1089 2026 1134 Vind.

328 1141 366 1183 1.
396 1139 439 1185 4
473 1141 512 1185 6.
547 1141 585 1185 7.
617 1141 734 1185 Flor.
767 1156 804 1186 a.
838 1144 876 1184 l».
913 1157 948 1188 c.
982 1145 1022 1186 d.
1056 1145 1082 1185 f.
1117 1144 1153 1185 h.
1186 1146 1210 1186 i.
1256 1145 1389 1191 Huet.
1430 1151 1537 1201 Ang.
1581 1149 1680 1190 Par.
1723 1148 1914 1192 CuHS.
1956 1149 2025 1188 καὶ

295 1336 297 1338 -
328 1313 452 1355 Vind.
486 1315 526 1358 1.
556 1314 597 1358 3.
628 1314 669 1358 4.
704 1314 819 1359 Flor.
854 1316 893 1358 li.

327 1198 398 1238 σοὶ
428 1203 584 1239 ταῦτα.
621 1200 733 1242 Vett.
772 1200 891 1243 editt.
919 1207 1062 1242 ταῦτα
1093 1203 1162 1242 καὶ
1199 1203 1247 1243 σε)
1283 1203 1334 1242 οἷν
1339 1221 1377 1246 τ.
1411 1219 1450 1250 v,
1484 1212 1628 1248 ailnot-

450 1254 550 1308 πρὸ
570 1274 589 1302 ς
620 1258 716 1298 τὸν
747 1257 950 1300 δεσπότ
959 1261 1041 1313 ην]
1077 1262 1291 1302 Articulus
1325 1275 1348 1302 e
1379 1263 1507 1305 Bodl.
1541 1264 1675 1307 Coisl.
1709 1262 1815 1305 Ven.
1836 1264 1878 1306 b.
1907 1262 2021 1304 Tul».

929 1318 1062 1360 Huet.
1094 1318 1196 1358 Par.
1233 1319 1265 1359 Ι)
1283 1319 1328 1362 S.
1361 1322 1549 1364 additus.

441 1370 594 1425 ὥςτε,
634 1371 766 1428 ὅπερ
810 1374 1075 1430 πάσχοις]
1120 1375 1194 1417 Sic
1232 1376 1359 1422 Bodl.
1395 1379 1491 1423 vat.
1531 1379 1666 1421 Coisl.
1702 1381 1806 1420 Ven-
1833 1388 1882 1421 ’.4.
1913 1390 1952 1420 8.
1985 1377 2024 1420 b.

323 1543 556 1596 quntionis,
590 1543 765 1585 δίκαιόν
793 1547 876 1593 μοι’
900 1547 992 1586 ἔστι
1023 1547 1132 1587 ταῦ·

326 1615 381 1640 τα
399 1605 552 1652 ποιεῖν,
586 1608 802 1654 repertum
829 1604 876 1643 iri
910 1605 1128 1648 existimo,

324 1657 437 1700 Nam
471 1659 578 1699 alius
610 1666 730 1701 certe
766 1663 937 1712 generis
969 1671 1037 1704 est
1069 1664 1132 1704 De

325 1716 514 1769 Republ.
562 1717 588 1758 l.
625 1731 665 1771 p.
704 1718 803 1761 334.
837 1719 885 1760 C.
921 1721 971 1760 D.
1012 1721 1128 1773 quod

327 1775 476 1826 nuperi
509 1774 699 1817 editores
720 1783 974 1819 memorant.
1010 1779 1129 1828 Qua-

327 1837 505 1884 propter
546 1845 655 1874 uuuc
695 1832 748 1875 ου’
791 1848 886 1876 cum
926 1836 1129 1879 ssuttm.

326 1890 469 1940 tenui,
519 1891 636 1942 quod
668 1905 764 1934 cum
797 1898 903 1934 vett.
933 1893 1131 1935 editioni·

328 1946 406 1988 bus
424 1952 600 1989 tuentur
631 1950 759 1991 codd.
791 1963 892 1992 mss.
927 1964 1010 1992 non
1043 1966 1132 1994 ma·

325 2007 394 2046 lae
438 2010 582 2048 notae.
654 2007 819 2050 Etenim
863 2008 911 2048 σύ
957 2021 1034 2062 per
1065 2015 1134 2051 at-

326 2063 584 2105 tractionem
631 2067 816 2117 positum
856 2066 1039 2109 refertur
1074 2067 1129 2109 ad

325 2120 503 2162 verbum
531 2122 695 2163 finitum
724 2125 830 2175 οἵει,
870 2137 999 2177 quum
1036 2126 1130 2168 vul-

325 2178 416 2233 gari
453 2179 620 2220 ratione
650 2183 699 2220 σε’
724 2182 853 2222 scribi
885 2187 1128 2235 oporteret,

325 2235 443 2288 quod
489 2237 722 2279 referretur
770 2239 825 2280 ad
879 2240 1127 2282 infinitivum

323 2293 449 2337 εἶναι.
510 2294 641 2339 Quod
674 2309 749 2337 cur
780 2299 839 2338 ita
870 2296 1028 2340 factum
1060 2299 1129 2350 sit,

325 2365 481 2393 caussa
520 2353 560 2394 in
597 2360 769 2407 promtu
802 2361 882 2396 est.
942 2355 1050 2398 Nam
1086 2363 1130 2397 et

324 2411 613 2463 oppositionis
653 2413 839 2461 gravitas
876 2413 982 2454 liano
1014 2421 1132 2455 stru-

326 2473 491 2510 cturam
525 2470 750 2519 suadebat,
784 2478 827 2511 et
850 2473 1131 2524 perspicuita-

325 2526 381 2566 tis
410 2526 519 2567 ratio
551 2533 643 2568 erat
673 2528 882 2577 habenda,
914 2542 1026 2581 quae
1057 2542 1130 2570 ne·

326 2595 398 2625 mo
431 2595 514 2623 non
548 2584 663 2626 videt
694 2598 819 2652 quiam
841 2587 1029 2638 graviter
1059 2600 1128 2628 es-

327 2646 398 2682 set
426 2641 686 2693 laboratura,
718 2643 752 2682 si
773 2644 979 2696 scriptum
1013 2648 1132 2685 esset

324 2699 399 2739 καὶ
436 2701 480 2738 σὲ
520 2702 665 2738 ταῦτα
693 2697 834 2740 chun.
899 2701 1128 2755 Protagor.

327 2769 372 2808 Ρ.
409 2754 509 2799 316.
552 2756 602 2796 C.
653 2757 786 2797 ταῦτ’
830 2751 910 2798 οὖν
951 2735 1060 2811 ἤδηυ
1074 2757 1123 2798 σὺ

327 2828 492 2863 oxortu,
513 2826 569 2853 710
579 2827 704 2865 [ἔρον
733 2815 830 2870 περι
862 2815 1006 2856 mv‘tcfiv
1036 2833 1127 2870 μθ·

327 2886 416 2939 νος
458 2873 540 2912 οἴει
573 2872 659 2912 δεῖν
696 2872 977 2925 διαλέγεσθαι
1017 2873 1130 2928 πρὸς

327 2927 488 2981 μόνοις
535 2927 561 2980 ἢ
617 2927 714 2983 μετ’
767 2929 922 2972 αλλων.
972 2932 1041 2972 ubi
1086 2944 1126 2971 v.

327 2976 624 3029 Heindorf.
666 2988 1023 3031 Demosthen.
1072 2989 1128 3031 de

327 3045 444 3086 Male
483 3045 804 3097 Gest.le‹rat.
847 3060 886 3100 p.
923 3046 1131 3091 414.15.

329 3101 398 3144 ed.
431 3102 581 3148 Reisk.
630 3101 827 3157 ἡγούμην
866 3106 908 3144 ἐν
954 3103 1131 3152 τούτοις

325 3163 493 3211 πρῶτος
522 3159 661 3208 αὐτὸς
697 3166 902 3214 περιεῖναι
932 3163 1020 3204 δεῖν
1050 3162 1130 3203 αὐ-

328 3223 410 3259 τῶν
440 3216 512 3257 καὶ
538 3218 952 3275 μεγαλοψυχότερος
983 3222 1130 3275 φαίνε-

327 3279 454 3319 σθαι.
495 3275 548 3318 ad
588 3290 715 3331 quem
753 3279 895 3320 locuni
929 3278 1130 3320 Sellae·

327 3333 426 3376 fer.
468 3332 573 3377 haec
621 3335 863 3378 annotavit:
911 3337 1071 3388 „uek
1087 3336 1129 3377 k.

327 3391 546 3442 „av’ro‘vf‘
580 3392 709 3437 Quod
734 3393 768 3434 si
790 3394 884 3446 quis
904 3399 1131 3449 praeoptet

1220 1547 1428 1598 malitque
1475 1548 1602 1588 etiam
1663 1545 2021 1601 μεγαλοψυχότε-

1218 1619 1310 1659 ρον,
1348 1617 1476 1661 quum
1497 1606 1596 1647 illud
1622 1606 1835 1658 pertineat
1864 1604 1917 1644 ad
1950 1618 2024 1644 πε·-

1218 1668 1396 1716 ριεῖναι,
1437 1662 1516 1703 hoc
1555 1665 1608 1704 ad
1641 1664 1894 1716 φαίνεσθαι,
1932 1675 2024 1703 am-

1219 1722 1362 1772 boque
1393 1722 1582 1762 infinitivi
1625 1726 1827 1772 regantur
1855 1720 1909 1761 ab
1941 1721 2024 1761 im-

1219 1779 1434 1831 personali
1469 1779 1583 1830 δεῐν,
1615 1780 1724 1819 sciat
1754 1779 1795 1819 in
1825 1778 1943 1828 gravi
1975 1791 2024 1818 se

1219 1849 1367 1876 errore
1398 1837 1591 1878 versari:
1623 1849 1719 1876 nam
1738 1836 2024 1876 nominativu-

1216 1893 1290 1934 tali
1336 1894 1374 1933 in
1422 1899 1638 1936 structura
1682 1895 1899 1945 legitimus
1941 1900 2024 1934 est.

1217 1964 1255 1992 v.
1291 1950 1528 1993 Lobeck.
1576 1952 1754 2003 Parerg.
1797 1950 1851 1991 ad
1888 1951 2022 2006 Phry-

1218 2008 1328 2063 nich.
1362 2023 1401 2061 p.
1423 2009 1522 2053 754.
1581 2009 1666 2051 Qui
1693 2007 1811 2060 quod
1843 2008 1903 2050 ait
1933 2009 2023 2049 δεῖν

1215 2066 1257 2107 in
1290 2066 1532 2108 huiusmodi
1563 2066 1884 2108 constructione
1915 2066 2022 2107 deli·

1217 2129 1399 2173 tescere,
1434 2124 1530 2175 hoc,
1570 2125 1737 2176 opinor,
1774 2123 1894 2173 dicit,
1925 2136 2024 2166 esse

1217 2194 1354 2234 genus
1390 2182 1674 2233 attractionis,
1704 2180 1844 2235 quod,
1877 2187 1926 2224 ut
1956 2186 2024 2223 tot

1220 2241 1304 2281 alia
1339 2240 1463 2282 huius
1484 2239 1714 2282 schematis
1744 2252 1919 2292 genera,
1952 2252 2020 2281 ra-

1218 2298 1379 2339 tionem
1467 2298 1744 2350 syntacticam
1817 2298 2024 2338 obscuret

1216 2355 1413 2407 adeoque
1455 2357 1592 2397 tollat.
1652 2357 1746 2397 Res
1785 2357 1916 2408 vulgo
1947 2367 2023 2396 ne-

1213 2414 1354 2466 glecta
1389 2412 1551 2455 dudum
1574 2427 1643 2454 me
1664 2413 1911 2454 adverterat
1942 2425 2023 2454 nec

1217 2483 1354 2523 pauca
1404 2471 1596 2511 eiusdem
1648 2471 1764 2511 modi
1823 2472 2021 2522 exempla

1217 2530 1494 2580 collegeram,
1531 2541 1644 2580 quae
1671 2529 1795 2578 Angli
1827 2528 2022 2581 publica-

1215 2590 1314 2626 runt
1363 2585 1404 2625 in
1458 2585 1679 2627 Thesauro
1735 2584 1941 2639 Stephan.
1981 2599 2021 2626 c.

1213 2642 1340 2686 3150.
1373 2643 1426 2684 B.
1441 2645 1471 2666 ‘⁵
1546 2644 1667 2684 Plura
1708 2648 2022 2696 congesserunt

1221 2699 1546 2742 Fritschius
1590 2700 1733 2742 Leett.
1771 2700 1940 2742 Luciau.
1975 2714 2017 2755 p.

1213 2758 1299 2802 102
1331 2770 1395 2811 sq.
1435 2763 1479 2799 et
1515 2758 1803 2800 Schaefer.
1845 2757 1897 2800 ad
1931 2759 2020 2800 De-

1214 2814 1370 2859 inosth.
1405 2817 1563 2869 Appar.
1597 2816 1650 2860 T.
1683 2817 1739 2858 V.
1772 2830 1814 2871 p.
1833 2816 1932 2861 626.
1967 2817 2018 2858 In

1215 2873 1420 2934 proximis
1450 2875 1522 2914 σοί
1551 2876 1735 2928 pertinet
1762 2874 1817 2915 ad
1849 2875 1892 2920 ἐξ
1918 2875 2018 2914 ἴσον

1215 2947 1290 2983 ην,
1332 2931 1448 2983 quod
1491 2930 1755 2986 hyperbaton
1797 2932 2019 2974 notatione

1214 2989 1389 3042 dignum
1424 2994 1503 3032 est.

1272 3061 1396 3087 oute
1429 3062 1593 3093 κακέ-υς
1622 3062 1757 3087 (1801
1771 3062 1901 3087 ⁰⁹1oe
1932 3045 2016 3086 ἄν·

1215 3106 1548 3159 τιλέγειν-]
1581 3105 1707 3146 Haec
1742 3103 1886 3145 addita
1919 3110 2018 3145 sunt

1215 3163 1269 3204 ad
1303 3163 1555 3216 explicanda
1594 3163 1726 3204 verba
1764 3167 1908 3203 ταῦτα
1947 3161 2018 3201 καὶ

1213 3221 1479 3272 ἀντιποιεῖνς
1509 3219 1623 3273 quod
1646 3233 1818 3270 moneo,
1851 3220 2017 3272 nequis

1216 3278 1282 3321 hio
1320 3280 1532 3320 vinculum
1586 3277 1760 3331 aliquod
1808 3276 2017 3318 orationis

1214 3336 1454 3394 desideret,
1499 3334 1616 3389 quod
1664 3335 1888 3377 sententiis
1941 3347 2015 3375 ex·

1216 3395 1399 3448 plicandi
1421 3407 1575 3436 caussa
1597 3392 1775 3436 adiectis
1798 3405 1881 3435 non
1913 3392 2013 3434 addi
