2158 3718
247 164 350 220 132
973 135 1295 205 PLA'roNIs

239 301 305 358 τὸ
342 302 519 372 σαφὲς
558 299 845 370 εἰσόμεθα,
888 296 989 353 ἐὰν
1025 296 1161 362 θεὸς
1197 297 1388 368 ἐθέλῃ,
1429 295 1622 365 ὀλίγον
1659 295 1921 365 ὕστερον,
1961 294 2037 359 ὥς
2090 340 2097 350 ,
2153 345 2158 358 .

244 387 369 457 ἐμοὶ
407 387 578 443 δοκεῖ.

216 499 256 512 -
393 468 567 523 Ταῦτ’
608 463 717 522 οὖν
757 467 888 535 ἐγώ,
929 467 1056 535 ἔφη,
1096 458 1141 519 ὦ
1177 465 1391 535 Σιμμία
1427 484 1487 518 τε
1523 466 1619 518 καὶ
1655 464 1857 534 Κέβης,
1896 462 2037 517 ἀπο-

246 556 550 623 λογοῦμαι,
601 551 678 615 ὥς
716 551 944 613 εἰκότως
980 547 1127 618 ὑμᾶς
1171 567 1232 602 τε
1277 548 1600 602 ἀπολείπων
1638 548 1733 601 καὶ
1769 545 1903 611 τούς
1941 547 2037 601 ἐν·

249 639 396 693 θάδε
434 636 711 699 δεσπότας
748 632 818 688 οὐ
855 636 1111 703 χαλεπῶς
1147 632 1303 702 φέρω
1342 630 1469 686 οὐδ’
1508 629 1825 701 ἀγανακτῶ,
1864 628 2039 700 ἡγού-

193 741 228 782 Ε
250 742 419 794 μενος
456 718 622 775 κάκεῖ
654 716 828 773 οὐδὲν
864 710 1034 787 ἧττον
1070 714 1107 786 ἢ
1148 715 1358 770 ἐνθάδε
1396 715 1692 779 δεσπόταις
1717 734 1777 769 τε
1803 712 2040 784 ἀγαθοῖς

250 805 619 870 ἐντεύξεσθαι
643 805 738 857 καὶ
763 802 1032 872 ἑταίροις·
1073 807 1191 864 τοῖς
1228 799 1291 853 δὲ
1327 803 1558 863 πολλοῖς
1594 798 1858 852 ἀπιστίαν
1894 815 2041 867 παρ-

252 891 381 960 έχει.
459 892 516 943 εἴ
545 908 599 942 τι
646 880 755 941 οὖν
791 886 928 957 ὑμῖν
974 883 1364 954 πιθανώτερός
1409 884 1520 952 εἰμι
1560 884 1624 937 ἐν
1659 886 1728 953 τῇ
1767 881 2042 953 ἀπολογίᾳ

248 974 286 1044 ἢ
323 981 441 1037 τοῖς
473 971 789 1042 Ἀθηναίων
826 972 1133 1038 δικασταῖς,
1173 961 1241 1022 εὖ
1277 966 1349 1022 ἀν
1385 969 1522 1036 ἔχοι.

394 1061 511 1126 Cap.
552 1060 677 1110 XIV.

249 1139 444 1210 λαβών
481 1139 511 1194 ὁ
549 1141 734 1210 Κέβης
770 1142 903 1209 ἔφη·

731 1055 1010 1118 Εἰπόντος
1047 1051 1115 1122 δὴ
1154 1056 1256 1106 τοῦ
1283 1052 1628 1121 Σωκράτους
1662 1052 1859 1119 ταῦτα,
1897 1047 2042 1102 ὑπο-

955 1131 1021 1191 Ὦ
1061 1136 1389 1205 Σώκρατες,
1428 1134 1495 1189 τὰ
1533 1135 1638 1204 μὲν
1675 1133 1819 1187 ἄλλα
1855 1135 2043 1202 ἔμοιγε

249 1326 353 1368 μεν,
384 1313 498 1363 quod
525 1313 689 1366 primus
719 1311 882 1365 sprevit
910 1308 1135 1359 Heindorf3
1167 1308 1383 1350 revocavit
1403 1313 1545 1348 autem
1574 1319 1710 1359 nuper
1729 1306 1869 1346 Herm.
1901 1318 1941 1348 v.
1964 1316 2042 1346 ex-

247 1370 411 1423 plicatt.

364 1431 465 1481 ἐὰν
486 1432 650 1493 θεός]
683 1429 745 1479 ἅν
766 1437 887 1478 Bodl.

365 1501 476 1550 ἀπο
491 1504 723 1562 λείπων]
750 1499 998 1550 ἀπολιπών
1019 1504 1143 1547 Bodl.
1164 1505 1272 1547 Ven.
1298 1503 1350 1546 H
1367 1503 1493 1543 etiam
1514 1503 1566 1543 ab
1588 1502 1730 1542 Herm.
1754 1506 1965 1555 spretum

364 1578 412 1618 E.
448 1572 648 1631 ἔμοιγε
679 1575 871 1630 δοκει]
907 1577 978 1618 Sie
1007 1575 1127 1618 Bodl.
1150 1576 1260 1620 Ven.
1284 1573 1456 1616 HTub.
1483 1580 1524 1613 et
1545 1571 1663 1615 Stob
1683 1571 1815 1612 Editt.
1836 1577 1938 1611 vett.
1962 1568 2042 1612 δο-

247 1636 330 1677 κεῖ
347 1629 523 1687 {Quotve

252 1789 402 1830 eodem
423 1788 549 1829 modo
546 1788 761 1853 positum
791 1789 869 1829 Ar.
890 1787 998 1829 Plut.
1025 1787 1106 1829 196

251 1857 344 1886 καν
364 1836 506 1885 ταῦτ’
530 1836 768 1911 ἀνύσηται
800 1843 928 1896 (sibi
942 1855 1106 1909 para-

252 1898 440 1953 verit),
482 1912 837 1968 τετταρακοντα
866 1899 1105 1969 βουλεται.

250 1955 411 1997 Aeseh.
448 1957 587 1999 Prom.
629 1958 711 1998 700
759 1954 849 2010 τὴν
898 1955 1013 2021 πρίν
1051 1967 1106 2020 γε

251 2011 419 2068 χρείαν
440 2004 687 2065 ἠνύσασθ’
711 2006 827 2066 ἐμοῦ
844 2005 985 2082 πάρα
994 2005 1105 2052 κού-

252 2082 370 2140 φως.
434 2068 582 2140 HSoph.
630 2068 780 2112 Traeh.
823 2070 905 2110 996
964 2063 1105 2135 ἱερῶν

251 2122 363 2166 οἵαν
404 2121 518 2167 οιων
560 2118 645 2167 ἐπί
668 2137 750 2179 μοι
779 2121 930 2190 μελέῳ
967 2137 1109 2191 χαριν

268 2173 428 2223 'vica
461 2181 636 2224 Theoor.
665 2182 720 2225 V.
752 2183 832 2223 143
862 2194 965 2222 οττι
993 2174 1108 2222 πύκ’

254 2235 353 2291 ηδη
384 2230 701 2304 οἷννσοῖμαν
726 2231 812 2278 τὸν
834 2229 1003 2306 ἀμνόν.
1044 2237 1108 2278 Id.

253 2293 409 2334 XVIII.
443 2295 495 2336 16
537 2286 729 2360 ἀγαθός
768 2307 841 2342 τις
871 2287 1108 2335 ἐπέπτατο

253 2342 492 2415 ἐρχομένῳ
513 2363 588 2391 τοι
609 2373 664 2379 -
682 2344 744 2399 ὦς
765 2343 987 2393 ἀνύσαιο.
1011 2349 1109 2389 Plu-

252 2407 386 2446 ralem
425 2398 672 2461 ἦνύσαμεν
714 2407 786 2457 qui
826 2405 1109 2447 defenderunt

253 2462 467 2511 Astius,
508 2462 817 2516 Bernhardy
858 2462 1038 2515 Syntax.
1059 2473 1102 2512 p.

251 2518 351 2559 416.
389 2516 435 2560 C.
460 2518 506 2560 F.
528 2519 803 2559 Hermann.
825 2517 1037 2560 Abhandl.
1065 2533 1102 2562 u,

253 2573 383 2613 Beitr.
405 2587 449 2627 p.
473 2575 541 2623 72,
564 2575 596 2614 ii
620 2575 845 2618 voluerunt
869 2587 963 2615 esse
985 2586 1102 2615 eom-

255 2630 564 2670 muuioativum
639 2638 764 2682 atque
823 2642 1104 2682 personarum

255 2696 481 2725 numerum
511 2687 656 2727 crebro
686 2687 745 2726 ita
764 2686 920 2727 variari
948 2698 1103 2725 11101111-ι

257 2746 393 2782 erunt.
434 2742 484 2781 In
506 2753 587 2791 quo
617 2747 760 2781 tamen
781 2753 866 2782 uno
889 2748 1002 2781 certe
1023 2754 1102 2781 no-

254 2796 370 2835 mine
407 2795 509 2835 falsi
535 2805 649 2840 sunt.
690 2797 798 2837 Nam
827 2798 942 2848 quod
971 2803 1102 2837 statu·

256 2857 380 2892 erunt
425 2853 553 2893 istam
600 2865 873 2893 numerorum
912 2854 1108 2894 variatio-

256 2919 356 2948 nem
377 2909 502 2948 etiam
529 2909 574 2948 in
602 2910 711 2949 binis
736 2909 934 2949 membris
956 2909 1108 2963 copula

257 2965 465 3005 connexis
506 2964 644 3004 locum
683 2965 859 3013 habere,
911 2965 1001 3005 eius
1044 2966 1104 3005 lo-

258 3019 417 3071 quendi
474 3021 648 3061 rationis
704 3021 867 3061 nullum
926 3034 1107 3086 usquam

256 3076 376 3116 aliud
395 3077 646 3130 investigari
675 3077 917 3130 exemplum
939 3079 1106 3144 poterit.

256 3131 324 3172 Ex
353 3144 436 3183 quo
468 3145 733 3185 consequens
762 3140 840 3181 est,
867 3141 910 3173 ut
930 3145 1108 3199 ηνυσα-

257 3200 355 3241 μην
395 3189 519 3228 unice
566 3202 714 3231 verum
763 3190 997 3243 putandum
1039 3191 1108 3230 sit.

259 3243 382 3293 Quod
421 3246 459 3284 si
497 3247 753 3297 quaerimus,
785 3259 860 3286 cur
887 3247 998 3286 male
1031 3246 1106 3286 de-

259 3305 485 3352 pravatum
515 3303 591 3351 sit,
614 3314 744 3343 eausa
770 3303 814 3342 in
837 3311 1006 3355 promtu
1028 3311 1106 3343 est.

259 3354 368 3396 Nam
388 3357 573 3410 primum
581 3359 774 3424 quidem
797 3359 944 3400 scribis
968 3360 1106 3399 notius

258 3410 341 3452 fuit
359 3414 544 3455 activum
565 3406 781 3465 ἀνύτειν,
802 3427 897 3456 eum
919 3416 1108 3455 medium

260 3467 435 3512 verbum
475 3478 705 3525 usurpetur
744 3472 897 3517 rarius
948 3473 1105 3521 Quam-

1193 1796 1322 1836 quam
1361 1783 1467 1824 illud
1495 1794 1575 1823 nee
1602 1794 1628 1822 a
1656 1793 1812 1836 prosae
1839 1782 2041 1824 orationis

1193 1840 1506 1882 consuetudine
1535 1839 1722 1879 alienum
1749 1838 1884 1879 fuisse
1926 1839 2045 1879 evin-

1193 1904 1294 1937 cunt
1316 1909 1424 1948 quae
1444 1900 1643 1937 notarunt
1667 1895 1830 1949 Toup.
1853 1894 1965 1938 Add.
1990 1895 2046 1936 ad

1192 1953 1367 1994 Theocr.
1398 1965 1443 2007 p.
1463 1953 1549 1995 400
1577 1957 1617 1992 et
1645 1950 1829 1992 Baehr.
1857 1951 1913 1992 ad
1933 1951 2042 1993 Plut.

1192 2010 1330 2052 Aleib.
1362 2021 1404 2062 p.
1428 2009 1526 2052 214.
1569 2007 1731 2048 Deinde
1760 2008 2044 2072 corruptionis

1195 2066 1552 2119 opportunitatem
1582 2063 1721 2115 dedit,
1762 2063 1878 2114 quod
1905 2063 2045 2105 eonti-

1196 2134 1280 2163 nuo
1323 2122 1515 2172 sequitur
1555 2128 1597 2161 et
1625 2121 1668 2159 in
1696 2120 1933 2186 singularis
1961 2133 2043 2160 nu-

1195 2178 1300 2219 meri
1340 2179 1478 2218 vicem
1513 2176 1785 2218 substituitur
1813 2168 2043 2225 ἐλθόντες

1195 2256 1251 2264 -
1274 2228 1525 2288 εἰσόμεθα.
1565 2233 1626 2274 De
1647 2244 1731 2285 qua
1761 2233 1927 2273 numeri
1947 2245 2046 2288 per-

1194 2291 1429 2331 mutatione
1457 2289 1629 2331 Graecis
1659 2291 1806 2341 utique
1839 2287 2045 2343 frequen-

1196 2355 1285 2388 tata
1311 2359 1353 2390 v.
1384 2347 1609 2389 Lobeek.
1640 2346 1711 2387 ad
1724 2346 1843 2387 Aiae.
1875 2346 2041 2387 v.191.

1194 2405 1312 2444 Iaeo
1326 2405 1385 2445 bs
1406 2402 1562 2444 adDel.
1576 2401 1858 2456 epig1.X.89.
1878 2401 2012 2442 Bern
2027 2425 2048 2431 -

1195 2459 1364 2513 hardy
1384 2459 1415 2501 1:
1436 2472 1474 2502 o.
1506 2458 1762 2500 Matthiae
1783 2458 1855 2503 Gr.
1878 2458 1919 2509 S.
1941 2459 2037 2501 293.

1192 2517 1247 2560 al.

1254 2592 1430 2641 Ταῦτ’
1453 2591 1881 2652 ἀπολογοῦμαι]
1915 2597 2044 2639 haee

1189 2668 1281 2709 pro
1312 2668 1389 2695 me
1417 2655 1606 2697 affero.
1647 2655 1709 2694 De
1730 2656 2043 2695 construetione

1189 2713 1411 2752 verborum
1442 2703 1715 2752 ἀπολείπων
1736 2733 1789 2738 -
1819 2702 1877 2751 οὗ
1907 2711 2043 2764 χαλε-

1192 2765 1291 2815 πῶς
1314 2763 1506 2819 φέρων.
1531 2765 1675 2808 Matth.
1700 2765 1742 2817 ᾖ.
1766 2767 1864 2808 551.

1250 2852 1299 2894 Ε.
1332 2842 1618 2891 ἀπιστίαν
1647 2847 1915 2905 παρέχει]
1942 2852 2043 2891 Tei-

1194 2909 1252 2948 tia
1295 2907 1411 2948 verbi
1450 2918 1635 2960 persona
1673 2906 1886 2948 intellecto
1922 2899 2046 2949 αὐτό

1193 2964 1334 3018 posita
1355 2974 1438 3003 non
1460 2963 1545 3004 rari
1566 2971 1630 3004 est
1652 2975 1772 3006 usus.
1799 2975 1840 3003 v.
1859 2962 1970 3004 infra
1991 2964 2047 3004 ad

1194 3034 1237 3074 p.
1263 3022 1317 3061 93
1339 3019 1388 3060 Β.
1430 3020 1576 3070 Itaque
1597 3019 1808 3061 sententia
1830 3024 1894 3061 est
1912 3019 2042 3059 haee·
2033 3050 2042 3059 .

1195 3088 1509 3128 quamquam
1531 3089 1615 3117 res
1631 3087 1851 3130 magnae
1870 3076 2044 3116 multi-

1194 3133 1372 3173 tudini
1395 3138 1472 3173 est
1501 3131 1862 3175 incredibilis.
1905 3132 2042 3172 Pravo

1194 3189 1351 3229 iudicio
1400 3201 1536 3242 nuper
1582 3187 1846 3255 Hirsehig.
1892 3189 2043 3229 verba·

1195 3247 1297 3294 τοῖς
1319 3240 1373 3287 δὲ
1394 3245 1588 3293 πολλοῖς
1608 3266 1660 3273 -
1681 3241 1880 3298 παρέχει
1909 3243 2041 3284 sciolo

1193 3302 1321 3342 alicui
1354 3302 1497 3343 deberi
1527 3301 1685 3342 statuit.
1727 3301 1790 3341 De
1819 3307 2040 3340 construc-

1193 3359 1308 3399 tione
1336 3359 1586 3399 verborum:
1630 3355 1746 3398 εἴτι
1770 3349 2043 3398 πιθανώτε-

1194 3408 1273 3469 ρός
1316 3411 1431 3468 εἰμι,
1463 3435 1516 3444 -
1540 3401 1594 3455 εὖ
1629 3404 1688 3455 ὃὶν
1729 3408 1829 3466 ἔχοι
1859 3412 1957 3454 vide
1987 3411 2042 3452 ad

1192 3471 1378 3525 Apolog.
1399 3484 1442 3525 p.
1464 3472 1518 3514 25
1539 3470 1586 3515 Β.
