2158 3718
258 778 878 849 Cap.1.EX.A13v0'g‚
919 781 961 832 ὠ
1004 780 1259 847 Φαίδων,
1301 780 1615 847 παρεγένου
1653 777 1898 847 Σωκράκ
1923 793 1980 833 57

111 887 198 920 τει
237 868 423 936 ἐκείνῃ
450 868 517 935 τῇ
543 862 738 935 ἡμέρας
777 866 810 935 ᾑ
839 862 900 917 τὸ
928 863 1227 932 φάρμακον
1266 866 1421 916 ἔπιεν
1461 865 1525 916 ἐν
1561 866 1637 932 τῷ
1676 864 1895 932 δεσμω-

116 953 308 1021 τηρίῳ,
347 949 382 1018 ἢ
420 947 597 1001 ἄλλου
622 968 724 1001 του
749 947 1019 1018 ἤκουσαςς
1062 951 1274 1000 ΦΑΙΔ.
1315 946 1518 1015 Αὐτός,
1559 940 1604 1000 ὦ
1636 945 1895 1015 Ἐχέκρα-

115 1053 222 1096 τες.
298 1037 414 1086 ΕΧ.
471 1035 542 1085 Τί
574 1026 681 1084 οὖν
720 1033 789 1101 δή
830 1033 984 1085 ἐστιν
1021 1030 1157 1084 ἅττα
1197 1027 1352 1084 εἶπεν
1390 1028 1419 1084 ὁ
1460 1028 1604 1099 ἀνὴρ
1643 1028 1752 1099 πρὸ
1790 1034 1893 1083 τοῦ

114 1117 398 1181 θανάτους
449 1118 542 1169 καὶ
587 1120 704 1178 πῶς
751 1115 1037 1179 ἐτελεύτας
1086 1113 1262 1184 ἡδέως
1306 1113 1413 1185 γαρ
1453 1113 1524 1168 ἂν
1570 1113 1891 1185 ἀκούσαιμι.

115 1203 210 1255 καὶ
262 1200 370 1271 γὰρ
426 1199 556 1255 οὔτε
612 1205 727 1253 τῶν
774 1204 1021 1254 πολιτῶν
1070 1202 1359 1254 Φλιασίων
1405 1197 1590 1262 οὐδεὶς
1639 1201 1791 1253 πάνυ
1840 1220 1894 1253 τι

228 1359 274 1403 Ρ.
300 1362 368 1402 57.
411 1351 555 1400 ἅττα
577 1354 753 1412 εἶπεν]
781 1357 919 1399 Semel
940 1358 1008 1397 hic
1029 1359 1247 1398 monuisse
1267 1358 1427 1398 iuvabit
1459 1371 1539 1398 non
1570 1359 1739 1412 probari
1769 1359 1892 1399 nobis

115 1417 339 1457 consilium
358 1416 584 1469 Hirschigii
612 1417 777 1455 Platoni
805 1416 962 1467 ubique
988 1416 1029 1454 in
1061 1415 1212 1455 talibus
1243 1415 1463 1454 elisionem
1494 1416 1780 1467 obtrudentis,
1810 1427 1894 1466 qua

58 1519 62 1523 Α
116 1480 229 1513 certe
255 1472 375 1513 Plato
405 1479 512 1512 teste
544 1471 745 1513 Cicerone
775 1472 842 1515 Or.
864 1474 934 1516 44
961 1473 1042 1512 150
1064 1485 1128 1537 sq.
1157 1471 1331 1511 minime
1359 1472 1575 1514 abstinuit.
1620 1473 1765 1523 Itaque
1787 1483 1893 1523 quas

116 1529 187 1569 ille
201 1529 309 1569 hoc
299 1543 340 1568 1n
357 1542 511 1582 genere
532 1531 665 1569 suasit
687 1529 955 1578 mutationes,
981 1529 1150 1568 omnino
1173 1530 1386 1568 mentione
1405 1529 1750 1582 i1idignae'sunt;
1772 1535 1895 1568 stan-

116 1587 218 1626 dum
240 1587 353 1625 enim
364 1587 529 1650 ubique
549 1598 573 1624 a
595 1586 786 1638 partibus
810 1586 1001 1625 codicum
1023 1598 1129 1628 mss.

170 1683 177 1698 x
228 1635 578 1706 ακούσαιμι]
623 1641 1243 1684 Bodi Vat.Ambr.F101-.d
1273 1649 1314 1681 et
1344 1653 1425 1682 rec.
1457 1642 1564 1684 Ven.
1599 1640 1650 1682 H
1675 1633 1762 1695 ε’γώ
1795 1647 1895 1680 ante

116 1691 378 1752 ακούσαιμι
396 1700 682 1752 interponunt,
719 1699 832 1749 quod
860 1707 997 1738 tamen
1030 1698 1175 1738 nescio
1206 1699 1417 1748 quomodo
1440 1698 1666 1738 molestum
1688 1710 1735 1736 ac
1758 1709 1894 1750 paene

114 1756 368 1795 inurbanum
398 1756 575 1798 videtur.
612 1755 880 1808 Receperuut
902 1763 1041 1794 tamen
1063 1754 1313 1794 Turicenses
1338 1761 1377 1794 et
1398 1755 1676 1794 Hermannus.
1704 1767 1741 1796 v.
1768 1755 1894 1794 etiam

117 1824 217 1855 ann.
239 1812 293 1851 ad
314 1824 356 1864 p.
382 1812 460 1852 108
482 1812 531 1851 D.

231 1867 339 1909 τῶν
370 1867 623 1909 πολιτῶν
653 1865 968 1920 Φλιασίων]
1011 1865 1268 1908 πολιτικῶν
1297 1868 1427 1907 vind.
1456 1868 1482 1906 6
1511 1867 1619 1909 Flor.
1651 1880 1689 1905 a.
1733 1867 1778 1905 Iu
1810 1878 1893 1906 uno

115 1924 207 1966 Par.
231 1923 263 1964 L
284 1931 391 1964 teste
411 1925 602 1964 Bekkero
624 1932 719 1964 ante
741 1923 979 1965 Φλιασίων
1000 1925 1202 1963 insertum
1226 1931 1290 1963 est
1310 1922 1419 1966 τῶν.

169 2065 326 2131 Cap.1.
358 2065 403 2104 P.
427 2066 495 2106 57.
522 2057 962 2128 Αὐτός-παρε-

118 2117 291 2187 ’γένου
313 2143 364 2149 -
387 2114 588 2173 Αὐτός]
645 2120 830 2171 Utroque
869 2121 960 2160 loco

118 2171 265 2225 αὐτός
307 2177 451 2217 eadem
492 2177 535 2215 vi
574 2184 615 2215 et
656 2176 962 2228 significatione

119 2235 333 2286 positum,
374 2209 719 2284 quandoquidenoi
751 2233 963 2273 indicatur

118 2290 388 2330 Phaedonem
417 2291 556 2342 ipsum
588 2290 636 2339 (i.
667 2302 704 2330 e.
737 2293 957 2342 person-

118 2346 244 2397 lich)
304 2346 418 2386 fatali
460 2346 531 2386 illo
569 2345 636 2385 die
695 2354 960 2399 praesentem

118 2403 308 2443 affuisse.
351 2402 556 2442 Nimirum
577 2402 688 2442 valet
720 2402 799 2442 hoc
822 2414 891 2452 eo,
916 2410 962 2441 ut

117 2459 360 2499 Phaedonis
397 2459 629 2499 narrationi
667 2459 801 2498 maior
831 2471 961 2508 quae-

120 2516 217 2556 dam
238 2515 344 2556 fides
369 2521 408 2555 et
438 2516 666 2555 auctoritas
699 2516 958 2555 concilietur.

119 2571 267 2625 Nugae
284 2578 402 2636 sunt,
435 2584 543 2623 quae
564 2572 615 2611 de
638 2572 807 2612 diverso
830 2584 962 2611 seusu

121 2640 216 2671 voc,
234 2621 379 2676 αὐτός
397 2628 557 2682 profert
574 2629 768 2681 Hermog.
789 2628 958 2668 Rhetor.

121 2685 268 2726 Graec.
293 2685 359 2725 ed.
382 2685 521 2724 Walz.
543 2684 590 2724 T.
615 2686 685 2724 111.
708 2697 749 2737 p
772 2687 869 2725 402.

183 2740 255 2782 Τί
305 2729 406 2782 οὖν
465 2734 536 2794 δή
594 2733 752 2781 ε’στιν
799 2733 960 2795 ἅττα]

120 2797 164 2837 11.
206 2811 241 2843 e.
293 2798 443 2837 euius
491 2798 705 2849 generis
755 2806 876 2837 sunt
919 2807 966 2837 et

121 2866 371 2904 quorsum
418 2855 711 2918 pertinent,
775 2854 965 2903 quando—

122 2910 292 2973 quidem
332 2910 565 2962 praedicati
603 2911 717 2950 notio
754 2911 967 2950 communi

122 2966 267 3019 generi
295 2966 485 3004 subiecta
515 2967 742 3030 cogitatur,
775 2967 966 3006 similiter

121 3031 250 3074 atque
272 3022 314 3060 in
340 3021 514 3061 talibus.
557 3014 644 3062 οὐκ
666 2997 861 3075 αγαθὸν
880 3036 965 3063 πο-

123 3077 424 3131 λυκοιρανιή,
479 3077 618 3118 Triste
657 3080 776 3130 lupus
818 3080 964 3119 stabu-

120 3137 197 3188 lis,
238 3135 265 3174 i
309 3147 344 3173 e.
388 3134 546 3174 triste
597 3134 866 3186 quiddam,
910 3135 964 3175 al.

122 3192 283 3232 Eodem
313 3191 438 3230 modo
478 3189 587 3229 infra
623 3203 665 3242 p.
688 3192 740 3232 58
764 3190 793 3230 C
822 3190 880 3232 τί
904 3180 965 3244 ἦν

123 3241 181 3288 τὰ
212 3243 446 3300 λεχθέντα
474 3244 556 3287 και
579 3243 871 3300 πραχθέντα,
893 3248 964 3287 ubi

126 3304 251 3344 codd.
286 3304 465 3356 quidam
506 3304 645 3342 minus
689 3303 965 3343 verisimiliter

123 3359 254 3401 τίνα
274 3357 350 3412 ἡν.
391 3361 470 3423 Hip
509 3391 516 3399 .
550 3359 646 3401 mai.
678 3372 719 3411 p.
742 3358 879 3400 2851)
912 3359 969 3400 τί

124 3411 220 3469 μήν
250 3406 422 3458 ἔστιν
403 3408 433 3456 οὶ
462 3411 614 3469 ηὸέως
643 3426 728 3455 σου
759 3407 965 3467 ακροῶν-

1048 2077 1151 2117 ται,
1184 2063 1226 2103 11.
1252 2076 1288 2106 e
1320 2064 1472 2103 cuius
1501 2064 1714 2116 generis
1747 2071 1895 2114 sunt,

1049 2134 1085 2163 s.
1108 2133 1269 2171 quors
1286 2133 1366 2159 um
1389 2121 1600 2160 omnino
1623 2120 1897 2184 pertinent

1049 2186 1126 2215 etc
1158 2176 1284 2227 Gorg.
1315 2189 1358 2228 p.
1389 2177 1471 2216 508
1494 2175 1524 2216 C
1554 2171 1804 2226 σκεπτέον,
1843 2174 1903 2216 τί

1048 2226 1107 2273 τὰ
1124 2231 1489 2298 συμβαίνοντας
1498 2231 1754 2298 Euthyphr.
1778 2245 1818 2284 p
1844 2233 1897 2272 15

1048 2282 1227 2330 ΑοΞλλόι
1250 2287 1299 2329 τί
1319 2285 1388 2341 δή
1401 2282 1511 2329 ποτ’
1533 2279 1596 2329 ἂν
1621 2286 1693 2340 εἰη
1715 2287 1896 2339 ταῦτας

1049 2347 1120 2386 ubi
1142 2359 1180 2388 v.
1204 2358 1301 2384 ann.
1336 2345 1535 2385 Similiter
1555 2345 1720 2384 Terent.
1743 2345 1895 2397 Hecyr.

1048 2403 1079 2441 I.
1102 2404 1150 2452 2
1182 2404 1236 2441 22
1267 2401 1358 2441 Sed
1385 2403 1487 2454 quid
1511 2402 1617 2442 hoe
1647 2403 1805 2452 neqotiz'
1833 2406 1900 2442 est

1047 2461 1168 2499 modo
1200 2471 1330 2511 quae
1351 2460 1545 2498 narravit
1564 2458 1662 2498 mihi
1680 2457 1897 2498 Bacchis?

1048 2516 1182 2555 Aliter
1231 2514 1445 2554 Phaedon.
1497 2526 1538 2566 p.
1578 2515 1657 2555 102
1696 2515 1732 2553 Α
1774 2507 1895 2554 αλλα

1048 2570 1183 2612 τίνα
1219 2563 1280 2623 δὴ
1311 2559 1371 2623 ἦν
1401 2564 1458 2611 τὰ
1488 2583 1607 2623 μετα
1640 2568 1794 2611 ταῦτα
1823 2571 1899 2611 λε-

1049 2623 1259 2682 χθέντας

1105 2683 1212 2725 τῶν
1271 2681 1521 2724 πολιτῶν
1583 2680 1893 2735 Φλιασίων]

1050 2742 1237 2781 Fuerunt
1305 2740 1376 2791 qui
1435 2752 1589 2779 nomen
1659 2738 1899 2780 Φλιασίων

1050 2806 1263 2861 tamquam
1321 2808 1689 2849 supervacaneum
1749 2796 1897 2836 delen—

1052 2854 1151 2893 dum
1199 2854 1225 2892 11
1216 2853 1457 2903 adstarent,
1519 2853 1649 2892 veluti
1698 2851 1896 2892 Schae-

1048 2910 1196 2949 ferus
1227 2910 1282 2949 ad
1305 2910 1478 2960 Giegor.
1503 2908 1690 2949 Corinth.
1722 2921 1762 2961 p.
1789 2910 1898 2949 1048

1052 2975 1092 3006 et
1127 2967 1190 3005 vir
1225 2967 1374 3009 doctus
1412 2966 1449 3004 in
1484 2966 1640 3005 diario:
1683 2965 1898 3003 Wiener

1051 3022 1259 3075 allgem.
1282 3022 1402 3063 Litt.
1422 3022 1548 3062 Zeit.
1571 3034 1609 3064 a.
1625 3022 1748 3062 1814.
1770 3022 1895 3061 n.87.

1050 3078 1135 3118 Sed
1151 3079 1333 3132 primum
1351 3090 1505 3118 nomen
1523 3076 1761 3118 Φλιασίων
1782 3089 1834 3116 ne
1857 3077 1897 3115 in

1054 3147 1136 3174 uno
1159 3135 1329 3186 quidem
1351 3135 1495 3174 codice
1514 3134 1789 3173 desideratur.
1813 3133 1897 3172 De-

1050 3191 1147 3230 inde
1188 3192 1267 3231 hoc
1317 3203 1400 3230 uno
1452 3190 1655 3230 vocabulo
1707 3189 1895 3241 legentes

1051 3248 1235 3286 maxime
1266 3255 1490 3287 monentur
1520 3258 1718 3285 scaenam
1741 3245 1897 3296 dialogi
1932 3292 1941 3303 χ

1050 3303 1244 3343 Phliunte
1267 3316 1362 3342 esse
1384 3303 1672 3353 constitutam,
1694 3313 1892 3353 quorsum

1050 3359 1219 3399 Pliaedo
1269 3359 1481 3399 Elidensis
1540 3371 1675 3410 nuper
1732 3356 1895 3396 visendi

1050 3415 1291 3455 Echecratis
1346 3427 1474 3454 causa
1527 3413 1738 3466 profectus
1794 3419 1898 3452 erat.
