2158 3718
536 210 1134 277 SYMPOSHJM.1›.
1174 212 1279 262 217
1318 211 1391 264 st.
1683 213 1785 263 πει

103 355 537 428 συνεγυμνάζετο
585 345 687 410 οὖν
728 373 824 424 μοι
848 355 941 409 καὶ
981 351 1347 426 προςεπάλαιε
1387 353 1650 421 πολλάκις
1694 355 1790 411 οὐ-

106 438 263 506 δενὸς
306 438 608 512 παρόντος.
665 441 756 493 καὶ
815 442 870 493 τί
927 440 1009 493 δεῖ
1060 440 1265 506 λέγεινς
1321 433 1485 494 οὐδὲν
1539 439 1647 511 γάρ
1689 463 1787 512 μοι

107 529 278 603 πλέον
321 515 410 591 ἦν.
453 519 640 590 ἐπειδὴ
684 524 739 576 δὲ
781 520 996 599 οὐδαμῇ
1022 516 1196 598 ταύτῃ
1235 517 1454 589 ἤνυτον,
1500 524 1647 590 ἔδοξέ
1686 547 1786 597 μοι

108 605 598 666 ὲπιθετέονιεῖναι
653 604 852 676 τάνδρὶ
907 602 1052 661 κατὰ
1110 602 1175 661 τὸ
1223 603 1495 679 καρτερὸν
1553 610 1643 663 καὶ
1683 606 1785 664 οὐκ

109 692 353 757 ἀνετέον,
394 689 681 762 ἐπειδήπερ
725 687 1096 762 ὲγκεχειρήκη,
1153 686 1297 744 ἀλλὰ
1345 695 1523 747 ἰστέον
1563 687 1687 761 ἤδη,
1730 695 1786 748 τί

109 783 223 833 ἐστι
263 771 328 830 τὸ
371 776 620 847 πρᾶγμα.
663 777 1057 846 προκαλοῦμαι
1098 770 1165 840 δὴ
1197 770 1375 829 αὐτὸν
1400 772 1540 849 πρὸς
1566 773 1630 832 τὸ
1658 796 1786 832 συν·
1841 769 1844 774 ’

113 862 367 923 δειπνεῖν,
412 857 654 930 ἀτεχνῶς
693 855 866 932 ὥςπερ
909 855 1144 932 ἐραστὴς
1169 860 1444 924 παιδικοῖς
1469 857 1785 932 ἐπιβουλεύ-

112 963 208 999 ων.
270 946 364 999 καί
403 965 500 1014 μοι
542 941 669 1008 οὐδὲ
713 944 880 998 τοῦτο
923 939 1064 1014 ταχὺ
1122 937 1461 1009 ὑπήκουσεν,
1514 941 1681 1017 ὅμως
1717 944 1771 1000 δ’

115 1020 219 1084 οὖν
265 1025 451 1100 χρόνῳ
507 1029 760 1094 ἐπείσθη.
817 1023 1000 1094 ἐπειδὴ
1058 1028 1115 1081 δὲ
1153 1023 1386 1101 ἀφίκετο
1432 1024 1496 1084 τὸ
1545 1032 1785 1102 πρῶτον,

113 1109 410 1177 δειπνήσας
453 1108 675 1164 ἀπιέναι
715 1109 992 1178 ἐβούλετο.
1029 1111 1121 1164 καὶ
1162 1107 1288 1164 τότε
1329 1112 1432 1179 μὲν
1463 1113 1786 1187 αὶσχυνόμε·

115 1216 212 1259 νος
236 1193 429 1269 ἀφῆκα
451 1190 592 1248 αὐτό
601 1214 629 1247 ν
646 1213 658 1224 ·
686 1185 863 1258 αὖθις
892 1197 948 1248 δὲ
967 1190 1373 1264 ἐπιβουλεύσας,
1391 1194 1574 1265 ἐπειδὴ
1598 1202 1790 1255 ἐδεδει-

115 1275 321 1347 πνήκει,
348 1275 666 1347 διελεγόμην
692 1273 877 1353 πόρ’ρω
915 1279 1022 1332 τῶν
1050 1278 1277 1342 νυκτῶν,
1291 1280 1385 1333 καὶ
1415 1279 1597 1350 ἐπειδὴ
1628 1282 1790 1355 ἐβού-

115 1367 238 1420 λετο
267 1359 506 1426 ἀπιέναι,
532 1359 924 1432 σκηπτόμενος,
952 1357 1039 1417 ὅτι
1083 1357 1192 1436 ὀψὲ
1225 1359 1323 1428 εἴη,
1363 1365 1787 1437 προςηνοὶγκασα

230 1520 531 1579 ἐπειδήπερ
573 1520 953 1578 ἒγκεχειρήκη]
998 1522 1073 1564 Sic
1112 1522 1240 1566 Bodl.
1282 1524 1380 1566 Vat.
1402 1524 1454 1566 A.
1489 1531 1533 1567 et
1562 1539 1625 1580 pr.
1656 1527 1790 1570 Coisl.

120 1582 258 1635 Vulgo
290 1587 381 1623 erat
408 1579 724 1636 ἐγκεχειρήκειν.
758 1582 927 1634 Angw.
958 1579 1152 1621 Vat.n.r.
1177 1581 1433 1623 Flor.a.b.i.
1468 1588 1511 1625 et
1541 1596 1604 1636 pr.
1637 1584 1733 1628 Vat.
1755 1599 1795 1630 n.

117 1638 422 1700 ἐγιςεχειρήκει,
454 1639 572 1692 quod
602 1639 747 1693 ipsum
775 1640 891 1680 valet
919 1636 973 1679 ad
1006 1638 1209 1680 tuendam
1239 1645 1461 1693 receptam
1492 1641 1768 1696 scripturam,

235 1726 286 1769 D.
347 1722 660 1776 δειπνήσας
689 1720 935 1778 ἀπιέναι]
966 1720 1273 1776 συνδειπνῆσας
1304 1729 1408 1767 vett.
1431 1724 1552 1767 editt.
1583 1727 1701 1779 quod
1723 1741 1798 1770 so-

117 1785 186 1827 lus
215 1786 335 1825 tenet
367 1786 466 1826 ven.
487 1783 535 1824 Ξ.

236 1864 570 1922 διελεγόμην
598 1863 779 1920 πόρῤω
811 1869 915 1906 τῶν
945 1868 1166 1913 νυκτῶν]
1199 1865 1520 1910 Grammaticus
1549 1867 1589 1908 i‘n
1610 1866 1799 1913 Bekkeri

121 1925 328 1968 Anecdot.
361 1924 395 1967 1.
427 1938 469 1978 p.
499 1923 600 1967 346.
632 1923 802 1966 scribit:
841 1920 987 1977 πόρῤω
1019 1921 1085 1963 ἀεὶ
1115 1925 1199 1962 τῶν
1229 1926 1397 1963 νυκτῶν.
1431 1922 1564 1976 bene,
1600 1924 1634 1965 si
1672 1925 1796 1967 codi-

122 1996 196 2025 ces
236 1982 502 2027 addicerent.
546 1994 588 2022 v.
628 1980 859 2025 Kusterum
914 1979 970 2023 ad
1010 1977 1235 2035 Aristophffi
1269 1979 1457 2033 Lysistn
1496 1994 1535 2021 v.
1584 1981 1708 2029 1157.
1751 1987 1797 2026 et

125 2040 291 2083 Astium
322 2038 548 2093 ad·Legg.
582 2051 622 2092 p.
649 2035 748 2082 374.
1323 2034 1325 2036 ’

125 2193 199 2222 rus
239 2177 503 2231 Alcibiades,
551 2177 653 2232 quid
700 2179 758 2218 sit
803 2173 920 2228 quod

125 2242 254 2280 antea
283 2237 471 2280 dixeratz
513 2235 630 2281 ἔδοξέ
655 2251 736 2290 μοι
763 2234 920 2273 ἐπιθε-

127 2298 223 2337 τέον
260 2293 367 2335 εἶναι
402 2292 551 2348 τάνδρὶ
593 2291 698 2333 κατὰ
730 2289 780 2332 τὸ
817 2302 920 2342 καρ-

127 2350 255 2407 τερὸν
303 2349 373 2391 καὶ
422 2349 502 2392 οὐκ
546 2348 744 2401 ἀνετέον,
801 2345 923 2388 addit

129 2409 256 2454 baecz
287 2405 392 2449 ἀλλὰ
425 2408 561 2450 ἰστέον
582 2430 631 2438 -
654 2406 703 2447 τὸ
727 2409 921 2460 πρᾶγμα,

128 2466 222 2509 sed
282 2464 687 2520 explorandum
746 2467 799 2504 et
846 2461 923 2502 vi-

129 2522 362 2566 dendum
393 2536 530 2575 esse,
559 2520 816 2575 quidhoc
843 2517 923 2560 rei

130 2585 308 2632 esset,
355 2586 486 2633 atque
526 2579 727 2633 deinceps
765 2580 925 2626 narrat,

129 2638 232 2693 quid
279 2642 506 2692 praeterea
553 2636 706 2678 fecerit
743 2634 797 2676 ad
837 2633 923 2674 So.-

129 2696 260 2739 cratis
290 2697 330 2737 in
361 2708 409 2737 se
441 2707 629 2736 amorem
650 2690 920 2737 excitandum

125 2755 310 2806 eiusque
340 2755 526 2794 mentem
559 2755 602 2794 et
620 2751 803 2792 animum
826 2753 921 2789 ten—

131 2810 315 2854 tandum.
379 2809 558 2851 Videtur
596 2813 740 2852 autem
781 2805 921 2858 Wyt-

134 2873 151 2908 t
170 2881 195 2908 e
212 2879 239 2907 n
259 2869 286 2908 b
308 2881 332 2908 a
355 2880 379 2908 c
399 2866 422 2908 h
443 2867 456 2908 i
477 2879 503 2907 u
528 2879 567 2907 m
626 2867 671 2907 in
727 2862 921 2907 fraudem

133 2923 379 2974 induxisse,
427 2922 542 2975 quod
589 2923 727 2962 ἰστέον
777 2920 924 2962 retulit

132 2980 188 3023 ad
219 2980 388 3028 εἰδέναι,
417 2979 477 3020 ita
506 2983 556 3020 ut
584 2978 685 3020 illud
712 2979 923 3031 interpre-

134 3041 296 3079 taretur
343 3035 623 3078 sciendum
683 3039 792 3084 est,
842 3044 924 3074 nec

134 3094 352 3148 reputavit
377 3092 586 3134 interdum
610 3091 721 3133 idem
739 3090 794 3131 ab
822 3090 925 3130 ἰδεῖν

135 3151 372 3193 derivatum
417 3150 655 3203 significare
704 3145 810 3188 vid
832 3159 855 3187 e
875 3158 924 3186 n-

135 3209 161 3250 d
183 3221 209 3249 u
228 3222 271 3250 m
340 3222 364 3250 e
386 3212 464 3258 st,
534 3204 922 3259 explorandum

134 3271 247 3318 est,
292 3265 421 3307 veluti
451 3262 635 3306 Theaet..
664 3276 700 3316 p.
735 3260 833 3304 202.
863 3260 923 3301 E:

132 3325 250 3364 δοκεῖ
284 3322 491 3376 λέγεσθαι
540 3318 802 3375 κομψότατα
845 3340 923 3357 —-.

133 3380 357 3429 Theaet.
387 3377 546 3421 οὐκοῦν
563 3377 741 3431 σ’ρθῶςς
770 3375 923 3416 Soet.

127 3436 284 3481 Ἰσεῖον
321 3435 398 3489 δή,
444 3435 515 3477 ubi
555 3431 923 3478 Heindorfius

1002 2173 1111 2217 hunc
1165 2178 1309 2221 locum
1355 2177 1631 2232 compa-ravit.
1704 2178 1796 2222 Te-

1003 2232 1191 2276 nendum
1254 2241 1396 2277 tamen
1463 2234 1580 2288 quod
1640 2235 1796 2278 Butt-

1002 2302 1227 2333 mannus
1258 2293 1452 2335 Gramm.
1479 2293 1796 2346 amp1.v01.11.

1003 2361 1044 2401 p.
1067 2348 1157 2394 116.
1190 2349 1448 2401 observavit,
1479 2348 1585 2391 hanc
1614 2349 1797 2393 formam

1007 2417 1216 2458 nusquam
1259 2407 1313 2448 de
1361 2419 1525 2449 sensu
1571 2407 1796 2451 vid-endi

1006 2464 1178 2517 proprie
1228 2463 1343 2505 dicto
1382 2468 1630 2518 usurpatam
1672 2479 1799 2520 repe-

1007 2519 1105 2618 ἕίτί,
1140 2520 1222 2563 sed
1248 2521 1404 2575 ubique
1433 2521 1486 2564 ad
1517 2522 1697 2564 animum
1727 2536 1798 2565 re-

1026 2590 1120 2619 em.
1174 2611 1178 2614 .

1063 2635 1123 2676 D-.‘
1174 2631 1349 2689 χρόνῳ
1387 2634 1648 2691 ἐπείσθη]
1703 2638 1799 2680 mit

1007 2690 1103 2734 der
1137 2692 1287 2745 Zeit,
1317 2692 1345 2736 i..
1375 2705 1412 2736 e.
1444 2687 1657 2737 tandem'
1687 2695 1802 2737 sibi>

1007 2748 1339 2802 persuaderi
1385 2763 1584 2803 passus
1617 2756 1726 2806 est,
1757 2766 1799 2794 v.

1005 2807 1266 2849 Valcken.
1295 2806 1349 2850 ad
1372 2806 1536 2851 Phoen.
1568 2823 1609 2864 p.
1631 2809 1726 2854 108.
1757 2814 1802 2851 et

1004 2862 1255 2964 Εἱὲἔὲιετ.
1300 2864 1356 2907 ad
1395 2864 1565 2908 Weller.
1608 2867 1687 2908 Gr.
1727 2867 1798 2910 111.

1064 2975 1245 3033 πόῤῥω
1292 2982 1397 3020 τῶν
1441 2982 1675 3030 νυκτῶν]
1718 2991 1801 3020 us-

1006 3047 1108 3087 que
1165 3035 1229 3076 ad
1287 3038 1503 3079 multam
1567 3041 1801 3089 noctem,

1009 3090 1116 3133 ties
1156 3092 1205 3134 in
1255 3092 1340 3137 die
1383 3092 1551 3135 Nacht
1600 3093 1798 3143 hinein‚

1007 3154 1054 3190 ut
1084 3149 1309 3204 Protagor.
1338 3164 1378 3205 p.
1408 3150 1505 3194 310.
1537 3149 1583 3190 C·
1646 3149 1693 3189 ln
1724 3153 1800 3190 bac

1008 3206 1306 3260 similibusque
1341 3207 1535 3248 formulis
1565 3203 1711 3250 νύκτες
1744 3205 1802 3246 si-

1008 3263 1179 3316 gnificat
1219 3264 1382 3307 horas
1423 3267 1724 3304 nocturnas
1761 3276 1800 3302 v.

1007 3319 1062 3361 ad
1091 3319 1254 3364 Phileb.
1275 3335 1315 3374 p.
1346 3319 1436 3364 158.
1470 3324 1582 3361 Ast.
1619 3318 1676 3361 ad
1690 3319 1803 3362 Pro-

1008 3382 1144 3431 tagor.
1176 3392 1218 3432 p.
1250 3378 1319 3422 20-

1064 3434 1459 3488 σκηπτόμενος,
1492 3430 1581 3475 ὅτι
1609 3432 1687 3486 —-]
1720 3433 1802 3476 Tif-
