2158 3718
361 0 375 9 ι
390 1 395 4 -
423 0 426 3 *
441 0 446 7 ¹
468 0 523 26 uva?
535 0 551 14 ,γ’
559 0 607 21 'zv'
616 0 621 3 ·
658 0 747 19 ''¹‘'.''⁷''¹'
757 0 833 26 ,qt-„1³5
843 0 907 24 ἕνῇ-μ·
919 0 925 16 -ι
935 0 987 24 κῖ-Ιοῆ
995 0 1175 26 ιὶρλγ-’ὶ-Ὓγτῆῗνξ

252 121 356 193 144

251 260 476 330 σφόδρα
525 259 590 314 ἐν
634 260 712 329 τῷ
757 257 997 327 παρόντι
1041 255 1336 326 μέμνημαι.

978 116 1302 161 PLATONIS

1180 0 1198 22 δ’
1204 0 1260 21 “2'''3
1267 0 1274 19 '.
1280 0 1315 22 ²1⁴
1326 0 1349 25 »Ἦ
1356 0 1422 23 ΥΡΞ*
1430 0 1452 19 ἶ”“.“

1186 24 1208 31 ς,
1219 23 1222 30 2
1235 27 1246 36 ,
1267 26 1270 27 .
1436 28 1439 29 .

1406 254 1521 310 Ἑνὶ
1558 256 1662 326 μὲν
1700 255 1850 327 λόγῳ
1863 296 1879 326 ,
1929 259 2038 328 ἔφη

249 341 281 400 6
328 343 539 414 Κέβης,
587 343 897 412 καλλίστῳ,
947 339 1035 394 ὅτι
1081 340 1436 410 ἐρωτώμενοι
1472 341 1531 394 οἱ
1563 339 1886 410 ἄνθρωποι,
1937 341 2040 396 ἐάν

247 448 332 493 τις
367 430 554 491 καλῶς
592 427 793 497 ἐρωτᾷ,
833 423 994 478 αὐτοὶ
1032 425 1262 493 λέγουσι
1297 423 1480 478 πάντα
1517 417 1557 495 ᾗ
1592 427 1729 494 ἔχει·
1771 426 1953 479 καίτοι
1991 425 2044 480 εἰ

248 511 322 583 μὴ
364 512 675 581 ἐτύγχανεν
712 508 904 573 αὐτοῖς
942 506 1216 579 ἐπιστήμη
1265 510 1476 563 ἐνοῦσα
1513 509 1607 563 καὶ
1645 505 1819 578 ὀρθὸς
1854 510 2038 579 λόγος,

251 595 359 652 οὐκ
397 596 470 650 ἂν
507 587 623 650 οἷοί
655 594 708 649 τ’
743 587 890 664 ἦσαν
926 596 1096 647 τοῦτο
1135 593 1417 663 ποιήσειν·
1459 596 1649 648 ἔπειτα
1688 594 1790 649 ἐαν
1826 614 1909 658 τις
1947 594 2041 648 ἐπὶ

193 680 319 737 Βτα
367 680 757 751 διαγράμματα
806 678 915 749 ἄγῃ
961 678 998 748 ἢ
1035 676 1174 731 ἄλλο
1211 698 1265 731 τι
1300 697 1416 731 των
1451 678 1745 748 τοιούτων,
1786 679 2040 733 ἐνταῦθα

252 767 574 835 σαφέστατα
620 771 946 834 κατηγορεῖ,
996 761 1082 816 ὅτι
1129 766 1297 817 τοῦτο
1336 761 1516 827 ου’τως
1553 765 1682 832 ἐᾞχει

1758 764 1832 816 Εἰ
1867 762 1929 817 δὲ
1965 750 2040 832 μη

245 849 423 920 ταύτῃ
460 869 544 918 γε,
583 850 722 918 ἔφη,
761 852 977 917 πείθει,
1017 840 1064 902 ὦ
1101 850 1343 919 Σιμμία,
1385 846 1414 901 6
1452 847 1778 917 Σωκράτης,
1817 848 2038 917 σκέψαι,

249 933 352 989 ἐὰν
388 933 527 1004 τῇδέ
558 932 638 1005 πῄ
676 947 766 986 σοι
804 934 1173 1004 σκοπουμένῳ
1211 931 1476 1004 συνδόξῃ.
1517 929 1767 996 ἀπιστεῖς
1802 929 1910 1002 γὰρ
1949 931 2039 1002 δή,

205 1065 210 1071 .
249 1023 369 1083 πῶς
404 1016 439 1088 ἡ
478 1018 800 1120 καλουμένη
827 1018 1071 1088 μάθησις
1097 1015 1406 1087 ἀνάμνησίς
1445 1018 1625 1082 ἐστιν;
1660 1014 1897 1070 Ἀπιστῶ
1935 1015 2039 1085 μὲν

250 1105 445 1172 ἔγωγε,
485 1097 521 1172 ἧ
561 1102 614 1154 δ’
656 1100 717 1166 ὃς
743 1100 773 1156 6
802 1104 1063 1172 Σιμμίας,
1103 1100 1193 1172 ου’,
1234 1099 1371 1155 αὐτὸ
1410 1101 1473 1156 δὲ
1509 1104 1705 1170 τοῦτο,
1745 1102 1872 1170 ἔφη,
1913 1100 2037 1154 δέο-

246 1207 346 1258 μαι
383 1192 613 1256 παθεῖν,
652 1188 782 1258 περὶ
820 1180 894 1240 οὗ
929 1184 959 1240 6
986 1187 1245 1256 λόγος,α

1211 1184 1670 1256 αναμνησθῆναι·
1714 1186 1807 1239 καὶ
1835 1184 2038 1255 σχεδόν

244 1291 310 1341 γε
358 1271 416 1336 ἐξ
464 1290 548 1325 ων
594 1272 779 1340 Κέβης
826 1273 1151 1341 ἐπεχείρησε
1206 1273 1392 1339 λέγειν
1446 1268 1573 1341 η’δη
1609 1271 1888 1340 μέμνημαι
1944 1269 2038 1323 καὶ

359 1427 532 1471 τοῦτο
571 1421 862 1483 ποιήσειν]
903 1428 992 1470 Hoe
1017 1441 1128 1469 nuno
1151 1442 1173 1469 e
1193 1428 1315 1472 Bodl.
1338 1429 1447 1470 Tub.
1469 1430 1578 1472 Ven.
1603 1428 1654 1470 Π
1671 1428 1854 1472 restitui.
1895 1427 2034 1482 Lege-

243 1487 371 1527 batur
391 1487 566 1527 ποιεῖν.
589 1499 629 1528 v.
651 1497 751 1526 ann.

358 1556 407 1596 B.
441 1552 653 1607 δέομαι
681 1551 924 1609 παθεῖν]
958 1555 1075 1597 Libri
1095 1554 1294 1609 μαθεῖν.
1317 1567 1360 1596 v.
1382 1566 1481 1599 ann.
1507 1553 1924 1596 Schleiermaeherus
1945 1566 2036 1594 πα-

244 1611 359 1655 θεῖν
381 1625 418 1654 s.
427 1611 624 1679 μαθεῖν
646 1612 875 1653 delendum
896 1620 1057 1664 censet,
1087 1613 1130 1652 in
1152 1623 1236 1664 quo
1259 1612 1347 1652 viro
1378 1612 1502 1654 docto
1526 1623 1610 1652 non
1631 1623 1863 1665 possumus
1884 1623 2035 1652 asseu-

244 1669 328 1712 tiri.
370 1664 555 1723 Δέομαι
575 1669 635 1709 ita
654 1668 841 1722 positum
862 1668 999 1722 tetigit
1020 1667 1235 1709 Sohaefer.
1259 1668 1313 1709 ad
1334 1667 1545 1708 Plutamh.
1569 1668 1616 1711 T.
1637 1668 1690 1712 V.
1712 1680 1756 1722 p.
1778 1668 1878 1709 420.

243 1810 388 1851 dinem
428 1809 603 1853 iteratur
642 1808 759 1875 quod
799 1809 943 1875 paullo
995 1816 1095 1850 ante

243 1866 432 1907 dixerat.
466 1862 551 1906 καὶ
571 1857 681 1906 κατ’
713 1857 899 1907 ἐκεῖνόν
927 1877 980 1920 γε
1011 1858 1094 1907 τὸν

244 1915 403 1977 λόγον,
426 1928 473 1962 ut
492 1921 660 1965 Menex.
684 1934 728 1975 p.
752 1923 835 1963 237
856 1921 891 1962 D
915 1928 956 1963 et
975 1921 1092 1966 alibi.

245 1980 394 2031 ltaque
423 1977 534 2018 male
554 1977 684 2032 vulgo
714 1977 857 2020 τοῦτο
880 1979 1095 2020 scribeba-

240 2041 323 2078 tur.

298 2091 345 2131 P.
370 2092 440 2132 73.
491 2103 583 2132 οτι
632 2083 998 2145 ἐρωτώμενοι
1040 2085 1099 2133 οῖ

242 2138 360 2189 ἄνθ
369 2144 640 2201 ρωποι-]
682 2148 766 2187 Res
808 2155 910 2188 nota
938 2155 1002 2188 est
1037 2160 1091 2188 ex

240 2203 419 2245 Menone
440 2217 483 2257 p
503 2203 721 2255 81Bsqq.
747 2203 833 2247 cic.
857 2204 1035 2246 Tuscul.
1058 2205 1090 2247 Ι.

239 2260 311 2312 24,
340 2261 394 2300 ad
423 2272 549 2312 quem
577 2259 718 2300 locum
746 2259 1001 2301 Davisius
1023 2273 1089 2300 re-

242 2317 408 2357 censuit
448 2322 591 2370 patres
635 2316 974 2368 ecclesiastic-os,
1018 2317 1090 2368 qui

238 2372 350 2414 hane
378 2373 570 2414 Platonis
611 2374 865 2413 sententiam
904 2372 1090 2414 refutare

239 2429 508 2473 studuerunt.

297 2479 420 2527 οἷοί
453 2477 502 2526 τ’
545 2475 1086 2552 ἦσαν-ποιήσειν]

238 2541 502 2582 Infinitivum
518 2542 649 2582 futuli
664 2549 762 2596 post
779 2536 881 2584 οἶοί
897 2556 923 2582 τ
964 2530 1088 2595 ἦσαν

238 2610 293 2637 ne
312 2596 503 2650 mire1is,
529 2612 568 2639 v.
593 2611 692 2642 ann.
716 2599 771 2639 ad
789 2598 938 2651 Remp.
964 2599 1017 2642 V
1041 2612 1085 2652 p.

236 2653 363 2695 4590
387 2655 664 2696 etLobeck.
687 2655 742 2695 ad
758 2653 916 2706 Phryn.
928 2667 972 2707 p.
987 2657 1085 2696 748.

298 2705 506 2751 ἔπειτα
548 2703 645 2751 ἐαν
685 2723 776 2758 τις
816 2707 887 2762 —]
931 2712 979 2750 In
1020 2711 1088 2751 his

237 2760 404 2807 ἔπειτα
424 2777 500 2819 pro
524 2760 690 2806 ἔπειτα
720 2762 775 2806 δέ
803 2766 1011 2817 positum,
1045 2774 1087 2806 ut

236 2820 284 2860 fit
304 2827 403 2875 post
425 2820 621 2887 πρῶτον
634 2817 723 2875 μέν
743 2835 787 2875 p.
800 2823 854 2862 89
872 2823 925 2887 Α,
948 2823 1022 2862 ubi
1043 2836 1084 2866 v.

236 2889 335 2921 ann.
379 2877 588 2918 Nimirum
611 2871 714 2919 Ενὶ
741 2872 832 2930 μὲν
863 2853 984 2932 λογῳ
1022 2887 1086 2919 est

234 2934 264 2973 i.
289 2946 329 2984 q.
360 2935 579 2988 primum
619 2933 830 2985 quidem
861 2946 961 2973 una
998 2947 1085 2974 ea-

237 3002 338 3042 que
429 2989 757 3044 pulcerrima
847 2991 1081 3043 ratione,

237 3047 351 3098 quod
380 3046 515 3098 liquet
542 3053 655 3087 recte
684 3047 742 3086 ita
772 3046 853 3086 dici
874 3047 1082 3099 potuisse,

269 3105 489 3144 ruesertim
518 3115 614 3144 cum
645 3103 771 3145 etiam
793 3102 892 3144 alibi
916 3097 1020 3145 εἶτα
1043 3113 1082 3144 et

258 3154 408 3201 ’πειτα
459 3172 543 3201 non
593 3171 844 3214 praegresso
894 3159 1083 3213 πρῶτον

236 3211 325 3269 μέν
366 3217 562 3269 usurpari
602 3216 782 3270 soleant,
824 3224 871 3255 ut
899 3216 1006 3257 infra
1036 3231 1078 3271 p.

237 3272 293 3313 86
314 3272 362 3314 Ε.
395 3272 506 3316 Xen.
539 3272 665 3316 Mem.
696 3274 816 3315 IV.5
820 3274 900 3323 ‚.3
927 3273 980 3315 al.
1021 3273 1082 3314 De

237 3320 310 3370 ἕνὶ
351 3322 472 3383 λόγῳ
514 3342 553 3370 v.
587 3343 629 3382 p.
658 3330 810 3372 111Α.
853 3329 940 3368 Ηοο
982 3342 1080 3383 ergo

237 3384 359 3425 dicit:
381 3387 605 3439 primum
635 3398 716 3427 res
744 3387 803 3426 b1
814 3386 979 3426 evitei
999 3399 1082 3426 ra-

237 3439 382 3483 tione
403 3442 666 3484 declarari
689 3448 895 3496 potest,
930 3443 1081 3484 dein-

1182 1809 1244 1850 de
1284 1809 1438 1850 etiam
1479 1821 1565 1849 res
1597 1808 1718 1862 ipsa
1746 1813 1909 1861 atque
1941 1820 2032 1859 ex-

1180 1865 1454 1931 perientia
1483 1865 1789 1906 clarissime
1827 1864 2033 1906 indicat

1181 1922 1257 1963 ita
1287 1934 1419 1963 esse.
1461 1921 1556 1962 Noli
1576 1922 1706 1974 igitur
1726 1921 1907 1974 probare
1928 1933 2031 1962 oon-

1180 1978 1432 2019 iecturamH
1443 1977 1487 2017 ei
1499 1990 1526 2018 n
1536 1953 1617 2018 don
1606 1991 1626 2017 r
1636 1977 1695 2018 fi·
1686 1990 1698 2017 1
1709 2008 1720 2029 ,
1733 1989 1818 2030 qua
1827 1987 2031 2032 suscepta

1179 2046 1480 2089 praegressum
1501 2046 1590 2089 μεν
1600 2034 1753 2075 ldonea
1773 2034 1938 2075 ratione
1957 2046 2030 2074 ea·

1179 2092 1357 2133 riturum
1397 2096 1527 2134 esset.
1605 2090 1801 2132 Ceterum
1840 2091 2031 2144 respexit

1177 2147 1297 2189 Plato
1318 2146 1545 2188 manifesto
1575 2146 1715 2187 locum
1735 2146 1929 2188 Menonis
1959 2159 2031 2186 ce·

1176 2204 1451 2245 leberrimum
1471 2216 1515 2257 p.
1540 2204 1593 2244 81
1618 2215 1712 2255 sqq.

1234 2260 1283 2305 Β
1313 2257 1658 2314 κατηγορεῖ]
1688 2271 1774 2300 res
1794 2260 1921 2314 ipsa
1943 2259 2027 2299 in-

1178 2317 1337 2365 dicat,
1379 2316 1587 2382 prodit.
1605 2315 1758 2358 Herod.
1791 2317 1865 2359 III.
1891 2317 1972 2358 115
2001 2309 2025 2357 6

1171 2350 1431 2440 Ἠριὸανος
1473 2365 1593 2413 αυτὸ
1632 2367 1921 2439 κατηγορέει
1973 2365 2024 2414 τὸ

1177 2442 1363 2483 ουνομα
1393 2423 1454 2477 ὡς
1485 2424 1613 2470 ἔστιν
1632 2421 1924 2482 Ελληνικόν.
1966 2427 2028 2468 De

1174 2486 1254 2527 hoc
1274 2498 1358 2526 usu
1379 2486 1528 2526 tertiae
1548 2497 1760 2539 personae
1779 2484 1835 2526 ad
1855 2498 1898 2538 p.
1910 2486 1964 2527 93
1977 2485 2021 2528 B.

1176 2536 1530 2607 Διαγραμματα
1553 2548 1651 2582 sunt
1671 2540 1883 2594 figurae
1903 2553 1963 2594 ge
1977 2553 2026 2581 o-

1175 2600 1450 2650 metrioae,
1481 2604 1527 2638 ut
1555 2597 1724 2639 Menon.
1756 2597 1784 2640 l.
1816 2610 1873 2648 o.‚
1917 2610 2023 2647 quas

1176 2655 1321 2696 Cicero
1354 2654 1768 2718 descriptiones
1781 2654 1962 2697 vocavit

1232 2710 1499 2757 απιστεις
1542 2723 1648 2763 γαρ
1697 2701 1791 2763 δή,
1833 2708 1948 2758 πῶς
1989 2704 2019 2763 ἡ

1173 2763 1317 2819 καλ.]
1351 2765 1393 2809 h
1425 2779 1462 2809 e
1496 2765 1707 2806 dubitas
1737 2767 1897 2831 enim,
1921 2778 2021 2818 quo

1175 2822 1322 2862 modo
1354 2829 1434 2863 eto.
1477 2822 1611 2862 Habet
1654 2822 1765 2862 enim
1800 2814 2021 2864 απιστεῖν

1174 2879 1419 2920 adiunctam
1442 2878 1714 2919 dubitationis
1737 2879 1969 2922 notionem.

1230 2931 1438 2989 δέομαι
1497 2934 1724 2977 παθεῖν
1774 2956 1828 2964 -
1879 2948 2022 2977 ανα-

1168 2989 1403 3045 μνησθῆ
1417 3004 1485 3033 να
1498 2989 1531 3042 ι]
1563 2991 1829 3044 Quamquam
1851 2992 2019 3033 codices

1170 3060 1316 3088 omnes
1347 3054 1531 3099 tuentur,
1563 3049 1677 3100 quod
1706 3048 1749 3087 in
1775 3055 1875 3091 vett.
1900 3049 2018 3091 editt.

1169 3105 1376 3159 scriptum
1427 3110 1587 3156 exstat,
1629 3104 1836 3158 μαθεῖν,
1878 3111 2015 3145 tamen

1171 3162 1346 3202 dubium
1377 3173 1461 3202 non
1484 3169 1560 3212 est,
1593 3162 1693 3212 quin
1714 3173 1811 3201 oum
1833 3160 2016 3201 Serra-

1171 3230 1233 3259 no
1262 3217 1447 3260 παθεῖν
1476 3217 1702 3271 legendum
1725 3218 1791 3258 sit.
1835 3216 2018 3258 Senten-

1169 3274 1352 3315 tiahaeo
1381 3282 1467 3315 est.
1500 3274 1590 3314 sed
1619 3273 1744 3313 hoe'
1734 3285 1931 3340 lpsun13
1956 3274 2017 3313 de

1171 3343 1269 3383 quo
1311 3342 1482 3371 sermo
1525 3336 1603 3370 est
1634 3328 1698 3383 (h.
1725 3342 1759 3372 e.
1785 3342 1873 3383 την
1895 3322 2016 3370 avoi-

1169 3386 1389 3442 μνησιν),
1421 3387 1574 3441 cupio
1617 3385 1879 3440 expeliii,
1924 3385 2013 3425 hoe

1170 3450 1250 3486 est
1306 3442 1708 3486 οοηιῐῐιοηοῖἰθιί
1757 3454 1781 3482 a
1833 3441 2010 3492 vobis,
