2222 3762
433 166 490 222 Ia

440 307 701 379 proxi-mis
740 306 986 360 Platonis
1035 304 1254 375 scriptis
1289 302 1745 365 artificiosissime*
1779 321 1902 354 cum
1939 301 2128 370 dispu-

441 378 740 432 tationibus
780 377 849 431 de
887 376 1164 448 Sophiste,
1199 375 1337 428 Viro
1364 372 1529 428 Civili
1562 382 1622 427 et
1662 371 1995 443 philosopho
2034 371 2128 426 ad·—

440 450 615 503 hibita
666 451 832 503 etiam
886 446 1184 502 disserendi
1239 446 1448 498 ratione
1487 445 1771 516 Megarica
1819 445 2037 499 iunctae
2076 451 2132 496 et

437 520 782 575 consociatae
820 527 966 575 sunt.
1040 516 1313 572 Nimirum
1351 515 1609 570 credibile
1657 524 1740 569 est
1775 535 1905 568 sane
1942 515 2132 569 Plato-

437 611 592 660 nem,
634 611 798 662 quum
847 593 1080 661 primum
1130 588 1372 641 venisset
1408 586 1475 640 ad
1515 587 1717 640 amicos
1753 587 2129 658 MegarenseS,

437 664 678 736 graviter
714 663 884 716 fuisse
921 681 1107 715 eorum
1145 658 1486 712 sermonibus
1523 658 1886 725 admonitum,
1925 664 1988 711 ut
2021 676 2132 709 non

438 735 602 788 modo
656 734 722 786 de
768 733 1070 786 rationibus
1121 739 1175 784 et
1221 730 1428 783 caussis
1477 730 1738 783 scientiae
1775 728 2133 782 meditaretur

438 805 718 872 subtilius,
756 823 942 857 verum
990 803 1151 855 etiam
1201 801 1267 854 de
1307 800 1524 855 eristica
1560 799 1862 853 disserendi
1899 800 2128 866 ratione,

439 895 579 945 quae
640 876 871 927 maxime
929 875 1193 927 varietate
1268 871 1683 941 significationis
1741 871 2131 925 vocabulorum

436 947 725 1014 niteretur,
767 952 1056 1015 quaereret
1103 944 1428 998 accuratius.
1506 941 1674 1010 Quod
1709 942 1890 1012 ipsum
1925 942 1982 994 in
2020 941 2132 994 Eu-

436 1017 695 1090 thydemo
745 1025 799 1070 et
845 1017 902 1070 in
940 1015 1166 1088 Cratylo
1215 1015 1360 1068 fecit.
1437 1015 1510 1067 In.
1549 1013 1642 1067 illo
1695 1013 1836 1066 enim
1887 1012 2132 1067 eristices

436 1088 768 1160 sophisticae
805 1089 1031 1158 eiusque
1053 1087 1283 1141 maxime
1297 1086 1665 1157 Protagoreae
1692 1084 1982 1156 imaginem
2046 1103 2132 1148 er·

438 1179 601 1230 quam
637 1160 813 1214 facete
850 1168 904 1213 et
940 1159 1170 1212 ridicule
1207 1157 1275 1211 ad
1301 1157 1483 1211 vivum
1511 1156 1844 1227 descriptam
1882 1154 2007 1209 exhi
2047 1155 2132 1208 uit

437 1239 601 1301 atque
654 1230 926 1284 luculente
964 1231 1126 1284 simul
1165 1229 1354 1283 docuit
1390 1248 1571 1283 veram
1610 1227 1679 1280 ad
1716 1227 2042 1297 sapient-isam
2079 1236 2133 1279 et

437 1303 694 1356 virtut-em
729 1303 1123 1357 institutionem
1172 1301 1488 1370 neutiquam
1524 1300 1580 1352 in
1618 1298 1814 1352 callido
1851 1305 2129 1352 acutarum

435 1374 1000 1427 conclusiuncularum
1060 1371 1450 1427 nectendarum
1509 1370 1740 1424 artificio
1786 1370 2017 1423 maxime
2064 1388 2131 1421 ex

434 1445 726 1498 verborum
789 1445 1146 1517 ambiguitate
1207 1443 1439 1515 repetito
1489 1450 1806 1495 contentam
1862 1458 1981 1494 esse
2033 1439 2131 1493 sed

435 1536 564 1569 vera
614 1516 825 1570 absolvi
888 1515 1267 1587 philosophia,
1336 1533 1475 1584 quae
1529 1514 1585 1566 in
1639 1512 1995 1566 scientiae
2044 1509 2128 1564 vel

431 1586 676 1643 ,idearum
716 1589 1073 1657 acquisitione
1111 1602 1382 1653 cernatur,
1424 1604 1672 1655 quaeque
1710 1603 1820 1636 una
1856 1603 1978 1637 cum
2014 1583 2124 1638 veri

435 1659 751 1730 cognitione
788 1659 947 1712 etiam
984 1669 1193 1712 rectum
1231 1677 1411 1710 rerum
1455 1675 1613 1709 usum
1663 1655 1885 1724 afferat,
1924 1663 1988 1708 ut
2022 1672 2132 1709 una

435 1737 600 1799 atque
638 1731 754 1783 sola
790 1751 889 1802 pro
937 1750 1068 1784 vera
1104 1738 1218 1783 arte
1255 1729 1407 1800 regia
1445 1726 1696 1781 ducenda
1733 1727 1818 1781 sit.
1891 1726 1960 1779 In
1995 1723 2130 1779 Cra-

432 1802 549 1874 tylo
588 1810 766 1855 autem
813 1802 944 1855 item
991 1801 1276 1874 proposuit
1310 1800 1601 1870 imaginem
1641 1806 1696 1851 et
1732 1798 2004 1868 picturam
2041 1814 2131 1850 so·

431 1872 795 1943 phisticorum
834 1873 1196 1946 etymologiae
1236 1870 1571 1939 studiorum,
1613 1870 1858 1923 eristices
1906 1868 2131 1940 imagini

431 1945 488 1999 in
525 1943 876 2017 Euthydemo
914 1946 1228 2016 propositae
1274 1942 1411 1995 adeo
1451 1949 1740 2013 cognatam
1779 1948 1942 2010 atque
1981 1940 2129 1992 simi·

430 2015 566 2083 lem,
605 2024 668 2068 ut
716 2016 876 2069 facile
934 2024 1196 2088 appareat
1240 2022 1530 2083 utrumque
1581 2012 1860 2084 dialogum
1899 2011 2129 2064 arctiore

433 2085 668 2156 quadam
718 2087 1122 2141 necessitudine
1161 2085 1443 2141 contineri.
1517 2083 1791 2137 Nimirum
1827 2083 2039 2137 taxavit
2073 2082 2130 2134 in

431 2157 538 2211 hoc
575 2158 713 2211 libro
751 2159 1110 2229 philosophus
1160 2156 1520 2230 etymolooiae
1568 2154 1752 2209 studia
1787 2155 1894 2217 sic,
1933 2161 1996 2207 ut
2030 2172 2130 2207 no-

430 2229 579 2282 mina
615 2230 817 2301 pariter
855 2238 1020 2300 atque
1058 2249 1145 2289 res
1184 2231 1333 2300 ipsas
1359 2201 1433 2280 ad
1452 2226 1624 2295 ideas,
1651 2226 1848 2296 quibus
1884 2225 2131 2280 subiecta

430 2299 572 2369 Sint,
613 2302 806 2358 referri
855 2309 1106 2372 oportere
1155 2299 1503 2366 ostendatur,
1557 2305 1619 2351 ut
1666 2317 1734 2350 ex
1779 2297 1864 2351 his
1914 2295 2128 2350 demum

401 2372 675 2426 ‘veritatis
732 2373 964 2425 scientia
1024 2383 1080 2426 et
1132 2372 1373 2444 cognitio
1433 2369 1832 2440 proficiscatur.
1933 2368 2130 2437 Itaque

430 2449 663 2511 uterque
707 2443 846 2496 liber
892 2462 956 2496 eo
1005 2442 1224 2496 videtur
1258 2441 1560 2511 pertinere,
1601 2447 1664 2491 ut
1698 2437 2126 2510 perstringendis

429 2513 642 2568 artibus
693 2512 989 2583 quaerendi
1040 2511 1451 2580 disserendique
1500 2509 1844 2580 sophisticis.,
1896 2510 2127 2565 maxime

431 2583 819 2654 Protagoreis‚
862 2584 1020 2653 quasi
1068 2584 1288 2653 oblique
1336 2588 1595 2652 tangatur
1642 2581 1804 2634 etiam
1852 2600 1919 2634 ea
1954 2580 2128 2643 disse-

430 2654 588 2709 rendi
623 2655 795 2724 ratio,
838 2674 1001 2725 quam
1051 2673 1184 2708 usur
1225 2654 1394 2708 aba-nt
1431 2652 1734 2724 Megarici,
1780 2659 1972 2723 utpote
2017 2652 2126 2708 illis

431 2743 496 2779 eo
533 2726 763 2781 maxime
802 2726 1020 2794 similis,
1061 2675 1221 2796 quod)
1243 2726 1364 2796 ipsa
1401 2743 1620 2794 quoque
1657 2722 1880 2777 callidas
1917 2724 2125 2778 ratiun—

431 2795 584 2855 culas
618 2814 748 2850 suas
788 2806 1123 2869 argutasque
1155 2795 1536 2851 conclusiones
1561 2794 1823 2866 imprimis
1861 2814 1928 2848 ex
1961 2814 2126 2849 voca-

430 2866 679 2924 bulorum
717 2868 881 2922 variis
938 2867 1450 2940 significationibus
1484 2873 1649 2935 atque
1697 2865 1984 2936 multiplici
2021 2866 2124 2920 lin-

428 2956 564 3009 guae
611 2957 715 2992 usu
763 2940 1059 3010 repetebat.
1133 2938 1228 2994 Ad
1273 2938 1408 2992 haec
1445 2937 1627 2991 autem
1685 2936 1925 3003 accedit,
1975 2936 2125 3008 quod

427 3009 784 3133 philosophus
835 3011 891 3064 in
942 3010 1027 3064 his
1075 3010 1416 3064 sermonibus
1471 3009 1703 3079 primum
1750 3007 1819 3061 de
1866 3007 2006 3062 ideis
2044 3009 2123 3063 sic

451 3082 690 3150 oquitur,
715 3088 777 3134 ut
812 3082 879 3136 iis
909 3101 975 3135 ex
1005 3082 1276 3136 sententia
1300 3080 1712 3150 Megaricorum
1738 3079 1900 3134 etiam
1926 3079 2123 3133 οὐσίαν

428 3153 767 3221 attribuerit,
797 3152 865 3206 de
907 3173 1016 3223 qua
1052 3173 1109 3205 re
1147 3174 1199 3206 v.
1218 3150 1548 3223 Euthydem.
1586 3171 1639 3222 p.
1670 3152 1792 3206 301.
1832 3150 1955 3204 coll.
1986 3151 2121 3205 Pro·

425 3221 571 3308 legg.
607 3223 811 3279 nostris
851 3223 920 3277 ad
955 3224 1198 3296 Euthyd.
1235 3244 1289 3295 p.
1325 3226 1412 3276 41.
1451 3239 1506 3276 et
1547 3221 1756 3294 Cratyl.
1834 3263 1846 3275 .
1885 3224 2008 3276 439.
2046 3222 2119 3276 D.

426 3293 614 3366 ibique
652 3303 1000 3353 commentar.
1025 3306 1260 3350 nostros.
1333 3293 1532 3366 Itaque
1560 3292 1800 3348 verisimi
1821 3293 2007 3347 limum
2034 3302 2120 3346 est

427 3380 561 3424 sane,
595 3364 696 3442 hos
735 3365 985 3438 dialogos
1026 3367 1092 3421 ab
1125 3385 1190 3419 eo
1219 3364 1454 3437 scriptos
1478 3384 1598 3419 esse
1635 3363 1793 3417 initio
1829 3364 1944 3419 fere
1983 3371 2116 3417 tem-
