<?xml version="1.0" encoding="UTF-8"?>
<!DOCTYPE html PUBLIC "-//W3C//DTD XHTML 1.0 Transitional//EN"
    "http://www.w3.org/TR/xhtml1/DTD/xhtml1-transitional.dtd">
<html xmlns="http://www.w3.org/1999/xhtml" xml:lang="en" lang="en">
 <head>
  <title>
</title>
<meta http-equiv="Content-Type" content="text/html;charset=utf-8" />
  <meta name='ocr-system' content='tesseract 3.04.00' />
  <meta name='ocr-capabilities' content='ocr_page ocr_carea ocr_par ocr_line ocrx_word'/>
</head>
<body>
  <div class='ocr_page' id='page_1' title='image "./operaomniarecens01platuoft/operaomniarecens01platuoft_0393.png"; bbox 0 0 2158 3718; ppageno 0'>
   <div class='ocr_carea' id='block_1_1' title="bbox 13 0 280 67">
    <p class='ocr_par' dir='ltr' id='par_1_1' title="bbox 13 0 280 67">
     <span class='ocr_line' id='line_1_1' title="bbox 13 0 280 67; baseline 0 3651"><span class='ocrx_word' id='word_1_1' title='bbox 13 0 280 67; x_wconf 95' lang='lat' dir='ltr'> </span> 
     </span>
    </p>
   </div>
   <div class='ocr_carea' id='block_1_2' title="bbox 707 92 1861 151">
    <p class='ocr_par' dir='ltr' id='par_1_2' title="bbox 707 92 1861 151">
     <span class='ocr_line' id='line_1_2' title="bbox 707 92 1861 151; baseline -0.002 -12"><span class='ocrx_word' id='word_1_2' title='bbox 707 92 789 139; x_wconf 83' lang='lat' dir='ltr'>AD</span> <span class='ocrx_word' id='word_1_3' title='bbox 819 92 1238 141; x_wconf 79' lang='lat' dir='ltr'>PHAEDONEM.</span> <span class='ocrx_word' id='word_1_4' title='bbox 1794 93 1861 151; x_wconf 84' lang='lat'>57</span> 
     </span>
    </p>
   </div>
   <div class='ocr_carea' id='block_1_3' title="bbox 17 237 1870 2643">
    <p class='ocr_par' dir='ltr' id='par_1_3' title="bbox 89 237 1864 361">
     <span class='ocr_line' id='line_1_3' title="bbox 91 237 1864 324; baseline -0.001 -34"><span class='ocrx_word' id='word_1_5' title='bbox 91 255 285 306; x_wconf 85' lang='lat' dir='ltr'>quoque</span> <span class='ocrx_word' id='word_1_6' title='bbox 334 254 500 290; x_wconf 89' lang='lat' dir='ltr'>rerum</span> <span class='ocrx_word' id='word_1_7' title='bbox 550 243 721 289; x_wconf 88' lang='lat' dir='ltr'>natura</span> <span class='ocrx_word' id='word_1_8' title='bbox 772 255 799 290; x_wconf 89' lang='lat' dir='ltr'>a</span> <span class='ocrx_word' id='word_1_9' title='bbox 839 239 964 290; x_wconf 90' lang='lat' dir='ltr'>vitiis</span> <span class='ocrx_word' id='word_1_10' title='bbox 1008 255 1065 290; x_wconf 90' lang='lat' dir='ltr'>ac</span> <span class='ocrx_word' id='word_1_11' title='bbox 1108 237 1377 324; x_wconf 82' lang='lat' dir='ltr'>sceleribus</span> <span class='ocrx_word' id='word_1_12' title='bbox 1424 238 1676 289; x_wconf 75' lang='lat' dir='ltr'>deterrere</span> <span class='ocrx_word' id='word_1_13' title='bbox 1720 253 1864 306; x_wconf 90' lang='lat' dir='ltr'>posse</span> 
     </span>
     <span class='ocr_line' id='line_1_4' title="bbox 89 310 326 361; baseline -0.004 -1"><span class='ocrx_word' id='word_1_14' title='bbox 89 310 326 361; x_wconf 86' lang='lat' dir='ltr'>videatur.</span> 
     </span>
    </p>

    <p class='ocr_par' dir='ltr' id='par_1_4' title="bbox 17 381 1868 1224">
     <span class='ocr_line' id='line_1_5' title="bbox 227 381 1863 447; baseline 0.001 -16"><span class='ocrx_word' id='word_1_15' title='bbox 227 381 328 431; x_wconf 90' lang='lat' dir='ltr'>Iam</span> <span class='ocrx_word' id='word_1_16' title='bbox 372 396 486 432; x_wconf 89' lang='lat' dir='ltr'>vero</span> <span class='ocrx_word' id='word_1_17' title='bbox 529 382 750 446; x_wconf 88' lang='lat' dir='ltr'>sequitur</span> <span class='ocrx_word' id='word_1_18' title='bbox 796 381 1138 447; x_wconf 79' lang='lat' dir='ltr'>descriptio</span> <span class='ocrx_word' id='word_1_19' title='bbox 1185 396 1521 445; x_wconf 89' lang='lat' dir='ltr'>poenarum</span> <span class='ocrx_word' id='word_1_20' title='bbox 1561 400 1632 434; x_wconf 89' lang='lat' dir='ltr'>ac</span> <span class='ocrx_word' id='word_1_21' title='bbox 1681 397 1752 447; x_wconf 84' lang='lat' dir='ltr'>pl</span> <span class='ocrx_word' id='word_1_22' title='bbox 1765 397 1863 432; x_wconf 89' lang='lat' dir='ltr'>ae-</span> 
     </span>
     <span class='ocr_line' id='line_1_6' title="bbox 87 453 1863 519; baseline 0.001 -18"><span class='ocrx_word' id='word_1_23' title='bbox 87 453 370 511; x_wconf 90' lang='lat' dir='ltr'>miorum,</span> <span class='ocrx_word' id='word_1_24' title='bbox 400 467 525 517; x_wconf 92' lang='lat' dir='ltr'>quae</span> <span class='ocrx_word' id='word_1_25' title='bbox 552 457 858 501; x_wconf 91' lang='lat' dir='ltr'>mortuorum</span> <span class='ocrx_word' id='word_1_26' title='bbox 887 453 1112 503; x_wconf 88' lang='lat' dir='ltr'>manibus</span> <span class='ocrx_word' id='word_1_27' title='bbox 1139 454 1516 505; x_wconf 84' lang='lat' dir='ltr'>constituuntur.</span> <span class='ocrx_word' id='word_1_28' title='bbox 1556 454 1690 512; x_wconf 84' lang='lat' dir='ltr'>Quae</span> <span class='ocrx_word' id='word_1_29' title='bbox 1718 469 1863 519; x_wconf 88' lang='lat' dir='ltr'>quam</span> 
     </span>
     <span class='ocr_line' id='line_1_7' title="bbox 88 522 1864 590; baseline 0.001 -20"><span class='ocrx_word' id='word_1_30' title='bbox 88 522 261 572; x_wconf 90' lang='lat' dir='ltr'>callide</span> <span class='ocrx_word' id='word_1_31' title='bbox 289 528 606 586; x_wconf 81' lang='lat' dir='ltr'>attemperata</span> <span class='ocrx_word' id='word_1_32' title='bbox 634 524 694 571; x_wconf 93' lang='lat' dir='ltr'>sit</span> <span class='ocrx_word' id='word_1_33' title='bbox 715 522 998 586; x_wconf 79' lang='lat' dir='ltr'>vulgaribus</span> <span class='ocrx_word' id='word_1_34' title='bbox 1026 525 1084 574; x_wconf 88' lang='lat' dir='ltr'>de</span> <span class='ocrx_word' id='word_1_35' title='bbox 1111 523 1259 574; x_wconf 91' lang='lat' dir='ltr'>rebus</span> <span class='ocrx_word' id='word_1_36' title='bbox 1286 525 1455 574; x_wconf 85' lang='lat' dir='ltr'>inferis</span> <span class='ocrx_word' id='word_1_37' title='bbox 1482 525 1648 590; x_wconf 90' lang='lat' dir='ltr'>populi</span> <span class='ocrx_word' id='word_1_38' title='bbox 1676 525 1864 588; x_wconf 89' lang='lat' dir='ltr'>opinio-</span> 
     </span>
     <span class='ocr_line' id='line_1_8' title="bbox 85 592 1863 660; baseline 0.001 -18"><span class='ocrx_word' id='word_1_39' title='bbox 85 592 259 650; x_wconf 86' lang='lat' dir='ltr'>nibus,</span> <span class='ocrx_word' id='word_1_40' title='bbox 300 595 375 643; x_wconf 86' lang='lat' dir='ltr'>vix</span> <span class='ocrx_word' id='word_1_41' title='bbox 413 608 615 643; x_wconf 89' lang='lat' dir='ltr'>monere</span> <span class='ocrx_word' id='word_1_42' title='bbox 652 595 837 643; x_wconf 81' lang='lat' dir='ltr'>attinet.</span> <span class='ocrx_word' id='word_1_43' title='bbox 891 594 1198 659; x_wconf 87' lang='lat' dir='ltr'>Quamquam</span> <span class='ocrx_word' id='word_1_44' title='bbox 1225 597 1463 658; x_wconf 90' lang='lat' dir='ltr'>suspicari</span> <span class='ocrx_word' id='word_1_45' title='bbox 1499 596 1613 646; x_wconf 87' lang='lat' dir='ltr'>licet</span> <span class='ocrx_word' id='word_1_46' title='bbox 1638 595 1718 644; x_wconf 86' lang='lat' dir='ltr'>hic</span> <span class='ocrx_word' id='word_1_47' title='bbox 1745 611 1863 660; x_wconf 85' lang='lat' dir='ltr'>quo-</span> 
     </span>
     <span class='ocr_line' id='line_1_9' title="bbox 87 664 1865 731; baseline 0.002 -19"><span class='ocrx_word' id='word_1_48' title='bbox 87 679 183 729; x_wconf 92' lang='lat' dir='ltr'>que</span> <span class='ocrx_word' id='word_1_49' title='bbox 208 665 442 727; x_wconf 90' lang='lat' dir='ltr'>reperiri,</span> <span class='ocrx_word' id='word_1_50' title='bbox 471 679 596 728; x_wconf 89' lang='lat' dir='ltr'>quae</span> <span class='ocrx_word' id='word_1_51' title='bbox 624 664 681 713; x_wconf 91' lang='lat' dir='ltr'>ad</span> <span class='ocrx_word' id='word_1_52' title='bbox 711 664 1078 714; x_wconf 89' lang='lat' dir='ltr'>similitudinem</span> <span class='ocrx_word' id='word_1_53' title='bbox 1103 681 1274 715; x_wconf 90' lang='lat' dir='ltr'>eorum</span> <span class='ocrx_word' id='word_1_54' title='bbox 1303 669 1571 731; x_wconf 88' lang='lat' dir='ltr'>composita</span> <span class='ocrx_word' id='word_1_55' title='bbox 1600 669 1710 722; x_wconf 89' lang='lat' dir='ltr'>siut,</span> <span class='ocrx_word' id='word_1_56' title='bbox 1740 681 1865 729; x_wconf 90' lang='lat' dir='ltr'>quae</span> 
     </span>
     <span class='ocr_line' id='line_1_10' title="bbox 85 735 1864 801; baseline 0.002 -18"><span class='ocrx_word' id='word_1_57' title='bbox 85 735 138 783; x_wconf 89' lang='lat' dir='ltr'>in</span> <span class='ocrx_word' id='word_1_58' title='bbox 165 735 409 800; x_wconf 78' lang='lat' dir='ltr'>mysteriis</span> <span class='ocrx_word' id='word_1_59' title='bbox 436 735 666 799; x_wconf 90' lang='lat' dir='ltr'>Orphicis</span> <span class='ocrx_word' id='word_1_60' title='bbox 694 736 791 785; x_wconf 83' lang='lat' dir='ltr'>sive</span> <span class='ocrx_word' id='word_1_61' title='bbox 818 736 1138 786; x_wconf 83' lang='lat' dir='ltr'>tradebantur</span> <span class='ocrx_word' id='word_1_62' title='bbox 1163 738 1261 786; x_wconf 85' lang='lat' dir='ltr'>sive</span> <span class='ocrx_word' id='word_1_63' title='bbox 1288 737 1574 801; x_wconf 84' lang='lat' dir='ltr'>agebantur.</span> <span class='ocrx_word' id='word_1_64' title='bbox 1623 737 1746 788; x_wconf 91' lang='lat' dir='ltr'>Nam</span> <span class='ocrx_word' id='word_1_65' title='bbox 1774 735 1864 786; x_wconf 89' lang='lat' dir='ltr'>Or-</span> 
     </span>
     <span class='ocr_line' id='line_1_11' title="bbox 83 804 1864 874; baseline 0.001 -20"><span class='ocrx_word' id='word_1_66' title='bbox 83 804 233 871; x_wconf 89' lang='lat' dir='ltr'>phica</span> <span class='ocrx_word' id='word_1_67' title='bbox 259 811 447 855; x_wconf 82' lang='lat' dir='ltr'>constat</span> <span class='ocrx_word' id='word_1_68' title='bbox 474 807 683 856; x_wconf 87' lang='lat' dir='ltr'>maxime</span> <span class='ocrx_word' id='word_1_69' title='bbox 712 806 860 856; x_wconf 81' lang='lat' dir='ltr'>fuisse</span> <span class='ocrx_word' id='word_1_70' title='bbox 888 808 1156 871; x_wconf 84' lang='lat' dir='ltr'>expiatoria</span> <span class='ocrx_word' id='word_1_71' title='bbox 1179 814 1323 873; x_wconf 86' lang='lat' dir='ltr'>atque</span> <span class='ocrx_word' id='word_1_72' title='bbox 1349 809 1398 857; x_wconf 90' lang='lat' dir='ltr'>id</span> <span class='ocrx_word' id='word_1_73' title='bbox 1424 808 1656 859; x_wconf 90' lang='lat' dir='ltr'>habuisse</span> <span class='ocrx_word' id='word_1_74' title='bbox 1681 823 1864 874; x_wconf 89' lang='lat' dir='ltr'>propo-</span> 
     </span>
     <span class='ocr_line' id='line_1_12' title="bbox 17 876 1868 943; baseline 0.001 -18"><span class='ocrx_word' id='word_1_75' title='bbox 17 881 19 883; x_wconf 82' lang='grc'><strong>’</strong></span> <span class='ocrx_word' id='word_1_76' title='bbox 86 877 249 934; x_wconf 88' lang='lat' dir='ltr'>situm,</span> <span class='ocrx_word' id='word_1_77' title='bbox 277 882 332 925; x_wconf 91' lang='lat' dir='ltr'>ut</span> <span class='ocrx_word' id='word_1_78' title='bbox 356 876 699 927; x_wconf 82' lang='lat' dir='ltr'>lustrationum</span> <span class='ocrx_word' id='word_1_79' title='bbox 728 878 772 925; x_wconf 93' lang='lat' dir='ltr'>vi</span> <span class='ocrx_word' id='word_1_80' title='bbox 799 884 846 927; x_wconf 91' lang='lat' dir='ltr'>et</span> <span class='ocrx_word' id='word_1_81' title='bbox 871 877 1113 927; x_wconf 88' lang='lat' dir='ltr'>beneficio</span> <span class='ocrx_word' id='word_1_82' title='bbox 1140 893 1329 942; x_wconf 88' lang='lat' dir='ltr'>poenae</span> <span class='ocrx_word' id='word_1_83' title='bbox 1358 878 1545 928; x_wconf 86' lang='lat' dir='ltr'>aboleri</span> <span class='ocrx_word' id='word_1_84' title='bbox 1570 882 1755 943; x_wconf 89' lang='lat' dir='ltr'>iisque,</span> <span class='ocrx_word' id='word_1_85' title='bbox 1785 879 1868 943; x_wconf 92' lang='lat' dir='ltr'>qui</span> 
     </span>
     <span class='ocr_line' id='line_1_13' title="bbox 88 946 1865 1012; baseline 0.002 -16"><span class='ocrx_word' id='word_1_86' title='bbox 88 946 149 996; x_wconf 90' lang='lat' dir='ltr'>ab</span> <span class='ocrx_word' id='word_1_87' title='bbox 175 947 233 997; x_wconf 91' lang='lat' dir='ltr'>iis</span> <span class='ocrx_word' id='word_1_88' title='bbox 259 946 452 997; x_wconf 88' lang='lat' dir='ltr'>liberati</span> <span class='ocrx_word' id='word_1_89' title='bbox 484 954 669 1005; x_wconf 88' lang='lat' dir='ltr'>essent,</span> <span class='ocrx_word' id='word_1_90' title='bbox 699 949 841 998; x_wconf 85' lang='lat' dir='ltr'>etiam</span> <span class='ocrx_word' id='word_1_91' title='bbox 871 955 980 1011; x_wconf 91' lang='lat' dir='ltr'>post</span> <span class='ocrx_word' id='word_1_92' title='bbox 1006 954 1215 998; x_wconf 90' lang='lat' dir='ltr'>mortem</span> <span class='ocrx_word' id='word_1_93' title='bbox 1243 948 1478 998; x_wconf 86' lang='lat' dir='ltr'>beatioris</span> <span class='ocrx_word' id='word_1_94' title='bbox 1506 953 1652 999; x_wconf 90' lang='lat' dir='ltr'>sortis</span> <span class='ocrx_word' id='word_1_95' title='bbox 1692 950 1865 1012; x_wconf 87' lang='lat' dir='ltr'>gaudia</span> 
     </span>
     <span class='ocr_line' id='line_1_14' title="bbox 85 1017 1865 1084; baseline 0.001 -18"><span class='ocrx_word' id='word_1_96' title='bbox 85 1018 326 1068; x_wconf 86' lang='lat' dir='ltr'>vindicata</span> <span class='ocrx_word' id='word_1_97' title='bbox 355 1034 461 1068; x_wconf 89' lang='lat' dir='ltr'>esse</span> <span class='ocrx_word' id='word_1_98' title='bbox 490 1017 877 1083; x_wconf 85' lang='lat' dir='ltr'>crederentur1).</span> <span class='ocrx_word' id='word_1_99' title='bbox 914 1017 1096 1068; x_wconf 88' lang='lat' dir='ltr'>Verum</span> <span class='ocrx_word' id='word_1_100' title='bbox 1125 1019 1184 1068; x_wconf 88' lang='lat' dir='ltr'>de</span> <span class='ocrx_word' id='word_1_101' title='bbox 1211 1019 1287 1068; x_wconf 93' lang='lat' dir='ltr'>his</span> <span class='ocrx_word' id='word_1_102' title='bbox 1315 1035 1425 1069; x_wconf 89' lang='lat' dir='ltr'>cum</span> <span class='ocrx_word' id='word_1_103' title='bbox 1455 1035 1516 1070; x_wconf 91' lang='lat' dir='ltr'>ne</span> <span class='ocrx_word' id='word_1_104' title='bbox 1543 1020 1673 1084; x_wconf 91' lang='lat' dir='ltr'>apud</span> <span class='ocrx_word' id='word_1_105' title='bbox 1702 1019 1865 1084; x_wconf 78' lang='lat' dir='ltr'>Olym-</span> 
     </span>
     <span class='ocr_line' id='line_1_15' title="bbox 83 1089 1867 1177; baseline 0.001 -40"><span class='ocrx_word' id='word_1_106' title='bbox 83 1089 346 1154; x_wconf 87' lang='lat' dir='ltr'>piodorum</span> <span class='ocrx_word' id='word_1_107' title='bbox 386 1089 583 1154; x_wconf 90' lang='lat' dir='ltr'>quidem</span> <span class='ocrx_word' id='word_1_108' title='bbox 619 1089 886 1170; x_wconf 88' lang='lat' dir='ltr'>quidquam</span> <span class='ocrx_word' id='word_1_109' title='bbox 922 1089 1099 1139; x_wconf 88' lang='lat' dir='ltr'>litteris</span> <span class='ocrx_word' id='word_1_110' title='bbox 1137 1091 1468 1177; x_wconf 88' lang='lat' dir='ltr'>perscriptum</span> <span class='ocrx_word' id='word_1_111' title='bbox 1507 1097 1686 1148; x_wconf 87' lang='lat' dir='ltr'>exstet,</span> <span class='ocrx_word' id='word_1_112' title='bbox 1733 1105 1867 1139; x_wconf 89' lang='lat' dir='ltr'>mera</span> 
     </span>
     <span class='ocr_line' id='line_1_16' title="bbox 87 1161 974 1224; baseline -0.001 -15"><span class='ocrx_word' id='word_1_113' title='bbox 87 1161 366 1209; x_wconf 87' lang='lat' dir='ltr'>coniectura</span> <span class='ocrx_word' id='word_1_114' title='bbox 395 1161 708 1224; x_wconf 81' lang='lat' dir='ltr'>acquiescere</span> <span class='ocrx_word' id='word_1_115' title='bbox 737 1161 974 1223; x_wconf 88' lang='lat' dir='ltr'>cogimur</span> 
     </span>
    </p>

    <p class='ocr_par' dir='ltr' id='par_1_5' title="bbox 81 1229 1870 2643">
     <span class='ocr_line' id='line_1_17' title="bbox 226 1229 1868 1298; baseline 0.001 -18"><span class='ocrx_word' id='word_1_116' title='bbox 226 1231 387 1280; x_wconf 85' lang='lat' dir='ltr'>Satius</span> <span class='ocrx_word' id='word_1_117' title='bbox 423 1232 571 1295; x_wconf 88' lang='lat' dir='ltr'>igitur</span> <span class='ocrx_word' id='word_1_118' title='bbox 608 1232 700 1280; x_wconf 88' lang='lat' dir='ltr'>erit</span> <span class='ocrx_word' id='word_1_119' title='bbox 737 1229 971 1280; x_wconf 91' lang='lat' dir='ltr'>nonnulla</span> <span class='ocrx_word' id='word_1_120' title='bbox 1010 1232 1058 1280; x_wconf 92' lang='lat' dir='ltr'>in</span> <span class='ocrx_word' id='word_1_121' title='bbox 1096 1232 1172 1281; x_wconf 90' lang='lat' dir='ltr'>his</span> <span class='ocrx_word' id='word_1_122' title='bbox 1208 1232 1449 1281; x_wconf 86' lang='lat' dir='ltr'>notavisse</span> <span class='ocrx_word' id='word_1_123' title='bbox 1487 1248 1613 1298; x_wconf 88' lang='lat' dir='ltr'>quae</span> <span class='ocrx_word' id='word_1_124' title='bbox 1657 1233 1868 1282; x_wconf 88' lang='lat' dir='ltr'>certiora</span> 
     </span>
     <span class='ocr_line' id='line_1_18' title="bbox 85 1300 1864 1368; baseline 0.002 -18"><span class='ocrx_word' id='word_1_125' title='bbox 85 1302 182 1350; x_wconf 92' lang='lat' dir='ltr'>sint</span> <span class='ocrx_word' id='word_1_126' title='bbox 217 1307 266 1351; x_wconf 93' lang='lat' dir='ltr'>et</span> <span class='ocrx_word' id='word_1_127' title='bbox 293 1300 528 1366; x_wconf 84' lang='lat' dir='ltr'>singulari</span> <span class='ocrx_word' id='word_1_128' title='bbox 565 1301 984 1351; x_wconf 89' lang='lat' dir='ltr'>animadversione</span> <span class='ocrx_word' id='word_1_129' title='bbox 1021 1317 1118 1351; x_wconf 90' lang='lat' dir='ltr'>non</span> <span class='ocrx_word' id='word_1_130' title='bbox 1156 1301 1370 1365; x_wconf 88' lang='lat' dir='ltr'>indigna.</span> <span class='ocrx_word' id='word_1_131' title='bbox 1422 1302 1482 1352; x_wconf 89' lang='lat' dir='ltr'>Et</span> <span class='ocrx_word' id='word_1_132' title='bbox 1515 1306 1732 1368; x_wconf 90' lang='lat' dir='ltr'>primum</span> <span class='ocrx_word' id='word_1_133' title='bbox 1760 1305 1864 1368; x_wconf 85' lang='lat' dir='ltr'>qui-</span> 
     </span>
     <span class='ocr_line' id='line_1_19' title="bbox 85 1370 1868 1438; baseline 0 -16"><span class='ocrx_word' id='word_1_134' title='bbox 85 1373 198 1422; x_wconf 89' lang='lat' dir='ltr'>dem</span> <span class='ocrx_word' id='word_1_135' title='bbox 223 1370 342 1421; x_wconf 91' lang='lat' dir='ltr'>illud</span> <span class='ocrx_word' id='word_1_136' title='bbox 370 1380 443 1422; x_wconf 89' lang='lat' dir='ltr'>est</span> <span class='ocrx_word' id='word_1_137' title='bbox 469 1371 803 1430; x_wconf 89' lang='lat' dir='ltr'>memorabile,</span> <span class='ocrx_word' id='word_1_138' title='bbox 834 1373 964 1436; x_wconf 92' lang='lat' dir='ltr'>quod</span> <span class='ocrx_word' id='word_1_139' title='bbox 987 1371 1123 1422; x_wconf 89' lang='lat' dir='ltr'>Plato</span> <span class='ocrx_word' id='word_1_140' title='bbox 1145 1388 1229 1423; x_wconf 90' lang='lat' dir='ltr'>eos</span> <span class='ocrx_word' id='word_1_141' title='bbox 1257 1374 1460 1430; x_wconf 85' lang='lat' dir='ltr'>animoS,</span> <span class='ocrx_word' id='word_1_142' title='bbox 1491 1375 1574 1437; x_wconf 91' lang='lat' dir='ltr'>qui</span> <span class='ocrx_word' id='word_1_143' title='bbox 1601 1374 1744 1438; x_wconf 88' lang='lat' dir='ltr'>plane</span> <span class='ocrx_word' id='word_1_144' title='bbox 1771 1375 1868 1422; x_wconf 87' lang='lat' dir='ltr'>sint</span> 
     </span>
     <span class='ocr_line' id='line_1_20' title="bbox 83 1441 1866 1510; baseline 0 -17"><span class='ocrx_word' id='word_1_145' title='bbox 83 1442 394 1500; x_wconf 85' lang='lat' dir='ltr'>insanabileS,</span> <span class='ocrx_word' id='word_1_146' title='bbox 420 1443 634 1493; x_wconf 90' lang='lat' dir='ltr'>aeternis</span> <span class='ocrx_word' id='word_1_147' title='bbox 661 1445 833 1507; x_wconf 90' lang='lat' dir='ltr'>poenis</span> <span class='ocrx_word' id='word_1_148' title='bbox 860 1444 1069 1492; x_wconf 89' lang='lat' dir='ltr'>cruciari</span> <span class='ocrx_word' id='word_1_149' title='bbox 1096 1443 1196 1493; x_wconf 85' lang='lat' dir='ltr'>vult</span> <span class='ocrx_word' id='word_1_150' title='bbox 1209 1441 1261 1507; x_wconf 81' lang='lat'>2).</span> <span class='ocrx_word' id='word_1_151' title='bbox 1291 1444 1397 1503; x_wconf 86' lang='lat' dir='ltr'>Quo</span> <span class='ocrx_word' id='word_1_152' title='bbox 1421 1446 1621 1494; x_wconf 90' lang='lat' dir='ltr'>nomine</span> <span class='ocrx_word' id='word_1_153' title='bbox 1647 1444 1866 1510; x_wconf 89' lang='lat' dir='ltr'>philoso-</span> 
     </span>
     <span class='ocr_line' id='line_1_21' title="bbox 82 1511 1867 1580; baseline 0.001 -18"><span class='ocrx_word' id='word_1_154' title='bbox 82 1513 237 1580; x_wconf 90' lang='lat' dir='ltr'>phum</span> <span class='ocrx_word' id='word_1_155' title='bbox 266 1515 475 1578; x_wconf 86' lang='lat' dir='ltr'>exagitat</span> <span class='ocrx_word' id='word_1_156' title='bbox 500 1511 868 1579; x_wconf 86' lang='lat' dir='ltr'>Arnobius3)</span> <span class='ocrx_word' id='word_1_157' title='bbox 887 1552 899 1570; x_wconf 94' lang='lat'>,</span> <span class='ocrx_word' id='word_1_158' title='bbox 929 1515 1118 1564; x_wconf 91' lang='lat' dir='ltr'>animos</span> <span class='ocrx_word' id='word_1_159' title='bbox 1144 1514 1449 1564; x_wconf 89' lang='lat' dir='ltr'>immortales</span> <span class='ocrx_word' id='word_1_160' title='bbox 1478 1530 1662 1579; x_wconf 87' lang='lat' dir='ltr'>negans</span> <span class='ocrx_word' id='word_1_161' title='bbox 1687 1515 1867 1566; x_wconf 88' lang='lat' dir='ltr'>talibus</span> 
     </span>
     <span class='ocr_line' id='line_1_22' title="bbox 83 1584 1867 1650; baseline 0.001 -16"><span class='ocrx_word' id='word_1_162' title='bbox 83 1585 254 1650; x_wconf 89' lang='lat' dir='ltr'>poenis</span> <span class='ocrx_word' id='word_1_163' title='bbox 282 1600 388 1634; x_wconf 90' lang='lat' dir='ltr'>esse</span> <span class='ocrx_word' id='word_1_164' title='bbox 415 1599 559 1649; x_wconf 85' lang='lat' dir='ltr'>posse</span> <span class='ocrx_word' id='word_1_165' title='bbox 586 1584 853 1634; x_wconf 80' lang='lat' dir='ltr'>obnoxios:</span> <span class='ocrx_word' id='word_1_166' title='bbox 894 1589 1055 1645; x_wconf 78' lang='lat' dir='ltr'>„Quid</span> <span class='ocrx_word' id='word_1_167' title='bbox 1066 1593 1088 1633; x_wconf 83' lang='lat'><em>?</em></span> <span class='ocrx_word' id='word_1_168' title='bbox 1114 1586 1284 1649; x_wconf 91' lang='lat' dir='ltr'>inquit,</span> <span class='ocrx_word' id='word_1_169' title='bbox 1314 1590 1455 1636; x_wconf 88' lang='lat' dir='ltr'>Plato</span> <span class='ocrx_word' id='word_1_170' title='bbox 1487 1591 1609 1636; x_wconf 86' lang='lat' dir='ltr'>idem</span> <span class='ocrx_word' id='word_1_171' title='bbox 1635 1595 1794 1637; x_wconf 83' lang='lat' dir='ltr'>vester</span> <span class='ocrx_word' id='word_1_172' title='bbox 1818 1593 1867 1636; x_wconf 87' lang='lat' dir='ltr'>in</span> 
     </span>
     <span class='ocr_line' id='line_1_23' title="bbox 85 1661 1865 1719; baseline 0.001 -13"><span class='ocrx_word' id='word_1_173' title='bbox 85 1673 139 1706; x_wconf 88' lang='lat' dir='ltr'>eo</span> <span class='ocrx_word' id='word_1_174' title='bbox 167 1661 411 1717; x_wconf 83' lang='lat' dir='ltr'>volumine,</span> <span class='ocrx_word' id='word_1_175' title='bbox 442 1662 568 1719; x_wconf 80' lang='lat' dir='ltr'>quod</span> <span class='ocrx_word' id='word_1_176' title='bbox 592 1661 647 1705; x_wconf 89' lang='lat' dir='ltr'>de</span> <span class='ocrx_word' id='word_1_177' title='bbox 675 1662 864 1705; x_wconf 88' lang='lat' dir='ltr'>animae</span> <span class='ocrx_word' id='word_1_178' title='bbox 891 1663 1245 1706; x_wconf 78' lang='lat' dir='ltr'>immortalitate</span> <span class='ocrx_word' id='word_1_179' title='bbox 1273 1664 1556 1719; x_wconf 76' lang='lat' dir='ltr'>composuit,</span> <span class='ocrx_word' id='word_1_180' title='bbox 1586 1676 1682 1708; x_wconf 89' lang='lat' dir='ltr'>non</span> <span class='ocrx_word' id='word_1_181' title='bbox 1708 1661 1865 1708; x_wconf 75' lang='lat' dir='ltr'>Ache-</span> 
     </span>
     <span class='ocr_line' id='line_1_24' title="bbox 84 1730 1868 1794; baseline 0.002 -18"><span class='ocrx_word' id='word_1_182' title='bbox 84 1734 290 1788; x_wconf 83' lang='lat' dir='ltr'>rontem,</span> <span class='ocrx_word' id='word_1_183' title='bbox 332 1745 426 1777; x_wconf 90' lang='lat' dir='ltr'>non</span> <span class='ocrx_word' id='word_1_184' title='bbox 454 1730 670 1791; x_wconf 70' lang='lat' dir='ltr'>Styyem,</span> <span class='ocrx_word' id='word_1_185' title='bbox 709 1745 802 1776; x_wconf 90' lang='lat' dir='ltr'>non</span> <span class='ocrx_word' id='word_1_186' title='bbox 832 1730 1056 1791; x_wconf 67' lang='lat' dir='ltr'>Cocytum</span> <span class='ocrx_word' id='word_1_187' title='bbox 1090 1734 1262 1791; x_wconf 77' lang='lat' dir='ltr'>fluvios</span> <span class='ocrx_word' id='word_1_188' title='bbox 1297 1737 1342 1777; x_wconf 87' lang='lat' dir='ltr'>et</span> <span class='ocrx_word' id='word_1_189' title='bbox 1367 1733 1868 1794; x_wconf 72' lang='lat' dir='ltr'>Pyriphleyetlzontem</span> 
     </span>
     <span class='ocr_line' id='line_1_25' title="bbox 83 1803 1867 1863; baseline 0.001 -15"><span class='ocrx_word' id='word_1_190' title='bbox 83 1804 316 1860; x_wconf 84' lang='lat' dir='ltr'>nominat,</span> <span class='ocrx_word' id='word_1_191' title='bbox 362 1804 410 1847; x_wconf 89' lang='lat' dir='ltr'>in</span> <span class='ocrx_word' id='word_1_192' title='bbox 447 1803 617 1861; x_wconf 80' lang='lat' dir='ltr'>quibus</span> <span class='ocrx_word' id='word_1_193' title='bbox 653 1804 839 1847; x_wconf 87' lang='lat' dir='ltr'>animas</span> <span class='ocrx_word' id='word_1_194' title='bbox 877 1807 1126 1848; x_wconf 78' lang='lat' dir='ltr'>asseverat</span> <span class='ocrx_word' id='word_1_195' title='bbox 1174 1805 1314 1860; x_wconf 81' lang='lat' dir='ltr'>volvi,</span> <span class='ocrx_word' id='word_1_196' title='bbox 1363 1807 1536 1863; x_wconf 71' lang='lat' dir='ltr'>meryi,</span> <span class='ocrx_word' id='word_1_197' title='bbox 1585 1807 1765 1850; x_wconf 78' lang='lat' dir='ltr'>exuri?</span> <span class='ocrx_word' id='word_1_198' title='bbox 1804 1804 1867 1850; x_wconf 82' lang='lat' dir='ltr'>Et</span> 
     </span>
     <span class='ocr_line' id='line_1_26' title="bbox 83 1874 1867 1934; baseline 0.001 -15"><span class='ocrx_word' id='word_1_199' title='bbox 83 1874 218 1919; x_wconf 77' lang='lat' dir='ltr'>homo</span> <span class='ocrx_word' id='word_1_200' title='bbox 241 1874 530 1931; x_wconf 77' lang='lat' dir='ltr'>prudentiae</span> <span class='ocrx_word' id='word_1_201' title='bbox 556 1887 650 1919; x_wconf 86' lang='lat' dir='ltr'>non</span> <span class='ocrx_word' id='word_1_202' title='bbox 674 1886 861 1932; x_wconf 83' lang='lat' dir='ltr'>parvae</span> <span class='ocrx_word' id='word_1_203' title='bbox 889 1878 932 1918; x_wconf 90' lang='lat' dir='ltr'>et</span> <span class='ocrx_word' id='word_1_204' title='bbox 961 1876 1200 1919; x_wconf 67' lang='lat' dir='ltr'>eac-aminis</span> <span class='ocrx_word' id='word_1_205' title='bbox 1224 1876 1482 1933; x_wconf 82' lang='lat' dir='ltr'>iudiciique</span> <span class='ocrx_word' id='word_1_206' title='bbox 1503 1877 1740 1934; x_wconf 84' lang='lat' dir='ltr'>perpensi</span> <span class='ocrx_word' id='word_1_207' title='bbox 1764 1888 1867 1920; x_wconf 87' lang='lat' dir='ltr'>rem</span> 
     </span>
     <span class='ocr_line' id='line_1_27' title="bbox 81 1944 1867 2004; baseline 0.001 -14"><span class='ocrx_word' id='word_1_208' title='bbox 81 1944 427 1990; x_wconf 79' lang='lat' dir='ltr'>inenodabilem</span> <span class='ocrx_word' id='word_1_209' title='bbox 454 1946 666 2002; x_wconf 78' lang='lat' dir='ltr'>suscipit,</span> <span class='ocrx_word' id='word_1_210' title='bbox 692 1950 755 2001; x_wconf 89' lang='lat' dir='ltr'>ut,</span> <span class='ocrx_word' id='word_1_211' title='bbox 787 1958 892 1989; x_wconf 84' lang='lat' dir='ltr'>cum</span> <span class='ocrx_word' id='word_1_212' title='bbox 920 1948 1103 1989; x_wconf 86' lang='lat' dir='ltr'>animas</span> <span class='ocrx_word' id='word_1_213' title='bbox 1129 1945 1242 1990; x_wconf 84' lang='lat' dir='ltr'>dicit</span> <span class='ocrx_word' id='word_1_214' title='bbox 1267 1947 1570 2003; x_wconf 85' lang='lat' dir='ltr'>immortales,</span> <span class='ocrx_word' id='word_1_215' title='bbox 1594 1950 1867 2004; x_wconf 83' lang='lat' dir='ltr'>perpetuas</span> 
     </span>
     <span class='ocr_line' id='line_1_28' title="bbox 85 2016 1865 2073; baseline 0.001 -12"><span class='ocrx_word' id='word_1_216' title='bbox 85 2020 130 2061; x_wconf 85' lang='lat' dir='ltr'>et</span> <span class='ocrx_word' id='word_1_217' title='bbox 157 2016 404 2072; x_wconf 82' lang='lat' dir='ltr'>corporali</span> <span class='ocrx_word' id='word_1_218' title='bbox 437 2016 674 2060; x_wconf 85' lang='lat' dir='ltr'>soliditate</span> <span class='ocrx_word' id='word_1_219' title='bbox 702 2018 949 2073; x_wconf 82' lang='lat' dir='ltr'>privatas,</span> <span class='ocrx_word' id='word_1_220' title='bbox 977 2018 1144 2073; x_wconf 88' lang='lat' dir='ltr'>puniri</span> <span class='ocrx_word' id='word_1_221' title='bbox 1169 2028 1253 2060; x_wconf 89' lang='lat' dir='ltr'>eas</span> <span class='ocrx_word' id='word_1_222' title='bbox 1279 2017 1409 2061; x_wconf 83' lang='lat' dir='ltr'>dicat</span> <span class='ocrx_word' id='word_1_223' title='bbox 1435 2021 1593 2063; x_wconf 88' lang='lat' dir='ltr'>tamen</span> <span class='ocrx_word' id='word_1_224' title='bbox 1621 2022 1666 2062; x_wconf 87' lang='lat' dir='ltr'>et</span> <span class='ocrx_word' id='word_1_225' title='bbox 1691 2018 1865 2063; x_wconf 86' lang='lat' dir='ltr'>dolori-</span> 
     </span>
     <span class='ocr_line' id='line_1_29' title="bbox 85 2084 1867 2147; baseline 0.001 -15"><span class='ocrx_word' id='word_1_226' title='bbox 85 2087 172 2132; x_wconf 88' lang='lat' dir='ltr'>bus</span> <span class='ocrx_word' id='word_1_227' title='bbox 207 2084 399 2144; x_wconf 78' lang='lat' dir='ltr'>afficiat</span> <span class='ocrx_word' id='word_1_228' title='bbox 436 2098 674 2131; x_wconf 85' lang='lat' dir='ltr'>sensuum.</span> <span class='ocrx_word' id='word_1_229' title='bbox 741 2085 855 2141; x_wconf 79' lang='lat' dir='ltr'>Quis</span> <span class='ocrx_word' id='word_1_230' title='bbox 882 2091 1039 2131; x_wconf 86' lang='lat' dir='ltr'>autem</span> <span class='ocrx_word' id='word_1_231' title='bbox 1064 2087 1302 2132; x_wconf 76' lang='lat' dir='ltr'>hominum</span> <span class='ocrx_word' id='word_1_232' title='bbox 1337 2101 1431 2132; x_wconf 86' lang='lat' dir='ltr'>non</span> <span class='ocrx_word' id='word_1_233' title='bbox 1459 2088 1606 2144; x_wconf 85' lang='lat' dir='ltr'>videt,</span> <span class='ocrx_word' id='word_1_234' title='bbox 1648 2089 1776 2147; x_wconf 79' lang='lat' dir='ltr'>quod</span> <span class='ocrx_word' id='word_1_235' title='bbox 1806 2090 1867 2133; x_wconf 90' lang='lat' dir='ltr'>sit</span> 
     </span>
     <span class='ocr_line' id='line_1_30' title="bbox 85 2157 1870 2218; baseline 0.002 -17"><span class='ocrx_word' id='word_1_236' title='bbox 85 2158 362 2213; x_wconf 80' lang='lat' dir='ltr'>immortale,</span> <span class='ocrx_word' id='word_1_237' title='bbox 403 2157 531 2216; x_wconf 80' lang='lat' dir='ltr'>quod</span> <span class='ocrx_word' id='word_1_238' title='bbox 554 2158 770 2214; x_wconf 79' lang='lat' dir='ltr'>simplex,</span> <span class='ocrx_word' id='word_1_239' title='bbox 811 2158 991 2202; x_wconf 89' lang='lat' dir='ltr'>nullum</span> <span class='ocrx_word' id='word_1_240' title='bbox 1010 2170 1157 2215; x_wconf 89' lang='lat' dir='ltr'>posse</span> <span class='ocrx_word' id='word_1_241' title='bbox 1184 2159 1393 2202; x_wconf 89' lang='lat' dir='ltr'>dolorem</span> <span class='ocrx_word' id='word_1_242' title='bbox 1421 2159 1704 2204; x_wconf 84' lang='lat' dir='ltr'>admittere?</span> <span class='ocrx_word' id='word_1_243' title='bbox 1742 2160 1870 2218; x_wconf 78' lang='lat' dir='ltr'>quod</span> 
     </span>
     <span class='ocr_line' id='line_1_31' title="bbox 85 2225 1862 2286; baseline 0 -12"><span class='ocrx_word' id='word_1_244' title='bbox 85 2233 242 2274; x_wconf 90' lang='lat' dir='ltr'>autem</span> <span class='ocrx_word' id='word_1_245' title='bbox 269 2229 445 2272; x_wconf 84' lang='lat' dir='ltr'>sentiat</span> <span class='ocrx_word' id='word_1_246' title='bbox 470 2228 694 2283; x_wconf 83' lang='lat' dir='ltr'>dolorem,</span> <span class='ocrx_word' id='word_1_247' title='bbox 723 2230 1124 2273; x_wconf 85' lang='lat' dir='ltr'>immortalitatem</span> <span class='ocrx_word' id='word_1_248' title='bbox 1150 2228 1330 2273; x_wconf 73' lang='lat' dir='ltr'>habere</span> <span class='ocrx_word' id='word_1_249' title='bbox 1356 2243 1451 2274; x_wconf 90' lang='lat' dir='ltr'>non</span> <span class='ocrx_word' id='word_1_250' title='bbox 1474 2228 1686 2286; x_wconf 84' lang='lat' dir='ltr'>posse?“</span> <span class='ocrx_word' id='word_1_251' title='bbox 1712 2225 1862 2275; x_wconf 90' lang='lat' dir='ltr'>Nimi-</span> 
     </span>
     <span class='ocr_line' id='line_1_32' title="bbox 83 2293 1861 2358; baseline 0.001 -14"><span class='ocrx_word' id='word_1_252' title='bbox 83 2310 194 2344; x_wconf 89' lang='lat' dir='ltr'>rum</span> <span class='ocrx_word' id='word_1_253' title='bbox 230 2293 389 2343; x_wconf 90' lang='lat' dir='ltr'>bonus</span> <span class='ocrx_word' id='word_1_254' title='bbox 414 2294 659 2343; x_wconf 88' lang='lat' dir='ltr'>Arnobius</span> <span class='ocrx_word' id='word_1_255' title='bbox 694 2295 906 2358; x_wconf 87' lang='lat' dir='ltr'>primum</span> <span class='ocrx_word' id='word_1_256' title='bbox 944 2294 1140 2357; x_wconf 90' lang='lat' dir='ltr'>quidem</span> <span class='ocrx_word' id='word_1_257' title='bbox 1179 2310 1277 2343; x_wconf 93' lang='lat' dir='ltr'>non</span> <span class='ocrx_word' id='word_1_258' title='bbox 1303 2295 1421 2344; x_wconf 87' lang='lat' dir='ltr'>vidit</span> <span class='ocrx_word' id='word_1_259' title='bbox 1455 2296 1725 2345; x_wconf 91' lang='lat' dir='ltr'>secundum</span> <span class='ocrx_word' id='word_1_260' title='bbox 1752 2295 1861 2345; x_wconf 92' lang='lat' dir='ltr'>Pla-</span> 
     </span>
     <span class='ocr_line' id='line_1_33' title="bbox 82 2365 1865 2432; baseline 0 -16"><span class='ocrx_word' id='word_1_261' title='bbox 82 2373 251 2416; x_wconf 89' lang='lat' dir='ltr'>tonem</span> <span class='ocrx_word' id='word_1_262' title='bbox 296 2366 485 2414; x_wconf 88' lang='lat' dir='ltr'>animos</span> <span class='ocrx_word' id='word_1_263' title='bbox 528 2371 833 2415; x_wconf 90' lang='lat' dir='ltr'>mortuorum</span> <span class='ocrx_word' id='word_1_264' title='bbox 873 2365 934 2414; x_wconf 93' lang='lat' dir='ltr'>ob</span> <span class='ocrx_word' id='word_1_265' title='bbox 970 2365 1019 2414; x_wconf 87' lang='lat' dir='ltr'>id</span> <span class='ocrx_word' id='word_1_266' title='bbox 1056 2367 1216 2430; x_wconf 90' lang='lat' dir='ltr'>ipsum</span> <span class='ocrx_word' id='word_1_267' title='bbox 1254 2366 1384 2415; x_wconf 81' lang='lat' dir='ltr'>affici</span> <span class='ocrx_word' id='word_1_268' title='bbox 1418 2366 1684 2431; x_wconf 91' lang='lat' dir='ltr'>suppliciis,</span> <span class='ocrx_word' id='word_1_269' title='bbox 1733 2367 1865 2432; x_wconf 89' lang='lat' dir='ltr'>quod</span> 
     </span>
     <span class='ocr_line' id='line_1_34' title="bbox 84 2435 1867 2500; baseline 0.001 -15"><span class='ocrx_word' id='word_1_270' title='bbox 84 2451 182 2485; x_wconf 91' lang='lat' dir='ltr'>non</span> <span class='ocrx_word' id='word_1_271' title='bbox 209 2436 321 2500; x_wconf 89' lang='lat' dir='ltr'>puri</span> <span class='ocrx_word' id='word_1_272' title='bbox 347 2451 373 2485; x_wconf 88' lang='lat' dir='ltr'>a</span> <span class='ocrx_word' id='word_1_273' title='bbox 401 2436 623 2500; x_wconf 89' lang='lat' dir='ltr'>corporis</span> <span class='ocrx_word' id='word_1_274' title='bbox 648 2435 758 2485; x_wconf 92' lang='lat' dir='ltr'>labe</span> <span class='ocrx_word' id='word_1_275' title='bbox 786 2436 842 2484; x_wconf 89' lang='lat' dir='ltr'>ad</span> <span class='ocrx_word' id='word_1_276' title='bbox 872 2435 1142 2485; x_wconf 86' lang='lat' dir='ltr'>inferorum</span> <span class='ocrx_word' id='word_1_277' title='bbox 1171 2435 1408 2486; x_wconf 87' lang='lat' dir='ltr'>iudicium</span> <span class='ocrx_word' id='word_1_278' title='bbox 1434 2438 1774 2500; x_wconf 89' lang='lat' dir='ltr'>pervenerint,</span> <span class='ocrx_word' id='word_1_279' title='bbox 1814 2442 1867 2486; x_wconf 90' lang='lat' dir='ltr'>ut</span> 
     </span>
     <span class='ocr_line' id='line_1_35' title="bbox 85 2506 1866 2571; baseline 0.001 -15"><span class='ocrx_word' id='word_1_280' title='bbox 85 2508 190 2557; x_wconf 90' lang='lat' dir='ltr'>eius</span> <span class='ocrx_word' id='word_1_281' title='bbox 226 2509 467 2556; x_wconf 89' lang='lat' dir='ltr'>sententia</span> <span class='ocrx_word' id='word_1_282' title='bbox 506 2506 578 2556; x_wconf 89' lang='lat' dir='ltr'>vel</span> <span class='ocrx_word' id='word_1_283' title='bbox 612 2508 740 2555; x_wconf 89' lang='lat' dir='ltr'>inter</span> <span class='ocrx_word' id='word_1_284' title='bbox 778 2522 887 2564; x_wconf 84' lang='lat' dir='ltr'>eOS,</span> <span class='ocrx_word' id='word_1_285' title='bbox 927 2508 1010 2571; x_wconf 86' lang='lat' dir='ltr'>qui</span> <span class='ocrx_word' id='word_1_286' title='bbox 1043 2508 1090 2555; x_wconf 89' lang='lat' dir='ltr'>in</span> <span class='ocrx_word' id='word_1_287' title='bbox 1127 2508 1323 2570; x_wconf 85' lang='lat' dir='ltr'>piorum</span> <span class='ocrx_word' id='word_1_288' title='bbox 1362 2507 1607 2557; x_wconf 88' lang='lat' dir='ltr'>domicilia</span> <span class='ocrx_word' id='word_1_289' title='bbox 1649 2508 1866 2571; x_wconf 87' lang='lat' dir='ltr'>migrare</span> 
     </span>
     <span class='ocr_line' id='line_1_36' title="bbox 83 2577 1866 2643; baseline 0 -16"><span class='ocrx_word' id='word_1_290' title='bbox 83 2577 368 2634; x_wconf 86' lang='lat' dir='ltr'>iubeantur,</span> <span class='ocrx_word' id='word_1_291' title='bbox 407 2578 491 2627; x_wconf 92' lang='lat' dir='ltr'>uni</span> <span class='ocrx_word' id='word_1_292' title='bbox 529 2592 756 2627; x_wconf 86' lang='lat' dir='ltr'>verorum</span> <span class='ocrx_word' id='word_1_293' title='bbox 794 2577 1203 2642; x_wconf 89' lang='lat' dir='ltr'>philosophorum</span> <span class='ocrx_word' id='word_1_294' title='bbox 1239 2579 1388 2627; x_wconf 93' lang='lat' dir='ltr'>animi</span> <span class='ocrx_word' id='word_1_295' title='bbox 1433 2580 1536 2628; x_wconf 91' lang='lat' dir='ltr'>sine</span> <span class='ocrx_word' id='word_1_296' title='bbox 1573 2578 1866 2643; x_wconf 87' lang='lat' dir='ltr'>corporibus</span> 
     </span>
    </p>
   </div>
   <div class='ocr_carea' id='block_1_4' title="bbox 16 2647 1864 2704">
    <p class='ocr_par' dir='ltr' id='par_1_6' title="bbox 16 2647 1864 2704">
     <span class='ocr_line' id='line_1_37' title="bbox 16 2647 1864 2704; baseline 0.001 -7"><span class='ocrx_word' id='word_1_297' title='bbox 16 2654 18 2660; x_wconf 80' lang='lat'><em>&#39;</em></span> <span class='ocrx_word' id='word_1_298' title='bbox 83 2647 184 2697; x_wconf 91' lang='lat' dir='ltr'>illic</span> <span class='ocrx_word' id='word_1_299' title='bbox 209 2650 394 2704; x_wconf 87' lang='lat' dir='ltr'>vivant,</span> <span class='ocrx_word' id='word_1_300' title='bbox 424 2648 602 2698; x_wconf 87' lang='lat' dir='ltr'>deinde</span> <span class='ocrx_word' id='word_1_301' title='bbox 640 2649 839 2698; x_wconf 90' lang='lat' dir='ltr'>omnino</span> <span class='ocrx_word' id='word_1_302' title='bbox 868 2650 1122 2698; x_wconf 91' lang='lat' dir='ltr'>universae</span> <span class='ocrx_word' id='word_1_303' title='bbox 1149 2650 1447 2699; x_wconf 87' lang='lat' dir='ltr'>narrationis</span> <span class='ocrx_word' id='word_1_304' title='bbox 1473 2649 1724 2700; x_wconf 86' lang='lat' dir='ltr'>fabulosae</span> <span class='ocrx_word' id='word_1_305' title='bbox 1753 2665 1864 2699; x_wconf 89' lang='lat' dir='ltr'>sen-</span> 
     </span>
    </p>
   </div>
   <div class='ocr_carea' id='block_1_5' title="bbox 20 2719 1864 3070">
    <p class='ocr_par' dir='ltr' id='par_1_7' title="bbox 20 2719 1361 2782">
     <span class='ocr_line' id='line_1_38' title="bbox 20 2719 1361 2782; baseline -0.001 -13"><span class='ocrx_word' id='word_1_306' title='bbox 20 2746 27 2754; x_wconf 60' lang='lat'>·=</span> <span class='ocrx_word' id='word_1_307' title='bbox 84 2720 286 2769; x_wconf 89' lang='lat' dir='ltr'>tentiam</span> <span class='ocrx_word' id='word_1_308' title='bbox 313 2734 486 2782; x_wconf 88' lang='lat' dir='ltr'>parum</span> <span class='ocrx_word' id='word_1_309' title='bbox 514 2719 754 2770; x_wconf 84' lang='lat' dir='ltr'>subtiliter</span> <span class='ocrx_word' id='word_1_310' title='bbox 781 2719 968 2769; x_wconf 87' lang='lat' dir='ltr'>videtur</span> <span class='ocrx_word' id='word_1_311' title='bbox 997 2721 1361 2770; x_wconf 86' lang='lat' dir='ltr'>examinavisse.</span> 
     </span>
    </p>

    <p class='ocr_par' dir='ltr' id='par_1_8' title="bbox 20 2790 1864 2927">
     <span class='ocr_line' id='line_1_39' title="bbox 20 2790 1860 2857; baseline 0.002 -19"><span class='ocrx_word' id='word_1_312' title='bbox 20 2796 29 2850; x_wconf 65' lang='grc' dir='ltr'><strong>ᾗ</strong></span> <span class='ocrx_word' id='word_1_313' title='bbox 227 2791 409 2839; x_wconf 88' lang='lat' dir='ltr'>Verum</span> <span class='ocrx_word' id='word_1_314' title='bbox 436 2792 553 2840; x_wconf 90' lang='lat' dir='ltr'>satis</span> <span class='ocrx_word' id='word_1_315' title='bbox 580 2790 641 2840; x_wconf 86' lang='lat' dir='ltr'>de</span> <span class='ocrx_word' id='word_1_316' title='bbox 668 2791 758 2840; x_wconf 92' lang='lat' dir='ltr'>his.</span> <span class='ocrx_word' id='word_1_317' title='bbox 811 2790 1067 2853; x_wconf 88' lang='lat' dir='ltr'>Pergimus</span> <span class='ocrx_word' id='word_1_318' title='bbox 1093 2791 1153 2839; x_wconf 89' lang='lat' dir='ltr'>ad</span> <span class='ocrx_word' id='word_1_319' title='bbox 1181 2790 1310 2841; x_wconf 90' lang='lat' dir='ltr'>aliud</span> <span class='ocrx_word' id='word_1_320' title='bbox 1338 2791 1469 2856; x_wconf 87' lang='lat' dir='ltr'>quid,</span> <span class='ocrx_word' id='word_1_321' title='bbox 1500 2792 1630 2857; x_wconf 92' lang='lat' dir='ltr'>quod</span> <span class='ocrx_word' id='word_1_322' title='bbox 1657 2790 1860 2856; x_wconf 88' lang='lat' dir='ltr'>diligen-</span> 
     </span>
     <span class='ocr_line' id='line_1_40' title="bbox 85 2861 1864 2927; baseline 0.001 -17"><span class='ocrx_word' id='word_1_323' title='bbox 85 2862 210 2911; x_wconf 90' lang='lat' dir='ltr'>tiore</span> <span class='ocrx_word' id='word_1_324' title='bbox 238 2861 657 2910; x_wconf 84' lang='lat' dir='ltr'>animadversione</span> <span class='ocrx_word' id='word_1_325' title='bbox 684 2876 783 2910; x_wconf 91' lang='lat' dir='ltr'>non</span> <span class='ocrx_word' id='word_1_326' title='bbox 810 2861 1066 2925; x_wconf 87' lang='lat' dir='ltr'>indignum</span> <span class='ocrx_word' id='word_1_327' title='bbox 1094 2861 1298 2911; x_wconf 89' lang='lat' dir='ltr'>videtur.</span> <span class='ocrx_word' id='word_1_328' title='bbox 1345 2862 1520 2912; x_wconf 88' lang='lat' dir='ltr'>Censet</span> <span class='ocrx_word' id='word_1_329' title='bbox 1548 2864 1676 2912; x_wconf 91' lang='lat' dir='ltr'>enim</span> <span class='ocrx_word' id='word_1_330' title='bbox 1703 2862 1864 2927; x_wconf 92' lang='lat' dir='ltr'>philo-</span> 
     </span>
    </p>

    <p class='ocr_par' dir='ltr' id='par_1_9' title="bbox 85 2931 1862 2998">
     <span class='ocr_line' id='line_1_41' title="bbox 85 2931 1862 2998; baseline 0.001 -17"><span class='ocrx_word' id='word_1_331' title='bbox 85 2931 269 2997; x_wconf 91' lang='lat' dir='ltr'>sophus</span> <span class='ocrx_word' id='word_1_332' title='bbox 317 2946 470 2980; x_wconf 92' lang='lat' dir='ltr'>unos</span> <span class='ocrx_word' id='word_1_333' title='bbox 509 2931 1024 2997; x_wconf 88' lang='lat' dir='ltr'>philosophorum</span> <span class='ocrx_word' id='word_1_334' title='bbox 1075 2933 1310 2982; x_wconf 90' lang='lat' dir='ltr'>animos</span> <span class='ocrx_word' id='word_1_335' title='bbox 1346 2949 1456 2998; x_wconf 90' lang='lat' dir='ltr'>per</span> <span class='ocrx_word' id='word_1_336' title='bbox 1498 2948 1673 2983; x_wconf 87' lang='lat' dir='ltr'>omne</span> <span class='ocrx_word' id='word_1_337' title='bbox 1711 2939 1862 2983; x_wconf 89' lang='lat' dir='ltr'>tem·</span> 
     </span>
    </p>

    <p class='ocr_par' dir='ltr' id='par_1_10' title="bbox 20 3001 1862 3070">
     <span class='ocr_line' id='line_1_42' title="bbox 20 3001 1862 3070; baseline 0.001 -18"><span class='ocrx_word' id='word_1_338' title='bbox 20 3014 25 3019; x_wconf 80' lang='grc'><strong><em>’</em></strong></span> <span class='ocrx_word' id='word_1_339' title='bbox 84 3017 197 3067; x_wconf 92' lang='lat' dir='ltr'>pus</span> <span class='ocrx_word' id='word_1_340' title='bbox 223 3002 357 3052; x_wconf 90' lang='lat' dir='ltr'>sine</span> <span class='ocrx_word' id='word_1_341' title='bbox 385 3001 759 3065; x_wconf 88' lang='lat' dir='ltr'>corporibus</span> <span class='ocrx_word' id='word_1_342' title='bbox 786 3003 1008 3053; x_wconf 89' lang='lat' dir='ltr'>vivere.</span> <span class='ocrx_word' id='word_1_343' title='bbox 1038 3003 1179 3062; x_wconf 87' lang='lat' dir='ltr'>Quod</span> <span class='ocrx_word' id='word_1_344' title='bbox 1207 3004 1453 3070; x_wconf 90' lang='lat' dir='ltr'>quomodo</span> <span class='ocrx_word' id='word_1_345' title='bbox 1481 3003 1862 3069; x_wconf 87' lang='lat' dir='ltr'>intellegendum</span> 
     </span>
    </p>
   </div>
   <div class='ocr_carea' id='block_1_6' title="bbox 20 3156 1860 3436">
    <p class='ocr_par' dir='ltr' id='par_1_11' title="bbox 20 3156 1860 3436">
     <span class='ocr_line' id='line_1_43' title="bbox 200 3156 1860 3214; baseline 0.002 -16"><span class='ocrx_word' id='word_1_346' title='bbox 200 3156 242 3210; x_wconf 89' lang='lat'>1)</span> <span class='ocrx_word' id='word_1_347' title='bbox 275 3157 482 3209; x_wconf 87' lang='lat' dir='ltr'>Lobeck,</span> <span class='ocrx_word' id='word_1_348' title='bbox 515 3156 739 3209; x_wconf 85' lang='lat' dir='ltr'>Aglaoph.</span> <span class='ocrx_word' id='word_1_349' title='bbox 770 3171 814 3210; x_wconf 88' lang='lat' dir='ltr'>p</span> <span class='ocrx_word' id='word_1_350' title='bbox 848 3159 928 3198; x_wconf 81' lang='lat'>642</span> <span class='ocrx_word' id='word_1_351' title='bbox 961 3171 1029 3211; x_wconf 90' lang='lat' dir='ltr'>sq.</span> <span class='ocrx_word' id='word_1_352' title='bbox 1060 3159 1142 3200; x_wconf 82' lang='lat'>806</span> <span class='ocrx_word' id='word_1_353' title='bbox 1165 3170 1232 3210; x_wconf 88' lang='lat' dir='ltr'>sq.</span> <span class='ocrx_word' id='word_1_354' title='bbox 1276 3158 1379 3202; x_wconf 85' lang='lat' dir='ltr'>coll.</span> <span class='ocrx_word' id='word_1_355' title='bbox 1412 3158 1533 3199; x_wconf 84' lang='lat' dir='ltr'>Plat.</span> <span class='ocrx_word' id='word_1_356' title='bbox 1575 3160 1690 3214; x_wconf 86' lang='lat' dir='ltr'>Rep.</span> <span class='ocrx_word' id='word_1_357' title='bbox 1723 3160 1782 3203; x_wconf 91' lang='grc' dir='ltr'>ΙΙ,</span> <span class='ocrx_word' id='word_1_358' title='bbox 1817 3173 1860 3213; x_wconf 93' lang='lat' dir='ltr'>p.</span> 
     </span>
     <span class='ocr_line' id='line_1_44' title="bbox 68 3213 1859 3325; baseline 0.002 -14.896"><span class='ocrx_word' id='word_1_359' title='bbox 68 3216 168 3276; x_wconf 73' lang='grc'><strong>’363</strong></span> <span class='ocrx_word' id='word_1_360' title='bbox 192 3213 482 3320; x_wconf 53' lang='lat' dir='ltr'>(23)—E}g{e(13n</span> <span class='ocrx_word' id='word_1_361' title='bbox 514 3269 790 3311; x_wconf 85' lang='lat' dir='ltr'>sententiam</span> <span class='ocrx_word' id='word_1_362' title='bbox 820 3273 1057 3324; x_wconf 85' lang='lat' dir='ltr'>proposuit</span> <span class='ocrx_word' id='word_1_363' title='bbox 1088 3273 1228 3313; x_wconf 73' lang='lat' dir='ltr'>etiam</span> <span class='ocrx_word' id='word_1_364' title='bbox 1260 3273 1306 3311; x_wconf 90' lang='lat' dir='ltr'>in</span> <span class='ocrx_word' id='word_1_365' title='bbox 1339 3271 1476 3325; x_wconf 84' lang='lat' dir='ltr'>Gorg.</span> <span class='ocrx_word' id='word_1_366' title='bbox 1508 3274 1590 3314; x_wconf 84' lang='lat'>526</span> <span class='ocrx_word' id='word_1_367' title='bbox 1612 3273 1648 3313; x_wconf 93' lang='grc' dir='ltr'>Β</span> <span class='ocrx_word' id='word_1_368' title='bbox 1682 3276 1727 3313; x_wconf 89' lang='lat' dir='ltr'>et</span> <span class='ocrx_word' id='word_1_369' title='bbox 1746 3272 1859 3325; x_wconf 87' lang='lat' dir='ltr'>Rep.</span> 
     </span>
     <span class='ocr_line' id='line_1_45' title="bbox 21 3326 1860 3383; baseline -0.001 -15"><span class='ocrx_word' id='word_1_370' title='bbox 21 3350 30 3383; x_wconf 67' lang='lat' dir='ltr'>i</span> <span class='ocrx_word' id='word_1_371' title='bbox 86 3328 142 3368; x_wconf 91' lang='lat' dir='ltr'>X.</span> <span class='ocrx_word' id='word_1_372' title='bbox 175 3340 217 3379; x_wconf 90' lang='lat' dir='ltr'>p.</span> <span class='ocrx_word' id='word_1_373' title='bbox 240 3328 322 3367; x_wconf 85' lang='lat'>614</span> <span class='ocrx_word' id='word_1_374' title='bbox 344 3326 378 3366; x_wconf 87' lang='lat' dir='ltr'>C</span> <span class='ocrx_word' id='word_1_375' title='bbox 401 3338 467 3378; x_wconf 86' lang='lat' dir='ltr'>sq.</span> <span class='ocrx_word' id='word_1_376' title='bbox 500 3329 627 3367; x_wconf 78' lang='lat' dir='ltr'>iuxta</span> <span class='ocrx_word' id='word_1_377' title='bbox 652 3339 751 3366; x_wconf 89' lang='lat' dir='ltr'>cum</span> <span class='ocrx_word' id='word_1_378' title='bbox 774 3326 900 3379; x_wconf 84' lang='lat' dir='ltr'>aliis,</span> <span class='ocrx_word' id='word_1_379' title='bbox 934 3329 1008 3380; x_wconf 91' lang='lat' dir='ltr'>qui</span> <span class='ocrx_word' id='word_1_380' title='bbox 1033 3328 1226 3376; x_wconf 77' lang='grc' dir='ltr'><strong><em>νεκυίας</em></strong></span> <span class='ocrx_word' id='word_1_381' title='bbox 1250 3331 1550 3382; x_wconf 85' lang='lat' dir='ltr'>scripserunt,</span> <span class='ocrx_word' id='word_1_382' title='bbox 1574 3334 1625 3369; x_wconf 87' lang='lat' dir='ltr'>ut</span> <span class='ocrx_word' id='word_1_383' title='bbox 1645 3328 1860 3370; x_wconf 83' lang='lat' dir='ltr'>Aeschin.</span> 
     </span>
     <span class='ocr_line' id='line_1_46' title="bbox 20 3383 1193 3436; baseline -0.003 -12"><span class='ocrx_word' id='word_1_384' title='bbox 20 3390 29 3418; x_wconf 65' lang='grc' dir='ltr'><em>ἵ</em></span> <span class='ocrx_word' id='word_1_385' title='bbox 89 3384 263 3424; x_wconf 82' lang='lat' dir='ltr'>Socrat.</span> <span class='ocrx_word' id='word_1_386' title='bbox 297 3383 370 3435; x_wconf 83' lang='lat' dir='ltr'>qui</span> <span class='ocrx_word' id='word_1_387' title='bbox 400 3387 592 3424; x_wconf 83' lang='lat' dir='ltr'>vocatur</span> <span class='ocrx_word' id='word_1_388' title='bbox 625 3383 670 3422; x_wconf 89' lang='lat' dir='ltr'>in</span> <span class='ocrx_word' id='word_1_389' title='bbox 700 3383 903 3424; x_wconf 86' lang='lat' dir='ltr'>Axioeho</span> <span class='ocrx_word' id='word_1_390' title='bbox 934 3398 975 3436; x_wconf 89' lang='lat' dir='ltr'>p.</span> <span class='ocrx_word' id='word_1_391' title='bbox 1009 3386 1089 3425; x_wconf 84' lang='lat'>371</span> <span class='ocrx_word' id='word_1_392' title='bbox 1125 3397 1193 3436; x_wconf 85' lang='lat' dir='ltr'>sq.</span> 
     </span>
    </p>
   </div>
   <div class='ocr_carea' id='block_1_7' title="bbox 199 3438 1744 3495">
    <p class='ocr_par' dir='ltr' id='par_1_12' title="bbox 199 3438 1744 3495">
     <span class='ocr_line' id='line_1_47' title="bbox 199 3438 1744 3495; baseline -0.001 -14"><span class='ocrx_word' id='word_1_393' title='bbox 199 3438 247 3491; x_wconf 85' lang='lat'>3)</span> <span class='ocrx_word' id='word_1_394' title='bbox 276 3438 465 3483; x_wconf 80' lang='lat' dir='ltr'>Advers.</span> <span class='ocrx_word' id='word_1_395' title='bbox 500 3441 671 3482; x_wconf 74' lang='lat' dir='ltr'>Gentes</span> <span class='ocrx_word' id='word_1_396' title='bbox 702 3440 761 3480; x_wconf 87' lang='grc' dir='ltr'>ΙΙ.</span> <span class='ocrx_word' id='word_1_397' title='bbox 797 3452 833 3479; x_wconf 86' lang='lat' dir='ltr'>c.</span> <span class='ocrx_word' id='word_1_398' title='bbox 868 3441 932 3481; x_wconf 78' lang='lat'>14.</span> <span class='ocrx_word' id='word_1_399' title='bbox 964 3454 1008 3494; x_wconf 84' lang='lat' dir='ltr'>p.</span> <span class='ocrx_word' id='word_1_400' title='bbox 1040 3441 1111 3493; x_wconf 89' lang='grc'>57,</span> <span class='ocrx_word' id='word_1_401' title='bbox 1144 3455 1183 3484; x_wconf 84' lang='lat' dir='ltr'>c.</span> <span class='ocrx_word' id='word_1_402' title='bbox 1217 3443 1283 3484; x_wconf 89' lang='lat'>30.</span> <span class='ocrx_word' id='word_1_403' title='bbox 1316 3455 1358 3495; x_wconf 90' lang='lat' dir='ltr'>p.</span> <span class='ocrx_word' id='word_1_404' title='bbox 1395 3444 1460 3484; x_wconf 94' lang='grc'>70.</span> <span class='ocrx_word' id='word_1_405' title='bbox 1495 3441 1564 3483; x_wconf 83' lang='lat' dir='ltr'>ed.</span> <span class='ocrx_word' id='word_1_406' title='bbox 1599 3441 1744 3482; x_wconf 87' lang='lat' dir='ltr'>Orell.</span> 
     </span>
    </p>
   </div>
  </div>
 </body>
</html>
