2158 3718
788 133 1048 178 PHAEno
1079 149 1125 191 p.
1157 138 1226 178 68.

1807 83 1909 183 125

88 258 268 342 xascios,
315 272 391 337 (ὃς
440 274 635 341 λέγεις.
703 264 821 342 Ἆρ’
872 264 1005 341 οὖν,
1053 275 1188 342 ἔφη,
1238 265 1286 326 ai
1332 273 1572 340 Σιμμία,
1622 266 1692 323 οὐ
1738 270 1832 322 καὶ
1876 267 1910 338 ἡ

133 358 508 428 ὀνομαζομένη
570 355 802 424 ἀνδρεία
828 376 830 378 ’
861 366 977 419 τοϊς
1036 355 1183 411 οὕτω
1211 403 1219 407 .
1247 356 1615 424 διακειμένοις
1674 354 1912 422 μάλιστα

247 507 512 579 ἄρδρεία]
556 513 666 555 Ven.
697 513 794 559 ΛΞ
819 514 913 555 Par.
937 513 1045 566 CHI
1082 515 1193 560 Flor.
1222 529 1248 556 a
1269 528 1291 555 c
1313 515 1373 555 di
1394 526 1434 553 m
1463 513 1558 554 Zitt.
1589 524 1685 552 cum
1719 511 1840 552 Bass.
1870 517 1913 550 et

136 571 230 613 Ald.
260 569 457 624 ανδρία,
502 571 615 620 quod
645 580 684 609 et
712 570 779 609 hic
809 579 848 610 et
875 581 1026 624 postea
1053 571 1252 625 plausum
1280 571 1375 611 tulit
1404 570 1588 610 Bekkeri
1609 576 1648 607 et
1668 567 1909 608 Turicenss.

134 627 221 669 Nos
243 640 319 667 cur
339 634 580 666 constanter
609 618 812 681 ἀνδρεία
843 627 1156 680 scripserimus,
1179 628 1280 668 alibi
1300 629 1406 668 satis
1427 626 1622 666 videmur
1643 623 1912 677 exposuisse.

132 746 186 794 τὸ
209 746 477 806 φιλήδονον
507 753 634 793 etiam
661 760 878 804 tamquam
899 761 981 793 ter-

121 812 238 849 ·tium
256 809 457 859 quiddam
474 809 698 861 cogitando
720 810 821 849 addi
840 810 978 853 liceat.

135 865 266 914 Quasi
285 877 384 905 vero
411 865 528 905 Plato
552 877 634 905 non
657 865 891 906 clarissime
913 867 978 906 in-

132 923 339 962 dicaverit
365 922 448 962 duo
474 921 980 973 tantumvitia,honorum

134 978 381 1031 cupiditatis
418 986 458 1017 et
497 978 738 1018 divitiarum
775 978 978 1028 studium,

134 1034 418 1084 intellegenda
441 1046 535 1074 0550
560 1034 716 1073 additis
739 1035 863 1072 etiam
884 1047 980 1074 ver-

135 1092 222 1130 bis:
254 1081 362 1143 ἥτοι
391 1084 449 1130 τὰ
479 1084 616 1141 ἕτερα
644 1083 824 1131 τούτων
845 1080 877 1143 ἢ
896 1087 980 1131 καὶ

132 1138 382 1200 ἀμφότερα
396 1177 407 1198 ,
435 1152 508 1185 aut
529 1147 651 1197 quasi
671 1146 867 1185 voculam
887 1159 981 1187 που

105 1224 117 1234 κ
135 1203 214 1243 1510
255 1214 386 1242 5011511
426 1201 624 1254 positam'
649 1214 743 1242 0550
782 1203 982 1254 cuiquam

134 1259 338 1299 credibile
357 1258 492 1299 videri
514 1264 653 1308 queat.

182 1303 282 1368 Ἆρ’
304 1336 358 1344 —-
399 1306 463 1356 οὗ
486 1311 587 1355 καὶ
625 1308 654 1368 ἡ
697 1308 981 1369 ὀνομαζο-

134 1368 277 1425 μένη
300 1363 568 1424 ἀνδρεία]
593 1371 691 1411 Tria
707 1371 983 1425 potissimum

134 1427 454 1470 distinxitPlato
475 1427 644 1468 virtutis
664 1440 833 1480 genera.
857 1427 983 1468 Prae-

133 1484 445 1524 stantissimum
469 1484 580 1523 enim
599 1483 712 1524 illius
734 1496 871 1536 genus
891 1485 984 1538 phi-

133 1539 340 1594 losophus
370 1539 492 1580 duxit
519 1540 638 1591 illud,
672 1541 786 1592 quod
815 1542 922 1582 duce
944 1549 984 1581 et

136 1598 340 1650 magistra
360 1597 521 1636 ratione
543 1597 752 1638 coleretur
774 1605 814 1637 01
836 1610 889 1638 ex
909 1610 984 1638 ve-

136 1653 269 1693 ritatis
331 1653 509 1694 scientia
558 1660 685 1705 atque
744 1654 985 1708 cognitione

134 1717 351 1761 tamquam
370 1717 521 1763 sponte
539 1709 984 1759 effloresceret.Qnam

137 1766 309 1817 quidem
347 1767 545 1806 virtutem
586 1767 682 1807 unis
717 1766 983 1820 philosophis

134 1822 269 1863 voluit
329 1834 423 1863 esse
481 1823 707 1876 propriam.
774 1824 985 1872 Quorsum

136 1886 330 1932 spectant
368 1879 554 1919 maxime
594 1880 720 1919 etiam
762 1892 831 1932 ea,
877 1892 986 1930 quae

134 1935 205 1975 hic
226 1935 279 1976 de
299 1934 650 1988 philosophorum
671 1936 824 1976 virtute
845 1937 984 1977 disse-

136 1997 307 2040 runtur,
355 1999 551 2045 spectant
588 1993 691 2032 item
730 1993 826 2044 illa,
877 2005 986 2043 quae

127 2047 308 2091 ‘rheaet
328 2060 370 2102 Ρ.
395 2049 475 2090 173
498 2047 528 2088 C
550 2061 643 2100 sqq.
668 2062 711 2102 p.
735 2049 816 2090 176
837 2049 869 2088 Β
891 2061 984 2101 sqq.

139 2106 424 2157 disputantur,
447 2104 520 2145 ubi
539 2106 758 2158 praeclara
780 2106 986 2158 sapientis

137 2162 279 2212 imago
310 2161 560 2214 proponitur
588 2162 631 2200 in
658 2161 784 2202 huius
820 2162 986 2202 virtutis

138 2217 302 2266 studio,
334 2216 449 2268 quod
477 2217 532 2257 ad
559 2209 648 2270 τὴν
675 2210 903 2271 ὁμοίωσιν
922 2216 985 2274 τῷ

137 2271 242 2330 θεῷ
284 2273 490 2326 perducit,
532 2274 657 2312 unice
697 2275 907 2327 occupati.
944 2286 986 2318 v.

139 2331 266 2370 etiam
285 2329 347 2369 De
367 2329 473 2382 Rep.
495 2330 549 2369 V.
572 2342 615 2383 p.
631 2331 714 2371 473
735 2330 767 2370 B
789 2343 882 2382 sqq.
912 2331 987 2372 VI.

139 2399 183 2440 p.
206 2386 291 2428 484
311 2398 404 2437 sqq.
446 2386 553 2425 Huic
582 2397 683 2426 vero
705 2387 988 2440 praestantis-

139 2444 274 2482 simae
293 2442 456 2482 virtutis
474 2442 620 2496 generi
639 2450 855 2495 tamquam
878 2456 899 2483 e
920 2456 988 2484 re-

139 2500 266 2552 gione
305 2499 448 2551 posuit
487 2498 684 2551 alterum,
716 2499 830 2551 quod
859 2500 988 2540 disci—

141 2555 258 2609 plina
297 2555 583 2606 acquireretur
622 2563 747 2607 atque
784 2556 989 2597 adsuetu-

141 2612 240 2651 dine
270 2611 540 2664 potissimum
564 2620 602 2651 et
625 2612 891 2653 oboedientia
911 2614 986 2653 bo-

141 2668 209 2708 nis
248 2666 415 2720 legibus
457 2676 498 2708 et
536 2669 739 2710 institutis
785 2670 988 2722 praestita

139 2724 439 2767 contineretur.
492 2724 627 2773 Quam
656 2725 853 2766 virtutem
881 2726 990 2766 dixit

141 2773 410 2833 δημοτικὴν
431 2777 514 2821 καὶ
534 2774 802 2835 πολιτικήν,
820 2793 847 2834 p
860 2795 987 2835 opu·

142 2837 305 2876 larem
346 2845 386 2876 et
426 2837 656 2882 civilem.
705 2838 808 2878 Eam
848 2846 989 2878 autem

143 2893 307 2932 censuit
348 2904 373 2931 a
414 2893 614 2935 scientiae
656 2903 696 2934 et
737 2895 988 2947 cognitionis

144 2948 271 2988 laude
309 2947 522 2999 aliquanto
563 2951 830 2991 remotiorem
858 2951 989 2992 adeo-

145 3016 227 3056 que
268 3004 537 3044 coniunctam
578 3018 673 3046 esse
713 3013 752 3046 et
780 3019 912 3060 posse
952 3015 992 3047 et

141 3060 282 3101 solere
323 3072 420 3100 cum
459 3059 653 3101 illiberali
688 3070 728 3102 et
766 3061 990 3104 inhonesto

143 3116 461 3156 commodorum
507 3126 547 3156 et
589 3118 814 3158 utilitatum
851 3120 991 3160 studio

146 3173 397 3213 mendaeem
439 3184 488 3212 ac
528 3172 836 3214 fraudulentam
867 3188 994 3216 verae

143 3241 456 3281 germanaeque
498 3230 664 3270 virtutis
714 3231 991 3272 imitatricem.

149 3285 196 3325 ld
218 3285 330 3335 quod
353 3284 548 3325 Socrates
569 3286 611 3325 ll.
630 3286 657 3329 1.
681 3286 815 3327 docet.
841 3287 993 3336 Quam-

148 3342 289 3381 obrem
313 3354 390 3380 nec
412 3341 619 3382 dubitavit
642 3354 727 3389 eos,
748 3343 819 3394 qui
840 3343 900 3383 illi
920 3345 994 3383 uni

151 3397 282 3436 dediti
313 3407 478 3445 essent,
509 3397 603 3440 τῶν
625 3393 823 3451 φαύλων
850 3400 996 3452 generi

148 3452 387 3493 adscribere
414 3453 523 3494 infra
545 3468 585 3509 p.
611 3455 662 3496 81
685 3455 719 3495 D
750 3461 789 3495 et
818 3468 861 3508 p.
883 3456 936 3496 82
958 3458 995 3496 A

1066 768 1130 806 sq.
1173 755 1265 795 coll.
1307 766 1349 806 p.
1373 754 1427 794 69
1448 751 1496 800 Β,
1538 751 1610 792 ubi
1648 751 1700 790 iis
1741 742 1914 802 ἀρετῆς

1067 809 1366 865 σκιαγραφία
1395 808 1607 848 tribuitur.
1650 806 1915 857 Quamquam

1066 868 1144 908 1100
1165 867 1332 908 virtutis
1349 877 1484 919 genus
1502 863 1748 915 neutiquam
1770 861 1915 914 negle-

1065 925 1252 976 gendum
1272 930 1345 962 ant
1360 919 1714 961 contemnendum
1732 918 1914 958 censuit.

1067 978 1148 1020 Cui
1170 979 1249 1019 etsi
1270 991 1345 1032 per
1366 990 1412 1017 50
1434 983 1624 1029 spectato
1646 975 1769 1015 facile
1789 973 1915 1014 intel-

1066 1036 1169 1076 lexit
1189 1036 1343 1075 deesse
1362 1032 1598 1072 firmitatem
1619 1031 1735 1070 illam
1757 1038 1797 1069 ct
1817 1042 1915 1070 0011-

1067 1092 1287 1141 stantiam,
1319 1101 1428 1141 quae
1456 1089 1508 1128 ab
1538 1086 1784 1140 exploratae
1806 1086 1917 1126 veri-

1067 1149 1168 1188 tatis
1210 1146 1388 1187 scientia
1430 1152 1470 1184 et
1517 1144 1716 1188 interiore
1763 1142 1916 1182 mentis

1067 1204 1282 1254 animique
1311 1200 1590 1256 persuasione
1623 1198 1918 1253 proficiscere—

1067 1269 1156 1312 tur,
1208 1267 1367 1310 tamen,
1399 1257 1599 1308 quoniam
1637 1256 1793 1308 vulgus
1842 1255 1919 1294 vix

1069 1317 1196 1370 altius
1238 1315 1362 1357 educi
1399 1321 1567 1368 posset,
1610 1312 1666 1352 ad
1705 1310 1918 1366 publicam

1067 1373 1224 1428 pariter
1245 1380 1372 1424 atque
1391 1370 1603 1425 privatam
1620 1369 1800 1409 salutem
1821 1367 1915 1420 plu-

1029 1454 1033 1457 -
1068 1431 1222 1470 rimum
1243 1428 1386 1469 valere
1403 1426 1673 1468 existimavit.
1715 1424 1919 1473 Quocirca

1071 1499 1144 1528 eos
1186 1497 1333 1526 omnes
1373 1483 1589 1538 praeclare
1624 1482 1678 1522 de
1706 1481 1919 1522 communi

1069 1543 1206 1584 salute
1234 1542 1387 1581 mereri
1412 1539 1637 1588 iudicavit,
1670 1538 1743 1588 qui
1769 1537 1918 1577 civita-

1069 1608 1134 1640 tes
1157 1599 1282 1640 bonis
1298 1598 1464 1651 legibus
1481 1602 1765 1648 temperarent
1786 1605 1919 1644 eaque

1069 1656 1235 1697 ratione
1250 1654 1443 1695 homines
1462 1653 1517 1693 ad
1531 1663 1696 1692 morum
1717 1650 1922 1691 honesta·-

1070 1721 1155 1753 tem
1177 1719 1217 1752 01
1238 1710 1473 1752 officiorum
1490 1709 1755 1749 sanctitatem
1777 1707 1918 1747 colen-

1071 1770 1169 1810 dam
1207 1767 1502 1822 perducerent.
1570 1765 1631 1805 De
1671 1776 1754 1814 qua
1794 1775 1839 1802 re
1878 1775 1920 1803 v.

1071 1825 1219 1879 Symp.
1250 1838 1294 1878 p.
1322 1825 1404 1865 209
1426 1821 1522 1862 AD.
1563 1821 1625 1861 De
1653 1822 1759 1873 Rep.
1782 1820 1854 1860 VI.
1877 1832 1920 1872 p.

1070 1884 1154 1923 500
1174 1882 1223 1922 D.
1264 1882 1355 1922 VII.
1379 1892 1423 1932 p.
1452 1879 1534 1919 518
1556 1878 1604 1920 D.
1648 1877 1786 1927 Atque
1812 1875 1922 1916 hanc

1073 1940 1125 1979 ob
1164 1948 1335 1977 causam
1377 1936 1502 1975 etiam
1540 1935 1656 1987 ipse,
1699 1945 1795 1972 011111
1822 1931 1922 1971 011111

1071 1994 1268 2034 finxisset
1297 2004 1388 2032 eam
1417 1990 1737 2045 rempublicam,
1769 1989 1812 2028 in
1839 1999 1923 2038 qua

1072 2050 1358 2105 perfectorum
1388 2048 1643 2102 sapientium
1672 2046 1778 2086 ratio
1812 2051 1924 2084 tam-

1074 2119 1205 2158 quam
1226 2099 1369 2159 νόμος
1392 2100 1604 2158 ἔμψυχος
1628 2101 1708 2154 (Βο
1728 2101 1920 2155 Rep.lV.

1072 2163 1253 2217 p.423D
1265 2175 1357 2214 sqq.
1379 2161 1545 2202 Politic.
1567 2160 1704 2212 p.294
1716 2157 1774 2209 A)
1797 2159 1923 2198 unice

1073 2220 1244 2266 valeret,
1267 2216 1675 2272 posteafaciendum
1693 2215 1854 2266 statuit,
1877 2219 1923 2254 ut

1074 2288 1182 2328 opus
1221 2275 1383 2327 Legum
1424 2278 1716 2326 componeret,
1757 2271 1800 2310 in
1836 2282 1922 2322 quo

1075 2332 1259 2385 optimae
1288 2331 1404 2384 leges
1435 2337 1784 2383 proponerentur,
1815 2338 1922 2378 quae

1074 2396 1218 2429 essent
1239 2387 1394 2427 mentis
1422 2385 1680 2435 rationisque
1707 2390 1923 2434 tamquam

1072 2445 1270 2485 vicariae.
1293 2443 1426 2497 Legg.
1449 2443 1522 2483 IV.
1544 2455 1587 2495 p.
1611 2442 1694 2482 713
1713 2440 1759 2482 E.
1785 2441 1865 2481 715
1876 2440 1922 2482 B.

1074 2501 1169 2542 XII.
1193 2514 1236 2554 p.
1261 2501 1359 2542 957.
1387 2499 1575 2539 Tertium
1597 2504 1816 2551 praeterea
1837 2497 1923 2535 vir-

1074 2558 1178 2598 tutis
1218 2569 1354 2609 genus
1392 2555 1510 2595 Plato
1547 2554 1668 2604 quasi
1707 2553 1926 2594 fortuitum

1077 2626 1172 2654 0550
1192 2613 1347 2664 voluit,
1375 2613 1534 2665 quippe
1555 2609 1670 2662 quod
1690 2610 1924 2650 continere-

1074 2678 1143 2711 tur
1172 2677 1347 2710 naturae
1378 2676 1418 2708 et
1445 2667 1605 2720 ingenii
1626 2665 1809 2716 quadam
1830 2664 1924 2705 feli-

1076 2727 1215 2775 citate,
1239 2737 1360 2777 quae,
1381 2724 1483 2777 quid
1501 2735 1662 2771 verum,
1679 2723 1839 2762 bonum
1861 2729 1923 2761 at·

1077 2795 1158 2835 que
1198 2783 1299 2822 utile
1342 2789 1471 2834 esset,
1512 2781 1619 2820 mira
1648 2778 1854 2820 facilitate
1885 2785 1926 2818 et

1078 2839 1293 2880 celeritate
1341 2839 1543 2890 reperiret
1591 2837 1774 2886 ideoque
1820 2834 1927 2875 illud

1075 2896 1220 2936 tribuit
1258 2894 1378 2949 θείᾳ
1416 2891 1512 2936 τινὶ
1556 2892 1716 2947 μοίρᾳ.
1775 2891 1928 2931 Nititur

1079 2952 1205 3005 igitur
1231 2951 1336 2992 illud
1363 2952 1550 2991 maxime
1578 2957 1690 2990 recte
1726 2947 1927 3002 opinandi

1075 3008 1338 3058 feliciterque
1416 3006 1634 3048 divinandi
1708 3004 1925 3054 facultate,

1078 3076 1207 3116 quam
1247 3057 1475 3116 εὐδοξίαν
1504 3068 1628 3104 vocat
1665 3059 1725 3114 (v,
1755 3060 1924 3100 Menon.

1078 3121 1388 3175 p.96D—100
1399 3119 1473 3173 D),
1497 3119 1708 3169 habetque
1730 3122 1928 3156 rectam

1081 3177 1382 3230 opinionem
1425 3169 1596 3228 (δόξαν
1636 3167 1812 3228 ὀρθήν)
1853 3185 1926 3213 50-

1079 3233 1187 3272 ciam
1216 3240 1256 3273 et
1285 3233 1544 3274 adiutricem.
1594 3231 1715 3279 Quod
1755 3229 1925 3280 quidem

1078 3290 1250 3330 virtutis
1271 3301 1406 3342 genus
1426 3289 1505 3329 etsi
1525 3285 1805 3341 philosophus
1823 3286 1923 3325 sub-

1080 3346 1181 3386 inde
1209 3346 1368 3386 urbane
1399 3344 1617 3384 cavillatur
1644 3343 1784 3383 ridens
1806 3341 1927 3380 vide-

1084 3402 1181 3441 licet
1201 3402 1317 3442 viros
1347 3401 1495 3441 civiles
1518 3400 1708 3450 aliosque
1732 3399 1773 3437 id
1791 3409 1925 3449 genus

1082 3456 1276 3497 homines
1303 3457 1373 3497 tali
1392 3457 1544 3497 virtute
1565 3456 1755 3496 fastuose
1774 3464 1924 3505 super-
