2158 3718
550 163 1059 218 SYMPosmM.
1100 175 1154 231 p.
1188 165 1292 214 189
1329 165 1404 214 st.
1738 166 1808 218 υ

133 307 461 382 τελούμενος
498 311 614 365 ,καὶ
672 307 806 382 παρ’
857 306 988 380 ἡμῖν
1045 311 1135 365 καὶ
1189 307 1342 380 παρὰ
1370 294 1594 376 ᾖθεοῖς,
1647 304 1837 378 οὗτος·

134 391 238 461 τὴν
278 398 538 466 μεγίστηνΙ
576 390 809 464 δύναμιν
851 397 955 465 ἔχει
997 396 1087 448 καὶ
1144 395 1334 449 πᾶσαν
1385 392 1518 465 ἡμῖν
1556 393 1808 466 εὐδαιμο-

135 482 280 533 νίαν.
306 474 704 550 παρασκευάζει
758 481 848 533 καὶ
912 475 1174 545 ἀλλήλοις
1228 477 1807 550 δυναμένους.ὁμιλεῖν

135 565 228 617 καὶ
270 565 464 636 φίλους
508 558 646 617 εἶναι
688 567 780 617 καὶ
824 573 942 626 τοῖς
983 566 1282 633 κρείττοσιν
1325 560 1480 634 ἡμῶν
1523 566 1699 627 θεοῖς.

244 641 402 710 Ἴσως
439 650 540 719 μὲν
585 638 687 702 οὖν
725 650 816 701 καὶ
861 643 1089 713 ἐγώτὸν
1117 642 1332 718 ’Έρωτα
1360 650 1600 706 ἐπαινῶν
1626 646 1803 702 πολλὰ
1853 664 1896 712 Ε

132 732 484 803 παραλείπω,
538 729 604 786 οὐ
646 735 835 799 μέντοι
877 729 1012 785 ἑκών
1047 752 1123 800 γε.
1166 729 1291 785 ἀλλ’
1362 731 1410 787 εἴ
1452 753 1503 786 τι
1544 731 1803 798 ἐξέλιπον,

130 810 231 868 σὸν
274 816 461 888 ἔργον,
513 808 553 870 ὦ
593 812 1001 889 Ἀριστόφανες,
1037 806 1462 887 ἀναπληρῶσαι·
1525 812 1560 882 ἢ
1606 815 1654 870 εἴ
1694 838 1807 881 πως

126 893 308 962 ἄλλως
353 905 412 953 ὲν
453 903 530 970 νῷ
573 903 708 971 ἔχει-ς
750 898 1094 970 ἐγκωμιάζειν
1138 895 1458 966 τὸνθεόν,
1500 903 1807 972 ἑγκωμίαζε,

129 979 312 1048 ἐπειδὴ
355 986 449 1038 καὶ
492 986 591 1050 τῆς
629 980 827 1052 λυγγὸς
868 987 1160 1038 πέπαυσαι.

237 1063 634 1138 .Ἐκδεξάμενον
677 1059 779 1121 οὖν
826 1071 929 1140 ἔφη
956 1072 1123 1121 εἰπεῖν
1147 1062 1248 1120 τὸν
1275 1063 1672 1141 Ἀριστοφάνη,
1718 1065 1807 1123 ὅτι
1844 1074 1947 1126 189

135 1149 249 1202 Καὶ
289 1148 422 1219 μάλ’
472 1149 771 1214 ἐπαύσατο,
818 1148 884 1206 οὐ
929 1155 1114 1220 μέντοι
1161 1153 1291 1222 πρίν
1333 1170 1392 1219 γε
1427 1147 1522 1204 τὸν
1549 1149 1807 1222 πταρμὸν

120 1236 580 1305 προςενεχθῆναι
623 1232 794 1310 αὐτῆ,
840 1230 972 1296 ὥςτε
1013 1255 1080 1304 με
1125 1231 1470 1328 θαυμάζειν,
1515 1241 1558 1289 ει
1606 1232 1669 1290 τὸ
1712 1234 1808 1291 κό-

127 1335 291 1388 σμιον
347 1321 448 1372 τοῦ
504 1317 760 1390 σώματος
813 1321 1077 1388 ἐπιθυμεῖ
1128 1315 1396 1372 τοιούτων
1453 1318 1662 1394 ψόφων
1713 1324 1805 1376 καὶ

126 1404 542 1473 γαργαλισμῶν,
607 1400 730 1458 οἷον
783 1404 875 1457 καὶ
934 1398 964 1457 ὁ
1027 1399 1280 1501 πταρμός
1317 1407 1462 1455 ἐστι·
1511 1402 1657 1458 πάνυ
1697 1401 1837 1478 γαρ

128 1481 306 1550 εὐθυς
346 1483 644 1552 ἐπαύσατο,
686 1483 868 1552 ἐπειδὴ
914 1483 1065 1556 αὐτῷ
1098 1483 1197 1541 τὸν
1224 1483 1480 1558 πταρμὸν
1509 1490 1806 1560 προςήνεγ-

126 1589 216 1632 κα.
302 1571 420 1624 Καὶ
479 1567 578 1625 τὸν
625 1568 1010 1642 Ἐρυξίμαχον,
1051 1561 1128 1624 ⁷52
1168 1566 1359 1639 ’γαθέ,
1414 1567 1621 1643 φάναι,
1659 1571 1804 1644 Ἀρι-

125 1650 415 1728 στόφανες,
459 1651 568 1726 ὅρα
611 1657 666 1709 τί
706 1663 910 1718 ποιεῖς·
953 1656 1333 1724 γελωτοποιεῖς
1368 1656 1577 1724 μέλλων
1619 1659 1804 1727 λέγειν,

124 1830 265 1860 mann.
295 1816 393 1872 περὶ
424 1819 544 1859 uncis
577 1818 761 1860 seclusit.
825 1817 942 1861 Idem
974 1830 1078 1859 mox
1106 1815 1206 1863 τοῦς
1229 1816 1419 1872 Ἔρωτας
1439 1821 1540 1871 post
1556 1819 1800 1861 ἐπισκοπεῖν

120 1879 169 1917 ut
199 1874 254 1916 de
283 1875 547 1929 glossemate
577 1882 823 1931 suspectum
856 1876 976 1917 uncis
1008 1874 1299 1916 circumdedit.

209 1948 293 1989 D.
350 1947 436 1988 καὶ
466 1946 724 2000 ἀλλήλοις
754 1949 1107 1998 δυναμένους]
1141 1947 1263 1988 vind.
1284 1947 1324 1990 2.
1356 1951 1398 1988 et
1417 1959 1523 1988 corr
1559 1946 1691 1989 Coisl·
1719 1949 1797 1990 δυ-

123 2009 337 2060 ναμένοις.
389 2005 479 2046 Sed
518 2011 637 2048 reete
675 2021 722 2047 se
765 2006 891 2048 habet
928 2006 1210 2047 accusativus.
1269 2004 1431 2046 Deinde
1467 2003 1538 2044 καὶ
1578 2010 1677 2047 ante
1706 2011 1798 2054 τοῖς

121 2064 359 2119 κρείττοσιν
390 2063 638 2105 Ruckertus
674 2066 804 2105 deleri
839 2065 941 2105 vult.
1002 2066 1059 2104 At
1089 2063 1322 2117 respondet
1351 2063 1423 2102 καὶ
1450 2059 1660 2112 ἀλλήλοις.

234 2134 288 2175 Ε.
349 2134 535 2186 ἐπειδὴ
569 2135 658 2175 καὶ
686 2140 778 2187 τῆς
810 2135 1009 2190 λυγγὸς
1042 2140 1181 2186 nen-J
1217 2136 1335 2177 Unus
1354 2133 1501 2188 steph.
1535 2131 1605 2172 καὶ
1635 2134 1794 2188 omisit,

118 2191 236 2245 quod
268 2191 394 2232 deest
431 2193 558 2234 etiam
589 2193 629 2234 in
661 2193 824 2238 Veri-¹*
788 2208 833 2234 .-

138 2295 140 2297 -
235 2262 419 2306 P.189·
479 2263 653 2304 εἰπεῖν
686 2264 781 2305 τὸν
805 2261 1200 2317 Ἀριστοφάνη]
1232 2263 1306 2304 Sic,
1335 2262 1478 2304 Bodl.¹
1495 2263 1588 2305 Vat.
1609 2262 1662 2304 A.
1690 2263 1798 2304 Ven.

122 2321 167 2362 Ξ.
193 2321 294 2362 Par.
303 2320 396 2361 DF.
424 2321 570 2362 Ambr.
593 2324 694 2374 Ang
708 2334 751 2362 u.
763 2334 813 2363 w.
835 2322 932 2362 Vnt.
947 2335 984 2361 n.
997 2335 1036 2375 p.
1052 2334 1085 2361 r.
1097 2327 1128 2361 t
1154 2319 1266 2361 Flor
1282 2321 1322 2361 b.
1339 2321 1364 2361 i.
1419 2320 1543 2360 Olim
1582 2320 1802 2361 scribeba-

120 2383 193 2420 tur
215 2377 450 2432 Ἀριστοφᾰ
456 2394 527 2430 ννη
538 2392 665 2431 ‚qua
698 2378 832 2420 forma
867 2378 996 2419 Plato
1025 2378 1278 2419 abstinuisse
1308 2377 1490 2418 ιίἀεῐυτ.

234 2443 354 2489 οἷον
383 2449 473 2488 και
504 2447 527 2489 ὅ
561 2449 834 2505 πταριιός]
872 2450 999 2491 Bodl.
1035 2461 1163 2505 supra
1193 2461 1364 2490 versum
1396 2443 1509 2499 οἴζος
1545 2447 1691 2488 addita
1723 2458 1799 2487 an-

119 2509 212 2548 not.
236 2516 366 2560 unffi.
417 2505 489 2547 διὰ
541 2523 655 2549 συντ,
671 2538 684 2560 ,
732 2508 874 2550 unde
871 2514 1072 2562 apparet
1117 2507 1428 2581 correctionem
1481 2518 1578 2548 esse
1623 2505 1799 2546 alicuius

118 2563 402 2619 grammatici.

108 2702 338 2756 ‚nomini-&¹
369 2705 565 2747 subiecta
595 2711 706 2749 sunt.
808 2725 809 2730 ¹
1061 2705 1121 2747 E.
1142 2703 1327 2757 ἐπειδὴ
1360 2703 1445 2745 καὶ
1475 2708 1567 2756 τῆς
1596 2703 1632 2743 λ.
1664 2700 1796 2757 nfra]

179 2763 230 2804 D.
267 2762 354 2802 καὶ
383 2763 748 2816 δικαιοσύνης
775 2760 801 2802 ἆ
822 2778 917 2804 τιο-
1005 2795 1035 2815 ,,
1055 2763 1271 2804 Particula
1302 2762 1371 2802 καὶ
1406 2776 1429 2803 a
1461 2761 1678 2815 stephano
1705 2760 1798 2802 eiici

120 2818 467 2874 τελούμενος]
499 2820 538 2862 h.
571 2835 608 2864 e.
641 2822 732 2875 qui
764 2821 918 2864 circa
1004 2833 1088 2861 non
1121 2820 1319 2866 debebat.
1358 2819 1464 2861 Nam
1488 2816 1798 2871 Eryximachus
1836 2855 1838 2858 .

121 2877 260 2917 bona
301 2879 575 2930 expletur.
646 2879 722 2919 Sic
761 2876 920 2932 ἆῃοτε-
1005 2878 1192 2919 ostendit
1237 2882 1379 2930 partes
1430 2876 1664 2918 disserendi
1715 2876 1796 2916 iam

121 2933 296 2973 λεῖσθαι
319 2935 418 2988 περί
434 2950 476 2974 τι
507 2937 696 2987 positum
718 2935 782 2976 De
805 2935 917 2988 Rep.
1004 2933 1275 2988 Aristophani
1331 2934 1623 2989 suscipiendas
1682 2947 1794 2983 esse,

122 2989 197 3032 lx.
227 3003 268 3042 p.
296 2988 396 3033 480.
419 2990 472 3031 Ε.
509 2990 673 3033 Phileb.
705 3005 745 3045 p.
767 2990 838 3035 54.
866 2991 920 3033 E.
1003 3004 1088 3033 non
1120 2991 1250 3033 modo
1281 2998 1457 3046 propter
1487 2991 1644 3033 ordinis
1666 2991 1795 3031 ratio-

122 3046 193 3088 ubi
224 3059 262 3087 v.
297 3059 392 3089 ann.
1003 3048 1210 3100 uem‚sed
1233 3049 1394 3091 etiam
1417 3053 1659 3103 propterea,
1678 3045 1794 3112 quod

180 3104 511 3156 δυναμένους
553 3100 797 3155 ὁμιλεῖν]
854 3104 919 3146 De
1003 3106 1256 3160 singultibus
1278 3119 1360 3147 non
1383 3107 1670 3159 impediretur
1697 3103 1793 3154 qui-

121 3160 371 3203 accusativo
415 3163 514 3213 post
552 3158 745 3202 dativum
796 3161 917 3203 illato
1002 3161 1083 3203 bus
1114 3162 1272 3204 sedatis
1289 3164 1557 3217 promisisset
1586 3174 1632 3199 se
1664 3159 1792 3199 verba

119 3232 160 3261 v.
192 3217 246 3260 ad
277 3231 318 3271 p.
343 3216 435 3261 176.
458 3217 509 3258 D.
553 3215 634 3258 Est
667 3222 808 3258 antem
841 3230 918 3259 ac-
1003 3232 1100 3262 esse
1130 3219 1185 3261 de
1219 3222 1377 3262 Amore
1406 3220 1627 3260 facturum.
1641 3218 1671 3238 ‘⁶
1713 3214 1792 3256 Fi-

121 3275 338 3318 cusativus
376 3274 429 3316 ad
471 3271 582 3327 ἡμᾶς
612 3273 918 3316 accommoda·
1002 3275 1192 3319 scheru
1208 3291 1243 3320 s.

121 3337 207 3384 tus,
238 3331 353 3387 quod
385 3331 497 3387 apud
529 3329 693 3387 ὁμιλεῖν
723 3333 918 3387 cogitam-
1059 3334 1113 3377 P.
1154 3333 1246 3378 189.
1308 3329 1434 3380 ὥςτε
1479 3343 1539 3383 με
1584 3325 1793 3380 θαυμά-

121 3388 227 3434 dum
255 3389 514 3444 relinquitur.
1003 3390 1152 3443 ζειν,
1185 3391 1229 3433 εἰ
1270 3387 1330 3431 τὸ
1382 3389 1446 3437 ιι]
1507 3385 1638 3429 Ridet
1677 3398 1791 3439 quae
