2158 3718
737 125 820 168 AD
851 123 1266 169 PHAEDONEM.
1818 124 1889 178 25

114 269 308 321 aliunde
343 271 575 320 arcessita
613 275 660 319 et
694 269 988 334 philosopho
1025 271 1172 319 invito
1210 269 1434 324 obtrusa,
1486 283 1632 331 quam
1679 284 1736 318 ex
1784 269 1887 318 eius

115 341 241 391 libro
269 343 441 391 hausta
468 346 517 389 et
542 341 746 405 repetita
773 341 1042 390 videantur.
1096 341 1221 389 Satis
1249 341 1340 388 erit
1365 340 1444 388 hic
1471 354 1748 389 memorare
1776 354 1886 386 sen-

114 413 291 462 tentias
325 411 626 465 Susemihlii,
662 412 760 459 vim
795 417 839 459 et
877 418 1099 461 naturam
1137 411 1283 459 animi
1320 410 1603 459 inferiorem
1643 411 1694 458 in
1731 410 1886 458 Phae-

115 483 242 531 done
278 481 466 531 recludi
501 481 808 536 arbitrantiS,
846 482 920 529 vel
957 481 1247 537 Steinharti‚
1285 481 1653 545 persuasionem
1691 480 1750 529 de
1785 481 1885 528 ani-

115 566 310 602 morum
337 551 703 601 immortalitate
729 551 1067 616 philosophiae
1094 552 1388 615 principium
1411 566 1517 600 esse
1545 552 1886 600 demonstran-

112 625 187 679 tis,
215 622 290 671 vel
316 623 465 686 ipsius
487 621 941 679 Schleiermacheri,
971 621 1250 687 philosophi
1277 628 1486 670 mortem
1514 622 1889 671 commentantis

111 694 372 756 imaginem
398 693 688 756 primarium
716 699 1058 756 argumentum
1088 707 1194 741 esse
1218 694 1449 757 putantis.
1506 692 1687 741 Deinde
1714 707 1887 740 recen-

112 766 291 813 tiorum
330 764 614 812 criticorum
651 763 711 812 de
748 763 1022 812 Phaedonis
1058 765 1312 826 proposito
1347 763 1522 812 iudicia
1557 762 1642 811 ubi
1679 761 1888 825 amplexi

112 834 375 889 fuerimuS,
404 833 512 882 fieri
539 848 637 881 non
665 836 872 897 poterit,
902 836 1019 898 quin
1047 834 1261 882 universi
1288 835 1450 897 operis
1476 848 1556 881 ars
1582 840 1726 897 atque
1754 848 1888 881 com-

111 905 286 968 positio
315 903 436 953 adeo
464 903 690 952 laborare
718 904 1041 953 existimanda
1069 905 1144 959 sit,
1166 909 1219 951 ut
1240 904 1487 967 quomodo
1515 903 1736 966 singulae
1762 902 1888 951 illius

110 982 277 1039 partes
308 976 438 1023 inter
475 989 526 1022 se
562 990 718 1024 nexae
753 980 798 1023 et
835 975 893 1022 ad
931 990 1083 1023 unum
1120 974 1267 1022 finem
1295 976 1585 1023 coniunctae
1612 975 1709 1022 sint
1733 973 1886 1022 haud-

86 1059 354 1110 quaquam
394 1043 706 1107 intellegatur
749 1060 909 1109 neque
946 1045 1095 1092 totius
1131 1045 1294 1108 operis
1330 1043 1613 1107 simplicitas
1639 1049 1687 1092 et
1713 1059 1888 1092 conve-

110 1117 289 1164 nientia
317 1114 416 1164 ullo
444 1115 590 1163 modo
616 1116 957 1179 perspiciatur.
987 1114 1190 1163 Illorum
1220 1115 1346 1163 enim
1375 1115 1413 1162 si
1440 1116 1656 1163 rationes
1683 1114 1887 1169 valeant,

109 1185 466 1250 propemodum
506 1187 693 1241 omnia,
736 1200 862 1248 quae
898 1185 956 1234 ad
993 1185 1139 1234 fidem
1174 1183 1556 1233 immortalitatis
1582 1184 1890 1249 probandam

107 1256 371 1318 pertinent,
406 1256 606 1304 omnino
634 1256 901 1305 omittenda
927 1255 1122 1304 fuerint.
1177 1256 1402 1318 Denique
1428 1262 1689 1318 praecepta
1719 1255 1780 1304 de
1808 1270 1890 1304 co-

113 1326 289 1376 lendae
335 1326 524 1374 virtutis
575 1326 866 1375 necessitate
903 1341 1138 1390 quorsum
1164 1327 1479 1389 pertineant,
1517 1341 1663 1375 nemo
1700 1324 1888 1374 intelle-

107 1398 175 1462 git
209 1398 426 1461 itemque
470 1396 638 1445 iudicii
681 1403 989 1446 mortuorum
1025 1403 1072 1446 et
1115 1411 1284 1445 rerum
1328 1411 1656 1459 supernarum
1704 1396 1890 1461 pariter

108 1474 255 1532 atque
291 1467 597 1516 infernarum
641 1469 832 1530 pictura
870 1467 991 1516 adeo
1030 1466 1189 1531 ampla
1230 1473 1278 1515 et
1313 1467 1586 1530 magnifica.
1647 1466 1887 1516 Referunt

105 1546 271 1588 autem
308 1538 429 1587 haec
463 1537 575 1586 talia
611 1537 788 1601 placita
823 1540 1153 1602 interpretum
1182 1539 1346 1586 nescio
1374 1538 1619 1602 quomodo
1647 1538 1888 1587 recentio-

105 1625 212 1659 rem
240 1608 484 1672 quandam
513 1607 796 1672 disciplinae
821 1610 1090 1665 rationem,
1120 1624 1214 1673 qua
1241 1609 1307 1656 ita
1332 1608 1440 1656 fieri
1467 1608 1670 1664 assolet,
1708 1614 1762 1656 ut
1799 1609 1887 1656 mi-

106 1681 261 1742 gratis
287 1679 549 1728 severioris
587 1679 1005 1742 interpretationis
1031 1678 1222 1742 legibus
1247 1679 1473 1728 licentius
1501 1680 1645 1727 etiam
1673 1693 1726 1727 ea
1758 1683 1887 1728 vete-

105 1750 246 1799 ribus
272 1749 598 1812 scriptoribus
625 1749 981 1806 attribuantur,
1010 1765 1134 1814 quae
1163 1766 1220 1799 ex
1256 1750 1478 1798 noviciae
1515 1751 1780 1814 sapientiae
1807 1764 1884 1798 ra-

106 1821 237 1870 tione
264 1819 323 1868 ah
351 1821 410 1868 iis
436 1820 533 1869 dici
558 1819 631 1869 vel
661 1822 879 1884 potuisse
907 1819 981 1868 vel
1008 1820 1237 1870 debuisse
1263 1820 1535 1869 videantur.

246 1890 365 1940 Cum
402 1891 553 1954 igitur
591 1906 701 1948 eae,
742 1907 867 1956 quae
894 1906 1054 1956 nuper
1082 1892 1141 1940 de
1167 1890 1444 1940 Phaedonis
1472 1890 1673 1940 consilio
1702 1906 1883 1955 propo-

104 1963 224 2011 sitae
250 1967 378 2019 sunt,
405 1963 675 2011 sententiae
702 1962 892 2010 idoneis
918 1961 1190 2011 rationibus
1219 1962 1558 2018 destituantur,
1578 1962 1884 2026 anquirenda

105 2029 177 2081 est
213 2047 331 2082 sane
367 2031 457 2080 alia
494 2034 640 2087 ratio,
683 2047 776 2095 qua
814 2033 1031 2097 quaestio
1069 2047 1308 2097 perquam
1346 2031 1554 2081 difficilis
1581 2032 1884 2096 expediatur.

104 2103 334 2152 Fatemur
372 2118 488 2151 vero
524 2108 694 2166 aperte
729 2102 872 2151 nobis
911 2103 1106 2165 quidem
1144 2104 1288 2151 unice
1323 2110 1508 2152 rectam
1547 2109 1691 2167 atque
1720 2118 1886 2153 veram

106 2173 258 2222 videri
295 2188 465 2221 eorum
504 2174 818 2229 sententiam,
857 2174 940 2236 qui
974 2173 1021 2221 id
1060 2174 1368 2236 potissimum
1407 2174 1456 2221 in
1494 2173 1586 2222 hoc
1624 2189 1772 2237 opere
1807 2176 1885 2237 agi

104 2249 425 2299 censuerunt,
463 2250 516 2291 ut
551 2245 827 2292 animorum
865 2242 1205 2293 immortalitas
1243 2246 1546 2307 argumentis
1584 2260 1642 2293 ex
1670 2243 1883 2308 philoso-

104 2315 248 2378 phiae
274 2314 464 2362 ratione
491 2329 546 2362 ac
572 2313 829 2378 disciplina
856 2313 1125 2377 depromtis
1161 2315 1479 2363 confirmetur
1496 2311 1547 2378 1).
1601 2316 1659 2363 At
1693 2323 1883 2378 specta-

103 2391 278 2434 verunt
312 2385 592 2448 superiores
629 2384 695 2432 illi
721 2386 1017 2448 interpretes
1043 2383 1163 2433 nihil
1190 2384 1293 2434 fere
1321 2384 1449 2433 aliud
1478 2386 1568 2433 nisi
1596 2391 1883 2449 argumenta

103 2454 352 2504 dialectice
373 2453 608 2519 explicata
631 2461 679 2503 et
705 2471 762 2503 ex
774 2456 1064 2504 ‘animorum
1090 2462 1217 2504 statu
1239 2461 1286 2504 et
1308 2462 1481 2504 natura
1506 2459 1728 2518 repetita,
1759 2471 1883 2519 quae

105 2540 196 2590 pro
224 2526 502 2574 animorum
529 2527 820 2575 aeternitate
846 2526 895 2573 in
922 2526 1136 2575 medium
1165 2527 1458 2579 afferuntur,
1496 2525 1683 2589 reliqua
1720 2532 1879 2575 autem

103 2597 164 2645 ad
199 2611 391 2645 merum
427 2595 605 2658 dialogi
649 2603 876 2645 ornatum
913 2595 1203 2646 retulerunt.
1255 2597 1308 2645 In
1355 2612 1451 2660 quo
1500 2612 1616 2646 sane
1653 2603 1884 2646 errarunt

104 2681 202 2715 non
227 2667 567 2723 mediocriter,
596 2666 993 2731 quandoquidem
1021 2668 1162 2716 etiam
1191 2667 1376 2732 reliqua
1405 2669 1566 2715 omnia
1595 2668 1654 2716 ad
1682 2670 1882 2716 immor-

103 2736 300 2786 talitatis
327 2736 703 2800 disputationem
730 2737 1110 2802 prudentissime
1138 2743 1459 2801 attemperata
1490 2753 1599 2788 esse
1625 2754 1717 2802 pro
1745 2744 1879 2787 certo

104 2806 386 2856 habendum
414 2814 502 2857 est.

226 3006 268 3058 1)
313 3004 382 3059 [In
422 3018 573 3046 eorum
612 3019 821 3057 numero,
857 3008 936 3058 qui
965 3006 1257 3048 Phaedonem
1292 3019 1392 3047 esse
1425 3008 1480 3047 de
1514 3008 1765 3048 animorum
1797 3010 1878 3048 im-

104 3062 385 3103 mortalitate
418 3065 690 3113 statuerunt,
722 3063 960 3104 habendus
994 3067 1062 3103 est
1092 3064 1128 3106 Ι.
1158 3064 1439 3112 Dautwiz‚
1474 3065 1879 3118 Entwicklung

105 3119 198 3160 des
229 3120 470 3159 inneren
502 3120 1054 3172 Zusammenhanges
1093 3119 1148 3160 in
1186 3120 1386 3160 Plato's
1419 3120 1661 3164 Phaedo.
1721 3123 1879 3174 Progr.

103 3176 382 3227 Ratzeburg.
414 3188 454 3215 a.
480 3176 602 3215 1841.
640 3175 779 3215 Addit
799 3179 952 3216 autern
976 3177 1268 3228 argumentis,
1303 3178 1465 3229 quibus
1486 3177 1875 3218 immortalitatem

106 3232 358 3271 animorum
388 3233 435 3270 in
457 3230 705 3271 Phaedone
727 3233 919 3272 tractari
940 3232 1030 3272 iam
1054 3233 1110 3272 ab
1143 3232 1248 3272 aliis
1281 3233 1639 3273 demonstratum
1672 3237 1761 3284 est,
1795 3234 1878 3273 hoc

104 3300 286 3337 novum,
319 3287 438 3339 quod
469 3286 708 3327 Platonem
730 3287 845 3327 dicit
874 3289 1022 3340 ipsum
1055 3301 1110 3328 ea
1143 3289 1195 3329 dc
1228 3303 1276 3328 re
1309 3289 1665 3341 disputationem
1697 3290 1879 3328 institui

106 3355 210 3396 pag.
243 3345 297 3384 70
325 3344 362 3383 Β
410 3343 545 3396 plane
585 3343 888 3393 indicavisse,
928 3344 975 3383 id
1015 3345 1130 3396 quod
1169 3349 1297 3384 tanto
1337 3345 1521 3385 maioris
1554 3345 1613 3386 sit
1643 3346 1873 3389 momenti,

108 3399 225 3451 quod
254 3399 343 3439 nisi
372 3400 420 3439 in
452 3399 698 3440 Phaedone
732 3403 778 3439 et
809 3399 1022 3452 Sophista
1053 3401 1101 3440 in
1124 3401 1231 3441 aliis
1252 3400 1450 3453 dialogis
1484 3401 1593 3453 quid
1624 3401 1714 3440 sibi
1737 3401 1874 3441 fuerit

104 3455 386 3508 propositum
415 3468 506 3496 non
537 3454 900 3508 significaverit.]
