2222 3762
1645 138 1847 192 LXXI

273 288 458 340 singulis
490 287 686 340 partibus
722 286 1032 340 praemissam,
1064 295 1150 336 qua
1178 284 1323 324 editor
1353 283 1630 323 acutissimus
1653 285 1848 334 plerum-

270 373 357 412 que
374 361 421 403 id
437 361 545 412 agit,
566 365 616 400 ut
631 359 848 409 ostendat,
868 370 945 397 cur
962 357 1123 409 ubique
1156 361 1331 396 secutus
1363 356 1420 396 sit
1451 356 1580 396 unius
1611 356 1846 395 alteriusve

268 433 434 473 codicis
476 433 808 482 auctoritatem,
850 430 924 482 qui
962 429 1118 468 merito
1163 427 1379 468 habeatur
1426 426 1845 480 praestantissimus.

136 518 197 533 ··‹-
255 503 324 544 ·In
356 517 442 557 quo
473 503 662 545 fatemur
685 514 775 543 ‘nos
805 501 860 543 ab
891 513 944 540 eo
976 500 1209 543 dissentire
1238 500 1515 551 longissime,
1548 499 1624 551 qui
1655 499 1844 550 optimo-

269 586 365 616 rum
393 576 606 616 librorum
638 574 868 626 scripturis
898 575 962 612 ita
989 571 1200 611 utendum
1229 583 1496 618 censeamus,
1526 575 1577 610 ut
1607 569 1705 609 aliis
1737 582 1846 622 quo·

247 656 352 701 ⁵qu
397 647 624 688 codicibus
663 648 783 687 iusta
821 645 1097 696 impertiatur
1133 643 1358 695 dignatio,
1390 642 1747 695 quandoquidem
1778 641 1849 681 vel

269 720 462 771 optimos
493 719 621 759 codd.
653 731 680 758 a
710 717 1005 770 grammaticis
1037 721 1199 757 temere
1231 727 1360 767 saepe
1389 717 1436 755 in
1463 727 1509 755 re
1544 714 1696 754 critica
1726 726 1847 765 gras-

267 791 376 831 satis
393 789 619 842 profectos
643 802 739 830 esse
770 789 901 829 nobis
918 789 1048 840 plane
1066 788 1376 839 persuasimus.
1437 788 1480 826 A
1513 797 1597 838 qua
1628 785 1848 825 sententia

266 861 455 913 profecti
491 864 575 904 hac
614 874 787 915 quoque
827 862 874 900 in
914 861 1107 900 editione
1137 871 1164 898 a
1194 861 1280 899 viri
1309 860 1437 899 nobis
1475 858 1699 911 quondam
1738 858 1848 897 ami-

267 934 433 974 cissimi
463 935 633 976 ratione
647 933 907 986 longissime
927 944 1059 984 saepe
1085 932 1383 971 diseessimus.
1443 930 1646 971 Ceterum
1676 934 1848 970 sextum

267 1006 474 1049 volumen
495 1006 643 1045 ¹huius
682 1004 830 1056 operis
865 1004 1063 1043 continet
1093 1003 1224 1043 etiam
1257 1000 1437 1042 Scholia
1467 1000 1660 1052 Graeca,
1690 1002 1848 1042 Albini

261 1082 316 1117 et
351 1077 532 1118 Alcinoi
563 1076 806 1128 1sagogen,
843 1073 1151 1127 olympiodori
1184 1070 1570 1115 Vitam‘Platonis
1591 1103 1602 1122 ,
1637 1073 1849 1125 Prolego-

265 1159 394 1189 mena
421 1148 733 1201 philosophiae
762 1147 1020 1188 Platonicae
1061 1158 1218 1199 graece
1249 1146 1413 1198 scripta
1440 1145 1599 1186 incerti
1638 1146 1848 1196 auctoris,

189 1217 192 1222 ’
267 1219 442 1261 Timaei
484 1218 822 1270 Onomasticon‚
867 1231 982 1272 quae
1027 1219 1189 1259 omnia
1217 1217 1379 1270 partim
1421 1229 1477 1257 ex
1523 1217 1654 1257 codd.
1694 1229 1848 1258 recens

240 1314 241 1320 =
263 1291 442 1333 ‘collatis
472 1293 703 1333 emendata
733 1295 846 1334 sunt.
906 1290 990 1331 His
1009 1290 1211 1331 omnibus
1240 1303 1346 1330 vero
1365 1289 1494 1329 etiam
1514 1289 1685 1329 accedit
1712 1289 1849 1329 index

265 1364 490 1404 nominum
527 1364 808 1417 propriorum
852 1363 922 1403 vel
962 1364 1010 1404 in
1049 1363 1148 1414 ipso
1177 1362 1366 1403 Platone
1396 1362 1468 1401 vel
1495 1361 1542 1401 in
1575 1360 1768 1402 Scholiis
1805 1367 1848 1401 et

248 1418 603 1488 “Appendicibus
630 1435 896 1478 nobviorum.
955 1432 1108 1475 Editio
1148 1435 1382 1474 utilissima
1424 1433 1597 1480 futura,
1630 1433 1717 1472 nisi
1761 1433 1848 1474 cla-

176 1518 182 1526 “
244 1507 464 1548 ‘tissimus
496 1507 642 1548 editor
676 1507 861 1547 nimium
892 1506 1240 1558 obtemperasset
1270 1506 1324 1546 iis
1355 1504 1582 1546 codicibus
1615 1510 1743 1552 mss„
1775 1505 1850 1559 qui

146 1588 170 1603 ·‘
190 1590 208 1610 ;,
263 1578 480 1620 habentur
511 1579 667 1631 optimi
694 1590 834 1631 eaque
860 1580 1035 1619 ratione*
1049 1590 1146 1619 sese
1163 1579 1252 1618 illis
1271 1583 1480 1629 tanquam
1495 1578 1847 1631 mancipavisset.

318 1650 523 1704 Denique
556 1651 842 1692 memoranda
871 1656 938 1691 est
956 1652 1263 1692 universorum
1289 1648 1485 1691 Platonis
1513 1662 1692 1702 operum
1711 1650 1848 1690 editio

200 1736 202 1738 ’
264 1717 621 1775 Pan-tisina;quae
641 1723 811 1764 duobus
831 1724 1057 1764 Volumin.
1090 1722 1314 1776 quaternis
1346 1722 1464 1774 apud
1493 1721 1848 1763 Ambros.F¹irm.

266 1793 464 1846 Didot,
495 1795 818 1836 nobilissimum
865 1795 1190 1849 typographum
1228 1798 1274 1834 et
1315 1793 1644 1846 bibliopolam‚-
1666 1794 1847 1847 prodiit.

222 1865 485 1908 volumen
522 1868 624 1908 eius
673 1869 933 1919 secundum,
976 1868 1032 1908 ab
1075 1867 1188 1908 Car.
1234 1866 1289 1905 E.
1338 1863 1428 1905 Ch.
1471 1864 1848 1917 SchneiderO,

267 1937 633 1985 Vratislaviensi.
670 1945 868 1980 curatum
909 1940 1031 1992 prius
1062 1952 1195 1992 quam
1226 1938 1415 1991 primum
1447 1939 1652 1978 volumen
1682 1938 1850 1991 prodiit

267 2011 355 2050 iam
383 2023 422 2054 a.
459 2011 586 2057 1846.
614 2011 654 2055 4.
686 2012 978 2064 complectens
1008 2010 1240 2061 Pontiam,
1272 2009 1517 2061 Timaeum,
1546 2010 1706 2062 Leges,
1737 2010 1846 2062 Epi-

269 2084 512 2130 numidam,
541 2085 789 2136 Epistolas,
819 2083 1137 2133 Definitiones,
1175 2095 1286 2135 quos
1327 2082 1466 2124 libros
1509 2082 1653 2122 editor
1693 2082 1847 2122 soller-

267 2155 462 2195 tissimus
515 2156 703 2195 maxime
746 2156 803 2194 ad
852 2155 983 2194 fidem
1022 2153 1212 2194 Parisini
1262 2155 1427 2194 codicis
1479 2152 1849 2205 praestantissimi

268 2227 529 2266 emendavit.
594 2225 808 2279 Volumen
847 2227 1049 2278 primum,
1086 2226 1258 2278 reliqua
1289 2225 1518 2265 continens
1549 2225 1712 2277 scripta
1747 2223 1849 2264 Pla·

266 2297 399 2345 tonis,
428 2284 594 2336 editum
625 2302 691 2337 est
721 2283 891 2337 demum
923 2310 962 2337 a.
997 2296 1121 2341 1856.
1155 2302 1351 2337 curatum
1381 2309 1407 2336 a
1438 2296 1492 2336 R.
1519 2294 1572 2336 B.
1592 2294 1848 2335 Hirschi·

267 2369 378 2419 gio,
406 2369 480 2420 qui
513 2369 686 2409 criticas
719 2370 991 2420 suspiciones
1025 2382 1126 2409 suas
1157 2369 1340 2418 addidit,
1374 2369 1532 2420 quibus
1563 2367 1695 2418 saepe
1725 2366 1848 2406 festi·

265 2439 442 2479 nautius
480 2438 716 2480 'Platonem
753 2453 876 2480 suum
919 2440 1163 2480 exornavit.
1234 2439 1436 2480 Ceterum
1473 2446 1656 2491 utraque
1697 2438 1845 2492 operis

266 2522 367 2563 pars
398 2510 592 2554 additam
621 2511 755 2552 habet
788 2512 1195 2568 interpretationem
1220 2511 1437 2554 Latinam.

145 2583 308 2642 ,Latine
343 2595 581 2624 conversus
625 2582 752 2624 Plato
793 2586 979 2636 primum
1012 2590 1079 2626 est
1106 2598 1135 2626 a
1163 2583 1430 2624 Marsilio
1456 2570 1686 2632 ¹Fic'ino,
1719 2582 1844 2622 cuius

263 2656 568 2706 interpretatio
601 2655 787 2708 primum
819 2657 982 2708 prodiit
998 2656 1194 2696 Florent.
1215 2654 1342 2698 1482.
1361 2656 1520 2695 dvinde
1537 2655 1693 2694 Venet.
1713 2651 1842 2697 1491.

265 2727 340 2766 fol.
373 2728 547 2767 tertium
585 2726 724 2768 Paris.
764 2727 889 2772 1518.
930 2727 1005 2768 fol.
1043 2728 1090 2767 in
1123 2728 1306 2768 aedibus
1338 2728 1525 2769 Ascens.
1584 2726 1844 2766 Tenendum

266 2804 330 2839 est
371 2803 518 2839 autem
557 2811 652 2840 eam
690 2800 794 2840 inde
826 2798 880 2839 ab
909 2810 947 2840 a.
981 2797 1107 2841 1532.
1145 2799 1237 2841 fere
1276 2799 1499 2851 prodiisse
1529 2803 1770 2838 correctam
1801 2803 1845 2838 et

263 2869 635 2911 accommodatam
673 2870 731 2911 ad
771 2869 986 2911 Graecam
1026 2870 1294 2920 orationem,
1335 2871 1509 2923 qualem
1540 2869 1762 2922 Oporinus
1800 2874 1844 2910 et

265 2941 341 2981 alii
372 2940 742 2990 conformassent;
770 2942 886 2983 unde
915 2946 1057 2994 patet,
1090 2942 1209 2994 quod
1254 2954 1388 2994 supra
1424 2942 1638 2988 diximus,
1669 2941 1842 2993 priores

263 3018 431 3053 tantum
472 3011 688 3053 editiones
725 3012 887 3054 habere
927 3024 1053 3052 usum
1090 3012 1303 3054 criticum.
1366 3011 1511 3060 Quum
1549 3014 1665 3053 enim
1706 3013 1841 3052 inter-

264 3095 365 3135 pres
395 3083 486 3124 fere
520 3083 654 3124 verba
682 3084 826 3125 verbis
857 3084 1112 3134 reddiderit,
1136 3096 1267 3135 saepe
1289 3084 1397 3137 quid
1415 3084 1463 3125 in
1493 3084 1718 3125 codicibus
1749 3084 1841 3124 suis

267 3156 475 3208 scriptum
506 3156 733 3207 repererit,
763 3157 982 3197 coniicere
1010 3156 1126 3196 lieet.

153 3227 563 3278 Interpretatio
606 3226 807 3268 Platonis
844 3241 871 3268 a
913 3227 1040 3268 Iano
1077 3223 1346 3269 Commio
1387 3225 1504 3267 edita
1540 3225 1678 3267 Basil.
1709 3224 1837 3268 1561.

267 3297 346 3338 fol.
378 3297 559 3338 liberior
586 3302 651 3337 est
680 3302 724 3338 et
745 3300 883 3352 magis
909 3311 1083 3339 sensum
1106 3310 1235 3351 quam
1253 3297 1384 3337 verba
1406 3298 1565 3338 reddit.
1627 3296 1743 3337 Usus
1775 3302 1838 3335 est

266 3367 570 3409 Cornarius
623 3368 770 3409 codice
803 3369 1254 3418 Hassisteniano,
1287 3369 1407 3408 cuius
1437 3369 1643 3410 lectiones
1675 3365 1837 3418 passim
