2222 3762
383 126 449 178 ‘26
850 124 1464 181 PROLEGOMENA
1503 129 1612 181 AD

383 278 547 338 atque
582 267 707 336 illa,
764 287 902 336 quae
953 266 1208 323 Socrates
1249 287 1316 322 ex
1352 269 1468 324 eius
1507 271 1725 333 silentio
1764 270 2078 344 colligebat,

381 359 492 394 non
543 339 673 393 satis
723 337 1017 411 diligenter
1065 339 1407 396 discrevisse.
1481 340 1699 396 Deinde
1750 363 1877 396 vero
1917 345 2080 398 etiam

380 418 603 483 propter
654 410 830 480 ipsam
882 411 962 464 rei
1009 417 1259 464 naturam
1307 410 1599 467 verisimile
1654 421 1742 468 est
1794 415 2083 469 Platonem

380 484 547 536 istum
605 482 766 535 animi
827 490 1033 535 motum
1093 481 1184 535 vel
1229 482 1412 552 potius
1463 483 1778 539 instinctum
1837 485 2083 541 Socratis

382 553 625 607 divinum
674 553 980 607 accuratius
1026 572 1090 606 ac
1138 554 1358 609 veritati
1405 558 1819 610 convenientius
1879 557 2084 612 descri-

379 625 577 696 psisse.
683 624 839 679 Solet
919 625 1062 678 enim
1131 625 1377 694 profecto
1461 628 1637 681 acrior
1715 647 1834 683 esse
1918 630 2084 682 animi

381 715 572 750 sensus
638 703 801 765 atque
866 694 1171 749 evidentior
1225 697 1423 750 mentis
1487 697 1781 768 divinatio,
1838 700 1886 754 si
1950 699 2085 770 quid

381 787 549 838 grave
602 774 697 819 aut
741 767 1109 838 periculosum
1160 767 1385 836 incidit,
1442 769 1590 838 quod
1643 771 1965 842 fugiendum
2002 773 2084 825 vi-

383 838 605 904 deatur,
659 856 823 906 quam
871 838 918 891 si
968 837 1288 892 deliberatio
1340 839 1410 893 de
1473 860 1537 893 eo
1587 842 1940 912 suscipienda
1979 852 2082 911 aet,

384 908 533 979 quod
568 909 688 962 fieri
722 908 1007 963 commode
1058 917 1112 963 et
1165 911 1372 964 utiliter
1418 911 1612 983 possit.
1687 912 1963 968 Credibile
2005 923 2087 968 est

381 981 581 1052 igitur,
641 978 927 1034 Socratem
979 980 1252 1035 daemonii
1305 983 1391 1036 sui
1444 1003 1632 1037 vocem
1683 992 1801 1038 tum
1854 986 2085 1040 maxime

384 1050 690 1121 audivisse,
741 1072 908 1122 quum
958 1051 1091 1121 quid
1126 1053 1413 1107 vitandum
1462 1074 1525 1108 ac
1563 1056 1884 1128 fugiendum
1922 1065 2084 1125 esset,

385 1123 655 1177 dubitatio
706 1122 992 1177 incideret.
1081 1123 1194 1180 Sed
1245 1133 1307 1178 ut
1353 1125 1460 1181 hoc
1497 1127 1554 1180 in
1594 1127 1774 1181 medio
1813 1129 2087 1199 relinqua-

381 1214 540 1264 mus,
590 1193 727 1248 illud
779 1194 1001 1264 quidem
1037 1215 1138 1268 pro
1186 1207 1335 1251 certo
1378 1205 1432 1250 et
1480 1199 1762 1269 explorato
1801 1199 2085 1269 habemuS,

384 1265 730 1319 daemonium
771 1265 1017 1321 Socratis
1067 1268 1367 1322 secundum
1402 1269 1954 1342 locupletissimorum
1991 1291 2088 1324 au-

385 1345 596 1392 ctorum
657 1338 973 1392 testimonia
1043 1359 1154 1392 non
1223 1340 1393 1393 fuisse
1457 1341 1787 1413 singularem
1849 1343 2088 1411 aliquem

385 1408 546 1462 deum
609 1416 704 1461 aut
763 1410 1050 1480 parvulum
1109 1410 1418 1480 diabolum,
1482 1413 1698 1482 qualem
1754 1414 1868 1467 fere
1914 1415 2088 1467 finxe-

383 1488 512 1534 runt
550 1480 828 1549 nonnulli,
868 1489 964 1534 aut
1012 1482 1343 1553 spiritum
1390 1491 1768 1556 negantem
1803 1486 2087 1538 misera-

384 1552 624 1620 bilem,
669 1553 884 1621 qualem
919 1572 1094 1624 nuper
1129 1555 1421 1608 commenti
1457 1563 1603 1623 sunt,
1643 1555 1741 1610 sed
1775 1556 2088 1610 interiorem

383 1623 552 1677 animi
599 1642 820 1678 sensum
865 1624 999 1678 boni
1048 1632 1103 1678 et
1138 1625 1266 1679 mali
1301 1633 1582 1695 tamquam
1621 1626 1866 1682 divinum
1902 1647 2088 1698 quem-

384 1695 514 1749 dam
561 1695 960 1765 praenuntium.
1045 1695 1238 1763 Qualis
1293 1697 1513 1767 quidem
1561 1716 1755 1753 sensus
1819 1719 1987 1770 quum
2036 1701 2088 1755 ei

387 1767 549 1821 etiam
587 1768 645 1820 in
683 1767 965 1838 Apolooria
1000 1768 1306 1837 tribuatur,
1342 1769 1421 1822 ita
1456 1776 1520 1822 ut
1555 1771 1737 1824 omnia
1774 1778 1938 1840 atque
1977 1771 2088 1824 sin-

386 1837 545 1910 gula,
587 1857 726 1908 quae
766 1837 834 1891 de
871 1811 975 1893 fiac
1012 1859 1071 1893 re
1108 1847 1427 1909 narrantur,
1480 1840 1643 1912 plane
1694 1861 1817 1896 cum
1853 1843 1918 1896 iis
1959 1861 2089 1896 con-

385 1910 658 1979 sentiant,
722 1929 860 1979 quae
911 1929 1078 1979 quum
1124 1912 1243 1983 ipse
1291 1912 1453 1966 Plato
1500 1913 1558 1966 in
1617 1914 1812 1967 ceteris
1871 1915 2088 1987 seriptis

389 1982 503 2035 suis
542 1987 657 2034 tum
695 1983 858 2035 etiam
883 1982 1200 2054 Xenophon
1222 1983 1278 2036 in
1307 1984 1559 2055 genuinis
1600 1985 1941 2039 sermonibus
1976 1994 2088 2039 tra-

387 2052 673 2118 diderunt3
731 2055 959 2124 apparet
1007 2055 1254 2124 profecto
1301 2055 1761 2125 luculentissime,
1812 2057 1916 2110 hac
1952 2076 2089 2127 quo-

391 2144 499 2194 que
541 2144 610 2177 ex
655 2133 812 2196 parte
862 2124 1147 2181 Socratem
1195 2127 1253 2180 in
1305 2126 1411 2180 hoc
1459 2127 1598 2180 libro
1646 2127 1963 2197 planissime
2018 2128 2090 2182 ad

389 2195 554 2249 fidem
606 2196 850 2250 veritatis
895 2215 1016 2251 esse
1068 2197 1431 2270 descriptum,
1483 2197 1760 2268 falsosque
1799 2218 1946 2267 esse,
1995 2201 2091 2271 qui

388 2267 677 2321 Platonem
711 2268 1090 2322 iudicaverunt
1134 2269 1226 2322 hic
1274 2289 1375 2323 suo
1423 2270 1598 2340 ipsius
1635 2270 1860 2341 ingenio
1895 2273 2091 2325 nonni-

388 2338 467 2391 hil
502 2339 828 2409 indulsisse,
880 2340 994 2393 sive
1030 2348 1095 2393 ut
1129 2342 1451 2413 magistrum
1487 2341 1651 2410 culpa
1685 2340 1943 2395 liberaret
1973 2344 2091 2397 sive

391 2420 456 2463 ut
495 2429 617 2464 eum
654 2411 712 2463 in
748 2411 1042 2465 illustriore
1081 2412 1319 2481 quadam
1353 2412 1576 2465 virtutis
1617 2412 1740 2465 luce
1777 2413 2089 2468 collocaret.

391 2481 511 2535 Iam
555 2501 686 2534 vero
737 2481 885 2551 quod
935 2481 1189 2537 Socrates
1237 2482 1383 2554 apud
1429 2483 1713 2536 Platonem
1759 2482 1886 2536 inde
1935 2503 2090 2556 argu-

392 2560 698 2620 mentatur,
758 2572 907 2622 eum,
970 2554 1064 2622 qui
1121 2554 1232 2607 tale
1295 2553 1638 2607 daemonium
1685 2561 1919 2624 statuat,
1979 2577 2089 2611 non

393 2642 557 2693 posse
608 2623 740 2676 deos
799 2643 1002 2696 negare
1055 2631 1109 2677 et
1155 2625 1265 2677 vim
1314 2632 1671 2694 naturamque
1718 2625 1960 2680 divinam
2021 2626 2121 2698 de,

394 2694 575 2748 medio
636 2694 858 2762 tollere,
935 2694 1003 2748 de
1070 2714 1180 2764 quo
1255 2704 1572 2767 argumento
1629 2697 1867 2768 explicat
1927 2700 2090 2753 etiam

398 2765 796 2837 Xenophon
846 2765 1013 2819 Mem.
1061 2767 1104 2820 Ι,
1148 2770 1205 2836 1,
1248 2767 1295 2836 ξ.
1336 2769 1520 2836 2-9.,
1568 2787 1669 2821 nos
1717 2767 1935 2838 quidem
1983 2771 2090 2825 hoc

397 2855 615 2906 quoque
659 2837 735 2889 ita
784 2836 1124 2908 disputatum
1173 2857 1293 2892 esse
1341 2839 1693 2906 arbitramur,
1745 2847 1808 2892 ut
1855 2851 2089 2895 mentem

396 2908 744 2976 animumque
781 2908 957 2978 ipsius
990 2909 1152 2979 plane
1189 2910 1348 2964 nobis
1396 2910 1607 2980 aperiat
1643 2930 1821 2980 neque
1860 2912 2087 2966 callidae

398 2979 561 3033 alicui
611 2979 858 3032 Platonis
917 2980 1060 3032 inter
1100 2981 1355 3035 retationi
1400 2981 1759 3035 >‘tribuendum
1819 2984 2086 3038 videatur.

395 3049 502 3105 Est
535 3050 678 3103 enim
715 3050 847 3104 solis
883 3050 1005 3105 luce
1044 3000 1276 3122 (ilarius,
1315 3071 1464 3121 eum,
1506 3053 1599 3122 qui
1636 3052 1880 3107 divinum
1917 3075 2088 3125 quen-

396 3122 522 3175 dam
559 3121 724 3174 animi
762 3129 972 3175 motum
1007 3121 1354 3194 divinamque
1393 3125 1588 3178 mentis
1627 3127 2088 3198 praesagitionem

394 3192 800 3247 insolentiorem
839 3193 944 3247 sibi
979 3193 1262 3263 tribueret,
1302 3195 1465 3249 etiam
1501 3196 1578 3248 ita
1601 3195 1706 3250 sibi
1728 3199 2085 3267 persuasisse,
2120 3249 2127 3255 .

395 3272 457 3318 ut
492 3283 694 3318 numen
731 3263 975 3318 divinum
1013 3285 1133 3319 esse
1155 3274 1393 3339 putaret,
1431 3266 1577 3319 unde
1615 3274 1795 3321 motus
1834 3270 1923 3322 ille
1960 3289 2085 3339 pro-

392 3335 743 3391 ficisceretur.
819 3334 1168 3406 Quamquam
1202 3337 1450 3393 dubitare
1485 3338 1634 3407 licet,
1675 3336 1930 3395 Socrates
1967 3341 2086 3410 ipse
