2158 3718
365 169 436 218 58
999 172 1412 226 PLAToNlS

227 324 328 373 183
368 334 464 377 νος
507 312 953 405 διαπράξασθαι
974 316 1119 384 πλὴν
1159 319 1360 386 τοῦτο,
1405 323 1743 395 φιλοσοφίας
1781 314 1854 373 τὰ
1895 321 2043 388 μέγι

363 416 467 451 στα
511 398 769 472 καρποῖτ’
834 397 907 455 ἂν
935 383 1168 468 ὀνείδη·
1214 408 1259 456 εὶ
1302 400 1409 475 7ὰο
1456 401 1486 471 ἢ
1534 402 1808 503 χοήματα
1837 399 2042 474 βουλόψ

359 503 528 551 μενος
569 481 723 552 παοοὶ
771 505 872 540 του
900 488 1091 557 λαβεῖν
1131 481 1162 552 ἢ
1205 485 1384 558 ἀοχὴν
1422 484 1587 558 ἄρξαι
1631 484 1660 554 ’ή
1703 485 1808 542 τιν’
1861 483 2039 554 ἄλλην

361 563 594 637 δύναμιν
650 571 838 623 ἐθέλοι
895 580 1072 625 ποιεῖν
1129 569 1322 642 οἷάπερ
1381 575 1436 626 οἱ
1490 574 1716 644 ἐρασταὶ
1782 568 1922 641 πρὸς
1965 567 2034 624 τὰ

359 648 605 714 παιδικά,
649 655 875 717 ἱκετείας
915 675 972 708 τε
1007 655 1099 708 καὶ
1140 653 1521 724 ἀντιβολήσεις
1563 662 1789 719 «ἐν-ταῖς
1833 652 2037 722 δεήσεσι

357 731 711 806 ποιούμενοι,
764 740 856 791 καὶ
901 735 1100 809 ὅρκους
1140 738 1434 807 ὀμνύντες,
1491 742 1582 794 καὶ
1625 740 1899 811 κοιμήσεις
1941 742 2030 794 ἐπὶ

358 816 598 890 θύραις,
653 822 744 873 καὶ
790 826 1081 885 ἐθέλοντες
1124 825 1376 887 δουλείας
1417 821 1696 879 δουλεύειν
1733 829 1857 888 οἵας
1901 822 2023 878 οὐδ’

352 898 427 956 ἂν
469 904 670 967 δοῦλος
714 904 907 973 οὐδείς,
947 909 1295 979 ἐμποδίζοιτο
1340 904 1414 963 ἂν
1455 905 1531 976 μὴ
1576 905 1842 978 πράττειν
1882 905 2029 963 οὕτω

470 1067 522 1110 P.
558 1067 650 1114 183.
684 1068 1022 1122 φιλοσοφίας
1056 1069 1117 1112 τὰ
1152 1074 1393 1125 μέγιστα
1421 1072 1477 1126 κ.]
1515 1071 1604 1114 Pro
1625 1071 1882 1124 φιλοσοφίας
1912 1071 2039 1112 Ruk-

358 1126 507 1166 kertus
537 1130 613 1177 τῆς
653 1125 838 1171 ἀτοπίας
865 1127 1092 1181 legendum
1123 1135 1255 1183 p.utat
1320 1130 1560 1170 Creuzerus
1594 1130 1742 1170 Annal.
1774 1128 1983 1170 Vindobb.
2008 1129 2034 1170 l.

358 1198 394 1224 c.
418 1182 544 1224 Fase.
566 1183 634 1226 56
651 1198 688 1228 a
707 1183 805 1227 1331
845 1197 870 1236 p
903 1184 984 1227 140
1032 1188 1142 1229 coni.
1181 1187 1260 1241 φλν
1242 1189 1403 1242 ναρίωις
1445 1186 1496 1227 C.
1527 1185 1598 1228 Fr.
1629 1186 1863 1227 Hermann.
1903 1197 2037 1239 nuper

354 1239 556 1282 audacius
588 1241 641 1283 de
664 1254 743 1282 suo
768 1240 901 1283 edidit
919 1241 1028 1295 πλὴν
1052 1246 1196 1298 φιλίας
1225 1259 1302 1299 pro
1334 1243 1441 1296 πλὶι·
1474 1249 1610 1284 τοῦτο
1643 1243 1915 1297 φιλοσοφίας.
1946 1241 2038 1284 Sed

360 1313 398 1340 v
427 1299 624 1351 explicat

471 1357 668 1397 ἐθέλοι
698 1356 891 1411 ποιεῖν]
926 1356 1000 1399 Sic
1032 1357 1158 1401 Bodl.
1180 1358 1275 1400 Vat.
1294 1354 1343 1399 A.
1369 1356 1489 1402 Vind.
1513 1355 1554 1400 2.
1589 1358 1688 1399 Par.
1716 1354 1829 1398 DE.
1850 1355 1966 1411 Ang.
1986 1370 2037 1399 w.

358 1412 396 1464 Ι
400 1426 454 1467 eg
440 1414 609 1465 ¹gebatur
639 1414 794 1455 mmo

471 1470 634 1511 ἐθελο
649 1486 761 1517 ντες
792 1471 1070 1527 δουλείας]
1106 1472 1153 1514 V.
1186 1467 1439 1523 ἐθελοντάς,
1473 1468 1586 1522 quod
1617 1466 1821 1510 abhorret
1850 1482 1876 1510 a
1907 1469 2036 1512 codd.

344 1528 443 1571 sere
474 1529 658 1570 omnium
691 1529 959 1570 testimoniis.

1022 1529 1066 1570 ln
1100 1531 1193 1572 vat.
1214 1527 1266 1572 A.
1307 1533 1400 1581 Ang
1441 1541 1488 1567 w
1524 1527 1716 1574 δουλείας
1748 1525 1886 1567 deest.

473 1587 521 1627 B.
583 1602 646 1627 πα
663 1602 758 1626 vra
790 1589 965 1626 ταῦτα
998 1586 1278 1640 ποιουντι]
1316 1563 1412 1626 Hunc
1444 1583 1641 1626 dedimus
1665 1596 1688 1625 e
1713 1583 1837 1625 Bodl.
1869 1583 2030 1634 Vnt-A.

723 1682 732 1697 ἱ

347 1701 451 1742 deat
481 1713 533 1742 ac
564 1702 687 1752 velit,
730 1697 941 1744 maximas
972 1702 1142 1744 auferat

347 1758 717 1812 reprehensiones

410 1817 458 1857 P.
484 1815 578 1859 183.
609 1817 939 1870 φιλοσοφίας
967 1814 1031 1858 τοί
1062 1818 1144 1869 με’-

346 1890 512 1928 γιστα
542 1873 799 1925 καρποῖτ’
833 1874 895 1914 ἂν
931 1874 1142 1928 ὀνείδη]

349 1933 424 1973 Sic
455 1931 509 1973 de
542 1933 727 1985 Republ.
763 1932 834 1973 lX.
868 1947 907 1987 p.
942 1933 1039 1977 579.
1081 1934 1140 1973 C:

352 1988 510 2029 οὐκοῦν
522 1994 611 2034 τοῖς
625 1987 847 2038 τοιούτοις
858 1995 1000 2037 κακοῖς
1015 1990 1140 2030 πλείω

350 2051 591 2100 καρποῦται
621 2045 743 2099 ἀνήρ,
773 2044 823 2094 ὃς
853 2045 907 2088 ὃῖν
935 2053 1070 2094 κακῶς
1099 2049 1142 2087 ἐν

353 2104 490 2159 ἑαυτῷ
532 2103 864 2159 πολιτευόμενος
904 2128 956 2136 -
987 2104 1045 2159 μὴ
1089 2103 1143 2152 ὡς

351 2159 519 2213 ἰδιώτης
538 2165 743 2217 καταβιῷ.
773 2163 1027 2217 Eodemque
1048 2176 1142 2204 mo.-

354 2219 410 2260 do
454 2220 579 2260 etiam
618 2218 861 2261 ἀπολαύειν
904 2221 946 2261 in
990 2222 1144 2262 malam

352 2281 517 2330 partem
554 2277 703 2319 dieitur
719 2278 882 2319 Criton.
921 2293 957 2331 p.
977 2277 1052 2321 5-1.
1076 2280 1145 2329 A.

353 2335 422 2376 ubi
456 2347 497 2375 v.
527 2348 620 2375 ann.
655 2335 743 2376 Sed
776 2336 1015 2377 molestiam
1052 2348 1145 2376 cre—

354 2391 440 2433 avit
493 2392 608 2433 istud
659 2391 935 2447 φιλοσοφίας.
999 2394 1148 2446 Itaque

352 2450 637 2490 Bekkerus
671 2450 1148 2504 Hommeliusque

350 2506 451 2547 illud
492 2520 544 2548 ex
584 2509 846 2559 glossemate
887 2513 1030 2549 natum
1066 2521 1147 2562 pu-

351 2568 459 2604 tant.
521 2564 648 2607 Quod
678 2570 823 2607 tamen
868 2572 917 2607 nt
954 2565 1144 2617 credam,

349 2619 537 2661 nondum
571 2621 725 2663 adduci
758 2623 905 2675 potui,
936 2622 1143 2674 siquidem

348 2689 555 2728 quaenam
589 2679 706 2718 vocis
738 2680 858 2731 origo
889 2678 1030 2726 fuerit,
1063 2679 1143 2719 mi-

349 2733 462 2774 nime
502 2735 770 2787 perspicitur.
831 2735 920 2776 Nec
958 2734 1141 2775 animum

352 2791 498 2843 expiet
526 2790 639 2842 quod
674 2790 897 2844 legendum
922 2791 1143 2844 proposuit

353 2846 388 2888 C
408 2860 426 2887 r
446 2861 468 2887 e
486 2860 510 2886 u
530 2860 554 2887 z
579 2861 602 2888 e
621 2860 641 2888 r
662 2861 687 2888 ιι
708 2861 728 2888 s
760 2847 986 2901 φλυαρίας.
1034 2847 1141 2889 Nam

351 2903 467 2956 quod
498 2904 556 2945 nit
596 2906 654 2946 ita
696 2918 870 2946 sensum
915 2904 1141 2945 verborum

352 2960 464 3003 hunc
496 2962 724 3003 exsistere:
771 2993 800 3013 ,,
817 2978 838 3003 e
859 2975 878 3002 r
918 2975 951 3000 w
977 2966 1001 3001 fi
1024 2975 1043 3002 r
1070 2961 1095 3001 d
1119 2976 1142 3003 e

351 3017 466 3060 sicli
498 3018 581 3061 die
612 3020 872 3072 grossten
901 3019 1141 3060 Vorwiir-

352 3074 406 3118 fe
449 3076 604 3118 eines
646 3077 1140 3129 ungemiissigten,

350 3133 790 3175 iibertriebenen
830 3132 937 3173 und
983 3133 1142 3175 nich-

351 3192 498 3244 tigen
532 3190 1139 3244 Betragenszuzielin‚“

350 3261 503 3290 vereor
526 3248 740 3302 equidem,
773 3261 825 3289 ne
846 3248 900 3288 ita
927 3250 1141 3303 φλυαρίας

349 3307 562 3346 vocabulo
603 3320 652 3348 ea
683 3306 938 3359 significatio
978 3307 1140 3347 tribua-

347 3367 442 3411 tur,
497 3377 622 3416 quam
674 3375 888 3415 nunquam
931 3361 1136 3405 habuerit.

348 3420 489 3462 Multo
521 3421 659 3463 minus
691 3421 814 3464 etium
856 3420 998 3475 placet
1026 3419 1139 3474 quod

1229 1702 1334 1743 alius
1372 1700 1436 1740 vir
1481 1699 1635 1740 doctus
1667 1698 1890 1751 legendum
1923 1713 2033 1753 pro-

1229 1759 1374 1813 posuit
1409 1757 1666 1807 φιλαιτίις,
1701 1769 1786 1808 quo
1812 1757 2033 1814 significe-

1228 1822 1296 1858 tur
1328 1827 1484 1857 coecus
1519 1813 1581 1855 sui
1622 1826 1760 1863 amor,
1794 1827 1882 1866 quo
1903 1827 2035 1856 occu·

1228 1874 1314 1928 pati
1348 1877 1573 1914 teneantur
1603 1871 1674 1924 qui
1707 1870 1865 1922 aliquid
1900 1873 2030 1914 nimio

1230 1931 1373 1973 studio
1415 1934 1630 1982 appetant.
1702 1928 1791 1969 Sed
1836 1929 2030 1972 nimirum

1224 1988 1323 2043 quid
1355 1987 1432 2029 sibi
1463 1987 1592 2027 veiint
1622 1985 1883 2039 φιλοσοφίας
1915 1985 2030 2028 δορί.

1226 2048 1304 2098 δη,
1359 2044 1593 2087 clarissime
1644 2042 1802 2084 docent
1831 2044 1962 2085 verba
1992 2059 2033 2099 p.

1230 2105 1325 2148 183.
1346 2103 1399 2144 B.
1434 2107 1513 2142 τῶν
1544 2102 1620 2154 μὲν
1642 2098 1938 2150 ὄιειδιζόντων
1958 2117 2030 2142 κο.

1228 2162 1399 2206 λακείας
1445 2160 1517 2199 και
1567 2157 1904 2212 ἀνελευθερίας,
1947 2164 2032 2201 τῶν

1230 2220 1273 2261 δὲ
1303 2214 1637 2259 νουθετούιτων
1666 2215 1739 2255 καὶ
1770 2217 2028 2271 αἰσχυνομέ.

1230 2292 1309 2317 νων
1327 2291 1418 2317 ns.
1437 2276 1471 2316 λ.
1499 2275 1647 2327 ltaque
1670 2285 1723 2314 ne
1746 2273 1909 2314 literuln
1935 2277 2030 2328 qui-

1231 2335 1328 2376 dem
1348 2335 1442 2374 loco
1457 2330 1666 2373 movenda
1679 2335 1746 2372 est
1772 2331 1943 2384 Quippe
1954 2348 2028 2386 φι-

1234 2394 1430 2443 λοσοφία.
1466 2390 1615 2430 latiore
1632 2400 1763 2430 sensu
1783 2387 1911 2439 dicta,
1945 2391 2027 2433 iam

1231 2450 1430 2491 tribuitur
1458 2447 1510 2487 iis
1541 2446 1612 2498 qui
1643 2445 1934 2488 adulationem
1959 2454 2028 2490 at-

1230 2520 1313 2560 que
1333 2505 1663 2546 illiberalitatem
1688 2503 1862 2544 omnino
1882 2517 2028 2558 repre-

1231 2562 1496 2606 hendendam
1524 2565 1716 2601 statuant
1739 2565 1870 2612 atque
1889 2560 2026 2604 homi-

1230 2634 1284 2662 ne
1320 2621 1504 2670 ingenuo
1537 2617 1755 2669 indignam
1783 2630 1880 2658 esse
1912 2621 2025 2660 arbi-

1230 2683 1404 2718 trentur.
1445 2677 1590 2726 ltaque
1610 2674 1738 2714 verba
1758 2673 1898 2714 licebit
1910 2677 2024 2718 Ger—

1229 2734 1395 2775 manice
1411 2732 1474 2771 sic
1489 2729 1783 2783 interpretari:
1817 2743 1874 2772 so
1895 2746 1930 2773 w
1944 2737 1968 2773 ῡ
1982 2748 2024 2776 r-

1229 2791 1293 2832 ‹le
1326 2801 1381 2830 er
1412 2800 1512 2828 von
1543 2787 1744 2827 Seiten
1784 2787 1885 2830 der
1918 2790 2023 2834 Bil-

1229 2847 1254 2887 d
1276 2859 1303 2887 ιι
1324 2859 1346 2886 ιι
1369 2859 1396 2898 g
1432 2845 1518 2886 die
1563 2847 1660 2896 gro·
1681 2849 1835 2886 ssten
1884 2839 2023 2890 V¹o'r-

1227 2903 1398 2945 wfirfe
1430 2902 1736 2944 einernten.
1796 2902 2023 2948 Enimvero

1228 2961 1438 3015 genitivus
1471 2958 1788 3000 connectendas
1829 2967 1895 3002 est
1925 2976 2022 3007 cum

1226 3018 1279 3060 ’τὰ
1314 3024 1497 3072 μέγιστα
1535 3015 1704 3068 ὀνείδη,
1747 3017 1806 3057 ita
1835 3019 2023 3071 quidem,

1226 3082 1273 3117 ut
1311 3076 1453 3117 activa
1484 3074 1523 3115 vi
1567 3079 1611 3114 et
1653 3078 1870 3126 potestate
1905 3080 2022 3130 posi-

1227 3140 1296 3175 tus
1358 3146 1456 3175 esse
1510 3131 1793 3173 existimetur.
1881 3133 2021 3178 prave

1227 3191 1336 3233 enim
1369 3192 1499 3242 vulno
1535 3201 1630 3229 eum
1652 3200 1904 3242 suspensum
1922 3206 2020 3235 esse

1226 3253 1375 3303 putant
1395 3261 1448 3289 ex
1467 3250 1689 3299 καρποῖτο.
1733 3246 1933 3291 Ceterum
1954 3252 2018 3291 in-

1226 3306 1287 3347 tra
1307 3320 1349 3360 p.
1380 3305 1474 3348 184
1504 3304 1565 3344 D:
1597 3303 1816 3349 παίδευσις
1845 3305 1914 3345 και
1944 3323 2016 3348 σσ-

1226 3366 1306 3416 φία
1339 3367 1406 3404 est
1436 3373 1547 3414 quae
1577 3359 1642 3400 hic
1671 3362 1910 3414 φιλοσοφία
1939 3377 2018 3406 au-

1225 3420 1300 3463 dit.
1357 3419 1463 3462 Mox
1500 3417 1554 3460 de
1590 3429 1682 3462 voc.
1724 3415 2018 3474 ἀντιβολήσεις
