2158 3718
763 135 843 176 AD
875 132 1291 177 PHAEDONEM.
1846 133 1912 186 27

147 277 483 327 condicionem
512 277 676 341 ntique
713 293 819 326 eam
858 293 988 334 esse,
1028 283 1081 326 ut
1107 276 1479 326 immortalitatis
1511 276 1685 325 fiducia
1715 276 1790 325 vel
1816 292 1916 326 ma-

146 349 275 398 xime
299 348 600 411 indigeamus
627 347 685 395 ad
713 347 838 396 bene
867 354 914 396 et
939 348 1197 396 vivendum
1227 354 1273 395 et
1308 347 1650 396 moriendum?
1690 348 1917 396 Socrates

145 425 307 468 autem
339 420 432 468 iste
471 417 794 467 moribundus
829 433 984 482 prope
1022 418 1246 467 omnibus
1281 416 1789 480 argumentationibus
1815 418 1916 467 dia-

144 485 351 539 lecticis
378 488 489 553 plus
537 486 663 537 valet
712 488 771 537 ad
824 489 1180 552 suscipiendam
1232 487 1611 537 immortalitatis
1670 487 1914 544 fiduciam,

145 559 538 623 quandoquidem
581 573 726 607 nemo
773 565 869 615 est,
915 560 1032 624 quin
1076 575 1187 608 eum
1231 561 1427 607 intuens
1471 558 1564 607 sibi
1624 559 1918 622 persuadeat

143 630 300 678 virum
327 636 427 679 tam
453 630 531 692 pie
563 629 623 677 de
649 629 813 678 futuro
841 635 1120 693 sperantem
1149 635 1195 679 et
1221 630 1364 677 vitam
1392 635 1503 677 ante
1526 634 1683 677 actam
1713 629 1918 678 honeste

143 705 407 763 sancteque
432 700 732 763 transegisse
764 705 811 748 et
838 699 1001 749 futuro
1029 706 1251 764 tempore
1280 700 1386 748 sore
1412 699 1762 748 beatissimum.

283 770 420 819 Hanc
468 785 585 819 vero
635 776 732 819 tam
784 770 1087 834 praeclaram
1130 771 1216 818 viri
1266 771 1530 833 imaginem
1565 777 1618 818 ut
1662 770 1919 834 effingeret

143 839 488 904 philosophus,
531 840 781 889 Socratem
818 856 916 889 non
952 841 1010 889 ad
1048 841 1280 889 historiae
1315 841 1460 889 fidem
1496 840 1779 904 descripsit,
1831 841 1917 890 sed

143 911 421 960 informavit
458 917 511 960 ut
549 913 843 974 sapientem,
876 912 958 975 qui
985 919 1163 975 quanta
1191 911 1549 960 necessitudine
1576 926 1688 974 spes
1713 912 1914 960 immor-

142 981 337 1031 talitatis
364 997 475 1030 cum
504 982 593 1039 vita
624 982 880 1030 hominum
916 981 1114 1037 morali,
1153 997 1299 1045 quam
1337 981 1501 1029 dicere
1538 980 1724 1038 licebit,
1764 983 1915 1030 conti-

142 1058 368 1109 neretur,
397 1052 565 1100 intimo
593 1058 793 1115 pectore
820 1053 1042 1101 senserit.
1093 1051 1148 1100 In
1175 1067 1272 1115 quo
1298 1058 1462 1101 tamen
1490 1052 1553 1099 ita
1583 1057 1800 1100 versatus
1821 1057 1914 1109 est,

143 1130 193 1172 ut
229 1123 448 1188 picturae
475 1138 591 1171 suae
617 1122 666 1170 id
701 1121 1072 1171 fundamentum
1107 1121 1396 1179 subiecerit‚
1437 1137 1533 1185 quo
1559 1121 1745 1171 nullum
1773 1138 1917 1187 repe·

141 1194 228 1242 riri
254 1194 412 1256 potuit
438 1195 631 1249 certiuS,
660 1193 754 1241 hoc
782 1199 853 1241 est
880 1207 1021 1241 veros
1050 1193 1264 1242 Socratis
1291 1207 1492 1249 sensuS,
1521 1208 1699 1249 moreS‚
1727 1207 1916 1242 sermo-

144 1279 243 1312 nes.
302 1263 425 1313 Nam
457 1262 537 1312 ille
575 1269 629 1312 ut
655 1278 680 1312 a
707 1263 870 1312 multis
897 1278 1051 1327 prope
1077 1278 1167 1326 pro
1195 1263 1444 1327 perfectae
1472 1269 1519 1312 et
1545 1271 1917 1313 consummatae

144 1335 329 1383 virtutis
367 1333 592 1398 exemplo
631 1342 704 1382 est
736 1333 954 1389 habitus,
992 1337 1058 1382 ita
1096 1335 1241 1383 etiam
1278 1334 1470 1382 videtur
1507 1335 1786 1383 animorum
1821 1336 1910 1383 im-

141 1404 485 1454 mortalitatem
513 1406 591 1468 pia
619 1411 784 1453 mente
810 1412 1077 1469 auguratus
1104 1401 1276 1468 esse1).
1326 1405 1453 1453 Hinc
1488 1406 1636 1468 igitur
1663 1403 1915 1468 profectus

140 1475 276 1524 Plato
305 1491 415 1525 eum
444 1475 502 1524 ad
528 1474 967 1524 verisimilitudInis
988 1476 1187 1538 quidem
1215 1476 1430 1538 speciem
1458 1475 1690 1539 depinxit,
1720 1475 1805 1524 sed
1833 1477 1913 1532 ita,

140 1553 194 1595 ut
227 1545 420 1610 longius
453 1560 748 1609 progressus
783 1546 1017 1611 quidquid
1055 1545 1114 1594 ad
1153 1545 1297 1594 talem
1334 1547 1438 1595 eius
1463 1547 1728 1609 imaginem
1755 1545 1915 1596 absol-

142 1617 346 1666 vendam
374 1631 497 1680 opus
524 1622 674 1673 esset,
713 1616 906 1681 qualem
943 1618 1047 1680 ipse
1073 1632 1164 1681 pro
1192 1633 1279 1665 suo
1318 1616 1567 1665 scribendi
1605 1616 1808 1666 consilio
1834 1632 1912 1666 re-

141 1689 381 1752 quireret,
425 1703 535 1736 cum
563 1702 621 1735 ex
649 1703 732 1736 sua
762 1689 914 1752 ipsius
941 1688 1161 1736 doctrina
1190 1693 1237 1735 et
1262 1689 1475 1744 ratione,
1514 1693 1618 1736 tum
1656 1703 1714 1736 ex
1739 1688 1915 1752 Pytha-

141 1773 406 1822 goreorum
435 1757 686 1821 disciplina
715 1764 1000 1807 assumeret.
1030 1758 1151 1807 Nam
1172 1757 1483 1823 Pythagorici
1510 1758 1740 1823 quiddam
1771 1759 1914 1808 etiam

139 1830 189 1878 in
215 1843 427 1894 persona
455 1835 502 1878 et
527 1828 746 1878 moribus
774 1830 988 1879 Socratis
1026 1844 1132 1878 esse
1161 1830 1477 1893 conspicuum
1507 1843 1603 1877 non
1631 1835 1818 1879 temere
1846 1831 1912 1878 vi-

140 1900 315 1950 demur
345 1904 573 1950 statuere.

281 1970 378 2020 Sed
414 1986 525 2020 cum
562 1971 774 2021 Socratis
810 1985 1018 2034 persona
1056 1972 1119 2019 ita
1165 1972 1227 2019 sit
1271 1970 1540 2034 descripta,
1587 1975 1640 2019 ut
1686 1971 1769 2034 qui
1808 1986 1912 2020 eam

139 2043 444 2098 intueantur,
482 2042 514 2089 ii
547 2043 714 2106 quanti
750 2042 971 2090 facienda
1009 2043 1072 2090 sit
1098 2055 1208 2104 spes
1233 2039 1611 2089 immortalitatis
1638 2040 1777 2090 facile
1804 2056 1914 2090 sen-

140 2114 285 2168 tiant,
312 2117 415 2161 tum
444 2113 589 2160 etiam
618 2111 805 2161 ethicae
832 2112 1183 2175 disputationes
1211 2127 1322 2160 cum
1363 2110 1624 2160 dialecticis
1652 2127 1911 2175 argumen-

140 2184 202 2231 tis
229 2184 538 2232 consociatae
566 2198 671 2231 eam
698 2183 794 2230 vim
821 2182 1026 2240 habent,
1067 2188 1119 2231 ut
1152 2181 1298 2245 plane
1325 2182 1384 2230 ad
1413 2182 1797 2231 confirmandam
1823 2183 1914 2231 im-

142 2252 447 2302 mortalitatis
473 2253 620 2302 fidem
656 2259 966 2316 comparatae
1002 2254 1111 2302 sint.
1163 2252 1218 2300 In
1246 2268 1340 2315 quo
1367 2252 1503 2300 Plato
1531 2252 1753 2301 similiter
1781 2259 1912 2302 certe

141 2324 292 2372 sensit
317 2331 460 2388 atque
486 2322 649 2372 multis
675 2322 881 2373 saeculis
903 2331 1013 2387 post
1037 2322 1326 2372 immortalis
1347 2324 1556 2372 nominis
1577 2322 1912 2387 philosophus

141 2395 238 2444 Im.
268 2394 546 2443 Kantius
600 2395 741 2443 Hunc
778 2395 908 2443 enim
944 2399 1135 2443 constat
1160 2394 1450 2443 iudicavisse
1477 2395 1581 2458 ipsa
1609 2395 1797 2443 ratione
1826 2409 1912 2458 po-

141 2464 310 2515 stulari
349 2463 660 2529 (postulatum
689 2465 892 2514 rationis
921 2466 1023 2528 ipse
1049 2464 1232 2529 vocat),
1270 2473 1321 2514 ut
1357 2466 1548 2513 animus
1574 2465 1635 2512 sit
1659 2465 1913 2513 immorta-

139 2535 222 2591 lis,
268 2537 498 2600 quoniam
540 2537 604 2584 ita
649 2536 845 2584 demum
890 2536 1013 2585 vitae
1062 2535 1307 2584 honestati
1342 2542 1487 2600 atque
1527 2536 1715 2584 virtutis
1752 2536 1911 2584 studio

141 2621 258 2656 suus
292 2605 450 2655 honos
484 2621 725 2671 suumque
762 2607 975 2669 pretium
1013 2612 1239 2656 constare
1274 2622 1417 2670 posse
1444 2605 1680 2655 videatur.
1734 2607 1912 2664 Quam-

142 2692 287 2741 quam
323 2676 645 2741 philosophus
681 2677 993 2726 Atheniensis
1028 2677 1170 2726 huius
1204 2678 1277 2726 rei
1314 2678 1548 2726 iudicium
1585 2677 1727 2725 etiarn
1772 2676 1914 2726 latius

142 2754 310 2810 patere
346 2746 516 2802 voluit,
564 2748 645 2812 qui
680 2746 796 2796 illud
832 2762 933 2796 non
968 2755 1154 2797 tantum
1195 2748 1255 2797 ad
1290 2748 1413 2796 vitae
1449 2747 1779 2805 honestatem,
1827 2747 1912 2797 sed

143 2819 285 2867 etiam
313 2817 372 2865 ad
398 2816 735 2882 philosophiae
761 2819 1010 2868 scientiam
1038 2825 1084 2868 et
1110 2819 1437 2881 cognitionem
1463 2817 1701 2867 retulerit.

284 2888 486 2936 Exstant
510 2894 671 2937 autem
698 2891 747 2938 in
774 2890 1036 2938 Phaedone
1064 2895 1161 2938 tres
1186 2890 1491 2952 potissimum
1518 2888 1630 2944 loci,
1658 2891 1708 2937 in
1737 2887 1912 2952 quibus

143 2959 188 3008 id
222 2959 403 3023 agitur,
441 2963 494 3006 ut
530 2959 805 3009 animorum
843 2962 1103 3009 aeternitas
1142 2962 1286 3008 etiam
1324 2976 1348 3008 a
1386 2960 1578 3008 virtutis
1614 2965 1661 3008 et
1697 2960 1912 3008 veritatis

143 3028 415 3078 rationibus
442 3035 688 3093 tamquam
714 3030 979 3093 probabilis
1007 3037 1053 3079 et
1078 3030 1173 3079 fide
1200 3031 1344 3093 digna
1373 3030 1758 3079 commendetur.
1801 3029 1911 3079 Ete-

144 3101 242 3148 nim
270 3101 485 3164 primum
524 3099 719 3162 quidem
756 3115 855 3150 non
881 3101 1025 3165 longe
1053 3117 1078 3150 a
1113 3102 1356 3150 sermonis
1390 3101 1631 3165 principio
1644 3098 1678 3165 ²)
1709 3101 1911 3150 docetur

286 3238 327 3291 1)
370 3240 652 3292 Quamquam
692 3239 746 3280 de
788 3254 842 3281 ea
880 3255 926 3282 re
969 3242 1221 3296 disputavit
1252 3243 1406 3294 utique
1438 3241 1741 3292 dubitantius,
1774 3241 1911 3281 sicuti

144 3296 435 3349 perspicuum
474 3295 523 3336 fit
571 3310 625 3336 ex
662 3295 794 3348 Apol.
833 3311 874 3349 p.
907 3300 961 3339 40
985 3298 1017 3337 C
1063 3302 1107 3338 et
1148 3312 1170 3338 e
1218 3298 1331 3339 Xen.
1374 3297 1476 3350 Cyr.
1517 3299 1650 3347 VIII,
1685 3299 1738 3347 7,
1772 3300 1796 3336 6
1828 3309 1909 3347 sq.‚

143 3353 222 3393 ubi
263 3365 377 3404 quae
410 3351 554 3404 Cyrus
585 3352 780 3392 moriens
811 3352 1031 3406 loquitur,
1073 3369 1126 3396 ea
1158 3354 1364 3396 Socratis
1402 3357 1599 3395 mentem
1640 3367 1695 3393 ac
1727 3356 1908 3393 senten-

143 3408 254 3448 tiam
284 3407 496 3449 videntur
525 3409 712 3449 referre.

284 3464 327 3518 2)
358 3465 472 3518 rag.
505 3466 559 3505 64
581 3465 617 3504 A
649 3486 702 3494 -
734 3466 786 3506 69
809 3466 861 3509 Ε,
