2222 3762
338 128 751 184 APOLOGIA
787 128 1191 186 SOORATIS.

1245 131 1307 183 P.
1352 126 1432 183 17.
1479 131 1564 185 St.
1723 133 1802 185 55-

104 275 278 347 ὥςπερ
309 281 590 347 μειρακίῳ,
610 276 916 332 πλάττοντι
939 275 1137 346 λόγους
1164 282 1238 340 εἰς
1263 275 1409 348 ὑμᾶς
1433 282 1665 341 εὶςιέναι.
1697 282 1791 334 καὶ

101 369 290 431 μέντοι
317 364 408 415 καὶ
434 354 645 425 πάνυ,ὦ
671 360 868 432 ἄνδρες
887 360 1205 429 Ἀθηναῖοι,
1225 364 1390 416 τοῦτο
1419 358 1574 432 ὑμῶν
1597 366 1787 432 δέομαι

103 449 194 500 καὶ
235 449 525 517 παρίεμαι·
566 442 666 499 ἐὰν
706 443 796 499 διὰ
835 449 946 500 τῶν
986 445 1172 501 αὐτῶν
1202 444 1380 512 λόγων
1413 443 1650 513 ἀκούητε
1678 467 1787 516 μου

101 529 573 598 ἀπολογουμένου,
598 529 656 584 δι’
691 522 872 601 ὦνπερ
897 530 1076 585 εἴωθα
1096 534 1266 599 λέγειν
1296 532 1388 584 καὶ
1405 535 1462 584 ἐν
1488 529 1674 601 ἀγορᾷ
1701 533 1789 585 ἐπὶ

101 616 212 668 τῶν
239 614 537 684 τραπεζῶν,
554 619 645 668 ἵνα
668 611 824 683 ὑμῶν
851 619 901 669 οἱ
923 618 1119 671 πολλοὶ
1134 613 1418 681 ἀκηκόασι,
1441 617 1534 669 καὶ
1557 611 1788 679 ἄλλοθι,

100 696 238 768 μήτε
259 696 577 767 θαυμάζειν
593 698 731 768 μήτε
749 702 1020 770 θορυβεῖν
1033 697 1235 754 τούτου
1254 703 1427 753 ἕνεκα.
1445 702 1549 770 ἔχει
1564 695 1672 771 γὰρ
1692 696 1787 754 οὐ·
1824 705 1879 758 D

99 893 228 934 item:
260 887 478 945 μάρτυρας
512 887 546 931 δ’
571 915 627 922 -
659 888 779 942 ὑμῶν
811 889 937 931 τούς
967 891 1205 934 πολλοὺς
1238 892 1483 947 παρέχομαι.
1514 893 1787 946 Quamquam

99 949 255 991 ibidem
286 949 486 990 continuo
526 950 742 1002 subiungit
775 949 922 989 πολλοὶ
965 944 1009 988 δ’
1051 944 1170 1000 ὑμῶν
1200 950 1246 991 οἱ
1275 952 1490 992 τοιοῦτοιε
1529 950 1642 992 uude
1681 949 1787 993 haec

99 1007 137 1047 iu
168 1006 295 1050 codd.
328 1007 410 1047 illis
441 1013 639 1049 correcta
670 1005 885 1047 videntur.

97 1147 227 1191 Quod
259 1159 503 1200 monemus,
535 1160 622 1200 quo
651 1147 805 1189 melius
836 1147 900 1188 in-

97 1207 332 1259 telligatur,
364 1218 447 1258 qua
477 1208 642 1247 ratione
674 1209 716 1246 et
747 1217 899 1246 caussa

97 1263 253 1305 nitatur
300 1262 366 1304 liic
413 1276 515 1303 usus
569 1263 897 1316 praepositionis

95 1318 170 1364 εἰς.
200 1320 310 1363 Nam
340 1333 564 1375 perperam
583 1321 771 1362 nonnulli
800 1334 896 1362 eam

96 1376 257 1432 opinati
311 1383 412 1420 sunt
457 1391 538 1431 pro
581 1391 728 1432 praep.
781 1375 896 1432 πρὸς

98 1437 287 1491 positam
323 1449 434 1478 esse.
475 1470 477 1473 .

153 1494 238 1534 καὶ
268 1492 555 1547 παρίεμαι]
587 1493 639 1535 In
670 1492 768 1534 cod.
792 1493 894 1534 vin-

95 1552 197 1592 dob.
252 1552 439 1618 quodam
501 1551 767 1604 adscriptum
827 1556 896 1592 est

93 1610 334 1663 glossema·
370 1602 395 1663 ἢ
427 1604 480 1649 οὐ
513 1609 809 1662 παραιτοῦμαι.
849 1609 894 1650 ln

94 1669 192 1708 cod.
237 1667 360 1708 Bodl.
400 1668 737 1721 superscriptum
791 1666 894 1720 legi-

94 1730 164 1766 tur
196 1725 495 1777 παραιτοῦμαι.
528 1699 892 1766 Phavorinu⁰sz

95 1783 328 1835 παρίεσθαι
361 1783 488 1823 τοῦτο
507 1780 632 1822 δοκεῖ
650 1783 729 1823 τοῦ
750 1795 894 1852 παρει-

94 1841 262 1881 tecuam
292 1837 471 1891 δύναμιν
503 1840 623 1893 ἔχειν.
652 1869 654 1871 -
681 1841 809 1880 τοῦτο
846 1835 893 1880 ὖ-

91 1902 180 1951 μῶν
229 1899 382 1950 δέομαι
428 1897 499 1938 καὶ
545 1899 767 1953 παρίεμαι.
805 1897 894 1938 Ti-

92 1969 270 1998 maeus
307 1957 456 1998 Gloss.
491 1955 661 1999 Platon.
707 1969 746 2009 p.
786 1954 891 2001 207.

92 2015 324 2068 παρίεμαι·
343 2018 664 2068 παραιτοῦμαιε
690 2013 744 2055 ad
766 2026 892 2066 quem

93 2072 245 2130 locum
275 2071 659 2113 Rulinkenius:
709 2071 892 2123 „Huius

94 2130 338 2172 rarissimae
365 2129 550 2170 notionis
582 2129 710 2180 ratio,
740 2129 889 2181 inquit,

92 2186 298 2238 nondum,
328 2186 445 2239 quod
477 2186 625 2237 sciam,
660 2187 890 2238 explicata,

93 2242 253 2296 pendet
282 2244 335 2285 ab
362 2243 509 2285 indole
541 2242 793 2284 mediorum.
834 2242 894 2283 Ut

93 2301 183 2350 ὶήμι
209 2307 254 2342 et
284 2303 435 2354 ἐφίημι
465 2306 532 2342 est
563 2301 744 2352 mitto,
774 2299 894 2353 ἵεμαι

93 2363 137 2399 et
174 2359 349 2412 ἐφίεμαι
387 2359 530 2400 mitti
578 2357 707 2399 mihi
739 2359 891 2407 volo,

91 2415 131 2456 id
154 2420 221 2457 est
253 2416 439 2470 cupio,
471 2419 620 2470 peto3
647 2415 708 2456 sic
739 2415 892 2468 παρίη-

90 2489 142 2526 μι
171 2472 446 2526 admitto,
477 2475 686 2528 παρίεμαι
722 2472 784 2514 ad
817 2484 893 2514 me

91 2530 317 2573 admitti
355 2533 506 2581 volo,
554 2531 597 2571 id
643 2535 732 2582 est,
773 2542 892 2585 pre-

89 2601 206 2639 cor,
268 2589 593 2643 deprecor.“
666 2589 802 2630 Aliter
837 2594 893 2628 Α·

90 2646 238 2686 stins
259 2647 312 2688 ad
342 2647 514 2689 PolitMl
544 2645 605 2688 15.
631 2659 670 2699 p.
692 2645 789 2689 341.
812 2645 889 2744 C-l,
878 2657 888 2669 ·

89 2705 360 2755 aliteretiam
384 2703 681 2777 Fmisclierus
715 2704 770 2745 ad
792 2704 829 2748 Ιι.
861 2705 887 2744 Ι.

145 2761 228 2801 καὶ
290 2764 343 2803 ἐν
407 2761 582 2818 ἀγορᾷ
644 2760 728 2801 ἐπὶ
786 2764 891 2802 τῶν

90 2818 393 2875 τραπεζῶι]
439 2819 577 2861 Verba
611 2818 680 2858 καὶ
709 2820 752 2860 ἓν
782 2817 889 2873 ἆγο-

90 2881 144 2934 ρᾷ
179 2877 252 2916 ἐπὶ
283 2883 366 2918 τῶν
386 2878 609 2931 τραπεζῶν
627 2877 892 2930 respondent

91 2935 302 2986 proximis
343 2936 424 2976 illis
457 2933 526 2972 καὶ
556 2933 734 2974 dvo-91..
796 2935 892 2976 Nec

90 2999 207 3033 recte
249 2993 518 3034 scribebatur
565 2992 633 3031 καὶ
673 2993 715 3031 ἐν
754 2989 892 3067 υἷεγορᾷ

89 3047 174 3087 καὶ
211 3049 278 3089 ἐπὶ
307 3054 389 3090 τῶν
420 3048 663 3103 τραπεζῶν,
706 3051 801 3102 quia
846 3052 892 3090 αἱ

89 3103 301 3159 τράπεζαι
337 3109 381 3149 in
420 3107 516 3148 foro
555 3107 891 3150 fuerunt.1ta-

89 3176 172 3216 que
203 3165 332 3206 verba
354 3164 426 3205 ἐπὶ
443 3168 525 3204 τῶν
550 3163 768 3218 τραπεζῶν
789 3165 889 3206 sub-

90 3222 198 3263 iecta
241 3227 338 3263 sunt
379 3221 674 3275 explicationis
721 3235 890 3273 caussa,

90 3291 170 3319 usu
206 3280 313 3320 satis
346 3280 581 3332 frequenti.
642 3279 777 3321 Plane
813 3293 890 3322 co-

90 3335 187 3377 dem
232 3337 363 3379 modo
405 3339 445 3379 in
484 3335 649 3390 Hippia
694 3335 791 3380 min.
844 3351 887 3391 p.

89 3392 188 3438 368.
222 3393 282 3436 B:
314 3396 358 3437 ἐν
386 3394 526 3450 ἀγορᾷ
561 3393 627 3435 ἐπὶ
657 3397 753 3440 ταῖς
783 3410 887 3452 τρα.

985 1147 1151 1198 πεζαις·
1192 1149 1263 1190 ubi
1303 1148 1417 1202 quod
1457 1148 1530 1189 ἐπὶ
1574 1161 1670 1190 cum
1708 1147 1785 1189 da-

983 1206 1072 1247 tivo
1111 1207 1382 1249 coniunctum
1426 1208 1607 1260 legitur,
1653 1218 1783 1260 quum

983 1263 1067 1305 hoo
1100 1267 1198 1307 loco
1229 1265 1441 1318 genitivus
1473 1269 1669 1318 ponatur,
1705 1276 1785 1304 no-

982 1322 1160 1365 tandum
1192 1328 1260 1364 est
1293 1320 1385 1373 ὲπὶ,
1416 1322 1475 1364 ad
1520 1334 1691 1376 prope
1724 1322 1784 1361 si·-

980 1381 1201 1433 gnificans,
1233 1393 1327 1422 cum
1347 1385 1530 1433 utroque
1548 1392 1652 1421 casu
1678 1391 1783 1419 con-

982 1439 1092 1479 strui
1129 1441 1286 1480 solere.
1333 1437 1387 1480 cf.
1433 1439 1587 1479 Rost.
1634 1438 1711 1476 Gr.
1741 1435 1782 1487 ξ.

985 1497 1078 1540 110.
1113 1496 1258 1539 adnot.
1288 1495 1328 1538 2.
1362 1509 1401 1549 p.
1434 1497 1533 1541 560.
1551 1494 1621 1538 ed.
1643 1494 1684 1538 7.
1717 1493 1783 1534 In-

981 1555 1235 1607 telliguntur
1265 1558 1412 1595 autem
1453 1566 1664 1596 mensae
1694 1563 1783 1592 nu-

983 1613 1358 1663 mulariorum,
1386 1625 1499 1664 quae
1524 1612 1651 1652 etiam
1671 1608 1783 1655 alibi,

982 1671 1099 1711 velut
1128 1669 1240 1723 apud
1273 1670 1625 1712 Demosthen
1644 1667 1782 1710 T.11.

984 1742 1024 1781 ρ.
1067 1728 1167 1770 470.
1218 1742 1258 1782 ρ.
1299 1726 1398 1772 472.
1527 1725 1783 1771 946.1s0-

984 1790 1114 1826 crat.
1147 1799 1191 1839 p.
1222 1785 1322 1829 449.
1349 1799 1391 1839 p.
1410 1742 1510 1829 450.
1539 1799 1582 1839 ρ.
1603 1782 1690 1828 704
1713 1781 1781 1825 ed.

981 1844 1132 1885 Reisk.
1181 1844 1435 1897 simpliciter
1479 1844 1525 1883 αἱ
1573 1838 1785 1895 τράπεζαι

978 1907 1208 1953 vocantur3
1246 1907 1375 1954 atque
1415 1901 1515 1943 inde
1539 1899 1644 1941 dicti
1679 1901 1780 1938 sunt

978 1959 1234 2010 τραπεζῖται
1264 1973 1298 2000 s.
1333 1957 1613 2000 mensarii.
1655 1955 1779 1998 Quo-

978 2018 1087 2057 niam
1110 2022 1258 2059 autem
1278 2016 1332 2058 ad
1362 2018 1456 2058 illas
1487 2027 1661 2058 mensas
1684 2024 1780 2053 ver-

978 2075 1183 2115 sabantur
1222 2074 1315 2115 fere
1360 2074 1556 2115 homines
1596 2071 1780 2118 nobiles,

979 2131 1133 2172 divites
1168 2137 1212 2173 et
1241 2129 1447 2185 opulenti,
1481 2131 1606 2172 facile
1635 2126 1781 2170 estad

978 2189 1321 2241 intelligendum,
1340 2201 1416 2230 cur
1437 2187 1642 2229 Socrates
1663 2185 1783 2226 dicat

981 2260 1028 2287 se
1041 2260 1063 2286 a
1084 2246 1294 2288 iudicibus
1306 2245 1494 2302 ἐνᾶγορᾷ
1506 2244 1782 2297 ἐπὶτῶν-τρα-

979 2301 1111 2352 πεζῶν
1131 2303 1318 2345 auditum
1337 2317 1449 2347 esse.
1482 2302 1588 2344 Nam
1613 2300 1778 2341 iudices

979 2374 1062 2402 nou
1083 2368 1203 2402 erant
1224 2361 1424 2403 homines
1443 2361 1612 2401 infimae
1631 2357 1776 2400 sortis.

1035 2417 1121 2458 καὶ
1162 2415 1390 2472 ἄλλοθι]
1432 2417 1469 2460 h.
1504 2432 1540 2458 e.
1578 2419 1618 2457 iu
1650 2414 1778 2457 olfi-

979 2476 1117 2516 cinis
1164 2481 1216 2517 et
1273 2476 1596 2530 palaestris.
1666 2476 1778 2525 Apte

979 2532 1288 2576 Fisclierus
1357 2537 1583 2586 comparat
1660 2531 1777 2571 Ari-

978 2590 1480 2635 stid.Orat.Platon.II.
1507 2605 1546 2644 p.
1561 2588 1660 2631 223.
1674 2587 1776 2631 T.11

977 2648 1045 2692 ed.
1078 2649 1162 2690 leb.
1180 2664 1188 2674 ·
1219 2649 1245 2689 ὅ
1265 2667 1308 2690 τι
1338 2646 1778 2699 πλεῖσταἈθηναίων

975 2706 1042 2747 ἔπι
1072 2711 1154 2747 τῶν
1184 2707 1400 2759 τραπεζῶν
1438 2706 1509 2745 καὶ
1536 2709 1620 2745 τῶν
1651 2706 1779 2760 ἐργα-

975 2765 1158 2816 στηρίωιΙ
1188 2765 1416 2818 διελέγετο.
1444 2764 1592 2805 Dion.
1616 2761 1779 2815 Chry-

975 2827 1106 2863 sost.
1137 2821 1258 2864 Orat.
1292 2820 1676 2892 11V.33.557.c
1709 2817 1777 2860 ed.

976 2880 1172 2921 Morest:
1210 2881 1308 2934 περί
1337 2895 1382 2920 τε
1417 2879 1496 2931 τὴν
1527 2876 1690 2932 ἀγοραν
1721 2872 1776 2915 τὰ

976 2935 1112 2977 πολλὰ
1144 2936 1371 2990 διατρίβων
1401 2938 1472 2978 καὶ
1503 2937 1561 2981 εἰς
1590 2935 1667 2983 τὰς
1690 2949 1775 2974 πα-

977 2995 1180 3045 λαίστρας
1233 2994 1367 3043 εἶςιώι
1416 3010 1486 3034 και
1527 2993 1638 3048 πρὸς
1678 2996 1776 3036 ταῖς

977 3052 1203 3104 τραπέζαις
1273 3051 1584 3106 καθεζόμενος.
1652 3049 1776 3093 Adde

976 3109 1218 3163 Xenopli.
1250 3111 1381 3152 Mem.
1412 3111 1451 3159 Ι,
1485 3110 1524 3158 1,
1558 3109 1624 3154 10.

1036 3167 1086 3207 D.
1119 3166 1254 3222 μήτε
1291 3167 1600 3223 θορυβεῖν]
1633 3170 1776 3219 θορυ-

974 3227 1065 3277 βεῖν
1102 3225 1258 3267 dicitur
1309 3226 1362 3267 de
1408 3228 1595 3266 tumultu
1636 3224 1774 3264 omnis

976 3283 1164 3334 generis,
1193 3289 1241 3324 ut
1270 3296 1398 3336 quum
1439 3283 1603 3325 iudices
1633 3283 1774 3334 capita

977 3346 1220 3389 conserunt,
1244 3347 1288 3383 et
1307 3342 1508 3392 fremunt,
1533 3347 1576 3381 et
1596 3342 1772 3393 loquun-

976 3402 1044 3438 tur
1082 3397 1166 3449 ita,
1217 3403 1264 3440 ut
1303 3399 1439 3441 audiri
1478 3398 1631 3453 possit.
1693 3398 1771 3439 Est
