2222 3762
1608 174 1845 229 XXVII

148 327 399 390 quentem
450 317 697 386 induxit,
748 318 788 369 ii
836 317 1203 370 coniecturam
1251 317 1502 369 fecerunt
1559 337 1625 369 ex
1665 337 1727 369 ea
1764 337 1842 385 re,

145 389 290 444 unde
326 390 542 442 minime
579 387 883 456 debebant,
922 387 1026 441 hoc
1064 394 1147 442 est
1169 427 1184 454 ,
1225 406 1291 439 ex
1327 395 1527 441 ornatu
1562 388 1687 441 libri
1726 408 1842 442 sce-

147 462 289 530 nico,
330 481 489 531 quem
527 467 742 513 constat
779 478 810 512 a
845 459 1076 513 Platone
1117 459 1435 528 saepissime
1472 459 1549 511 ita
1588 478 1707 512 esse
1747 459 1843 511 ad-

148 532 396 599 hibitum,
437 539 499 584 ut
533 538 836 601 temporum
876 530 1112 584 rationes
1138 530 1504 602 negligantur.
1579 531 1701 585 Nec
1783 550 1842 583 o-

145 611 289 658 terat
322 603 481 656 Plato
533 602 591 654 in
629 601 929 655 Phaedone
961 601 1316 673 probabiliter
1353 601 1636 656 Socratem
1673 621 1737 655 co
1763 603 1841 654 lo-

146 682 404 745 quentem
442 674 620 726 facere
667 692 790 726 cum
827 673 1074 745 Archyta
1122 673 1303 742 aliquo
1353 681 1448 725 aut
1484 674 1709 726 Timaeo
1750 681 1844 725 aut

148 747 393 817 EurytO,
436 753 497 797 ut
531 745 748 797 minime
790 745 1080 799 obscurum
1120 745 1220 811 sit,
1263 763 1359 797 cur
1396 743 1693 813 Simmiam,
1738 743 1843 796 Ce-

147 818 326 872 betem
365 824 419 869 et
455 816 812 869 Echecratem
849 835 971 869 cum
1007 835 1071 869 eo
1111 816 1400 869 convenire
1433 817 1668 889 iusserit.
1735 815 1847 870 Sed

152 889 258 942 alia
297 890 455 941 etiam
491 906 655 940 causa
693 895 793 955 est,
833 907 929 941 cur
951 888 1030 939 ita
1068 886 1134 939 de
1174 894 1436 956 tempore,
1478 907 1586 957 quo
1619 886 1843 940 Phaedo

150 960 389 1030 scriptus
424 960 524 1026 sit,
584 959 970 1012 existimemus,
1044 957 1188 1010 Nam
1227 967 1281 1010 et
1315 958 1559 1011 idearum
1598 958 1845 1012 doctrina

150 1032 208 1084 in
244 1050 308 1085 eo
340 1039 451 1083 tam
489 1037 571 1083 est
605 1030 847 1099 perfecta
885 1037 940 1081 et
976 1029 1258 1096 absoluta,
1310 1038 1371 1080 ut
1421 1030 1477 1081 in
1527 1030 1677 1082 nullo
1735 1030 1842 1082 alio

149 1102 286 1155 libro
329 1100 532 1172 magis3
583 1107 637 1152 et
673 1107 1049 1171 argumentum
1088 1098 1154 1151 de
1195 1100 1495 1152 animorum
1531 1100 1844 1153 immortali-

149 1180 295 1240 tate,
348 1170 497 1241 quod
543 1170 599 1222 in
649 1190 712 1223 eo
761 1171 1090 1240 explicatum
1128 1178 1240 1238 est,
1299 1172 1460 1223 etiam
1497 1171 1552 1224 in
1593 1170 1844 1224 Phaedro

152 1251 208 1297 et
247 1242 448 1296 Politia
483 1250 779 1311 tractatur,
827 1249 889 1295 ut
932 1241 1019 1295 vel
1055 1241 1182 1295 hinc
1219 1262 1330 1295 non
1365 1243 1547 1314 inepte
1588 1243 1845 1296 coniicias

152 1315 286 1368 haec
334 1333 499 1386 opera
547 1314 726 1366 omnia
775 1314 888 1366 fere
940 1311 1131 1366 eodem
1179 1315 1443 1384 temporis
1496 1316 1674 1386 spatio
1726 1333 1847 1367 esse

156 1393 359 1439 exorta.
437 1383 603 1451 Quod
642 1393 822 1437 autem
847 1384 1091 1440 Socratis
1129 1386 1408 1439 morientis
1445 1386 1623 1458 imago
1658 1386 1711 1438 in
1755 1385 1847 1438 illo

154 1457 293 1511 libro
369 1457 489 1509 uasi
526 1457 595 1509 ob
635 1457 822 1509 oculos
861 1457 1118 1527 ponitur,
1156 1456 1214 1509 id
1253 1476 1376 1510 cum
1414 1458 1724 1529 argumenti
1762 1476 1849 1509 ra-

147 1529 231 1582 -tio
270 1477 488 1582 videtur
525 1526 788 1596 effecisse,
828 1535 943 1580 tum
982 1528 1145 1580 etiam
1181 1528 1334 1596 illud,
1376 1528 1524 1597 quod
1550 1528 1850 1582 Athenien-

157 1600 335 1667 sibus,
389 1599 484 1668 qui
532 1598 700 1652 multo
748 1599 949 1653 rectius
998 1599 1207 1652 interea
1246 1600 1312 1652 de
1352 1599 1596 1654 Socratis
1635 1601 1850 1653 virtuti-

155 1672 256 1725 bus
291 1669 532 1724 iudicare
571 1669 894 1724 didicissent
929 1671 1004 1740 ²³⁸),
1045 1671 1334 1725 ostendere
1370 1671 1609 1740 volebat,
1650 1678 1854 1741 quanta

108 1809 116 1813 ἡ
154 1743 349 1796 suisset
385 1741 548 1794 animi
570 1741 943 1812 magnitudine
983 1749 1037 1794 et
1066 1743 1268 1813 pietate
1293 1744 1511 1812 sapiens
1534 1742 1644 1812 ille,
1686 1762 1847 1813 quem

155 1814 282 1866 olim
316 1813 520 1866 iniusto
558 1813 761 1866 iudicio
801 1833 829 1866 e
867 1813 1048 1867 medio
1077 1814 1444 1868 sustulissent.
1523 1814 1689 1882 Quod
1728 1815 1847 1883 qui-

157 1884 279 1938 dem
316 1885 494 1938 facere
531 1891 647 1937 tum
701 1893 916 1956 poterat
954 1904 1017 1938 eo
1055 1885 1261 1955 tutius,
1313 1905 1420 1956 quo
1466 1888 1699 1939 maiores
1751 1886 1848 1938 ho-

155 1974 315 2010 nores
349 1954 573 2009 videbat
621 1957 688 2010 ab
726 1956 1157 2010 Atheniensibus
1198 1957 1415 2011 Socrati
1461 1966 1588 2028 post
1622 1965 1849 2011 mortem

157 2027 374 2080 habitos
423 2044 569 2091 esse;
631 2043 807 2097 neque
858 2026 1082 2081 dubium
1129 2037 1239 2097 est,
1304 2029 1434 2098 quin
1496 2029 1658 2082 etiam
1707 2048 1852 2081 nunc

159 2097 431 2152 scribendi
456 2098 739 2151 consilium
767 2098 833 2150 ad
852 2106 1160 2168 temporum
1197 2101 1435 2153 rationes
1476 2099 1850 2153 accommoda-

158 2169 316 2222 verit.
391 2167 504 2222 Sed
542 2170 674 2223 satis
717 2169 783 2221 de
823 2169 1135 2224 Phaedone.
1211 2171 1510 2224 Difficilius
1568 2172 1728 2224 etiam
1769 2173 1852 2223 iu-

162 2239 364 2293 dicium
401 2246 483 2292 est
521 2238 587 2292 de
623 2240 905 2308 Phaedro,
954 2259 1115 2309 quem
1154 2240 1853 2294 Schleiermacherus

167 2309 380 2364 censuit
417 2329 448 2362 a
487 2310 716 2363 Platone
757 2311 1047 2364 admodum
1083 2312 1277 2365 iuvene
1317 2331 1434 2365 esse
1475 2313 1852 2384 compositum,

161 2389 226 2435 ut
262 2381 366 2434 sibi
406 2383 560 2451 quasi
599 2382 737 2435 viam
773 2384 1105 2454 patefaceret
1157 2383 1226 2436 ad
1274 2383 1442 2436 totius
1479 2384 1855 2455 philosophiae

163 2460 347 2526 partes
399 2471 521 2521 eas,
570 2472 707 2522 quae
761 2465 944 2507 essent
978 2455 1364 2526 gravissimae,
1422 2454 1690 2525 deinceps,
1734 2475 1855 2526 per-

163 2522 474 2577 tractandas
528 2530 581 2576 et
629 2524 976 2596 exponendas
1015 2526 1120 2595 W).
1211 2526 1279 2579 In
1328 2545 1436 2595 quo
1493 2525 1696 2580 iudicio
1753 2527 1857 2579 etsi

164 2594 322 2649 facile
357 2595 705 2649 concedimus
743 2595 948 2666 aliquid
985 2597 1098 2650 veri
1134 2597 1347 2665 inesse,
1405 2605 1587 2650 tamen
1624 2597 1857 2651 nolimus

165 2665 403 2719 indidem
443 2667 758 2720 conclusum
798 2686 946 2734 esse,
1003 2668 1149 2736 quod
1186 2670 1269 2722 vir
1306 2669 1692 2736 sagacissimus
1727 2669 1857 2722 inde

167 2737 448 2792 conclusit.
503 2737 684 2804 Quum
708 2739 848 2790 enim
870 2739 1227 2810 philosophus
1266 2747 1320 2793 et
1362 2740 1667 2794 doctrinam
1705 2759 1858 2794 suam

166 2816 223 2864 et
257 2809 560 2863 disserendi
610 2810 873 2863 rationem
918 2810 1249 2882 pedetentim
1290 2812 1587 2866 excoluerit
1637 2831 1700 2866 ac
1739 2831 1859 2883 per-

238 3051 282 3105 ·“)
316 3050 364 3090 V.
396 3050 545 3102 Diog.
579 3050 758 3091 Laert.
790 3051 852 3093 11.
883 3050 939 3094 40
970 3063 1065 3104 sqq.
1098 3053 1247 3104 ibique
1284 3053 1505 3104 Menag.
1546 3055 1769 3099 Aelian.
1814 3056 1860 3097 V.

282 3109 341 3150 H.
371 3108 407 3148 Ι.
439 3107 509 3174 l6.
541 3107 601 3148 11.
635 3107 703 3151 36.
748 3109 963 3151 Diodor.
1006 3110 1131 3153 XIV.
1166 3110 1237 3154 37.
1280 3111 1566 3155 Plutarch.
1609 3114 1662 3153 de
1693 3115 1863 3154 invidia

210 3223 274 3276 ”)
304 3172 359 3263 ’ξὲ
387 3164 694 3264 &gezi-&5933
726 3173 921 3267 {dila-edm
962 3240 1002 3281 p.
1034 3227 1089 3271 67
1119 3241 1216 3280 sqq.
1249 3227 1347 3266 coll.
1388 3226 1632 3269 Introduct.
1665 3230 1721 3270 ad
1752 3228 1862 3281 Opp.

316 3280 488 3324 Platon.
530 3294 569 3333 p.
615 3280 670 3324 17
709 3295 800 3336 sqq.
868 3285 931 3324 De
969 3285 1054 3325 hoc
1088 3297 1218 3338 opere
1258 3285 1436 3337 eiusque
1474 3286 1717 3338 originibus
1759 3287 1862 3339 qnid

312 3339 569 3389 sentiamus,
603 3340 824 3391 copiosius
857 3355 994 3395 nuper
1023 3344 1068 3383 in
1099 3343 1383 3384 praefatione
1415 3343 1471 3383 ad
1503 3345 1737 3385 secundam
1771 3344 1861 3382 eius

262 3418 269 3428 =
314 3397 548 3437 editionem
584 3400 874 3449 exposuimus.
