2158 3718
657 135 867 188 CRIT
887 134 956 187 O.
999 135 1058 187 P.

138 290 498 359 πεπρᾶχθαι,
556 283 730 351 ὥςπερ
791 279 863 336 ἄν
918 285 1172 358 πραχθῆ.

706 364 1123 435 ωΣαὶκρατες,
1167 387 1259 420 και
1308 366 1409 429 τῆς
1449 364 1560 415 τῶν
1604 366 1824 418 πολλῶν
1871 357 1924 408 D

135 371 203 440 δή
220 415 234 440 ,
279 369 366 426 ὅτι
410 371 626 439 ἀνάγκη
647 410 662 438 ⁷

1097 134 1184 186 44.
1224 131 1303 186 St.
1717 135 1817 184 205

1274 282 1392 333 KP.
1463 276 1609 332 ’'Am
1687 277 1824 350 ὁρᾷς·

135 457 295 523 (δόξης
347 459 545 525 μέλειν.
603 448 748 506 αὐτὰ
807 454 862 505 δὲ
923 453 1061 517 δῆλα
1106 471 1175 503 τα
1223 446 1479 517 παρόντα
1525 452 1676 511 νυνί,
1737 447 1826 502 ὅτι

133 539 245 597 οἶοί
294 537 339 592 τ’

412 541 545 593 εἰσιν
592 541 645 592 οἱ
689 538 884 591 πολλοι
932 534 997 589 οὐ
1040 531 1109 588 τὰ
1156 530 1497 604 σμικρότατα
1554 533 1664 584 τῶν
1721 554 1822 586 κα-

129 627 240 680 κῶν
281 622 674 692 ἐξεργάζεσθαι
715 617 859 674 ἀλλὰ
908 620 976 673 τὰ
1023 625 1248 690 μέγιστα
1297 614 1518 687 σχεδόν,
1583 614 1681 669 ὲοέν
1744 638 1826 680 τις

128 716 188 764 ὲν
231 707 425 772 αὐτοῖς
469 708 896 812 διαβεβλημένος
939 696 990 780 ἧ.

1078 702 1208 757 ΣΩ.
1257 705 1324 756 Ei
1366 696 1470 771 ,ἀρ
1502 696 1734 774 ὤφελον,
1781 692 1820 754 ὦ

129 795 384 864 Κρίτων,
440 789 550 846 οἶοί
597 812 654 845 τε
710 789 848 844 εἶναι
905 793 956 843 οι’
1022 791 1220 842 πολλοὶ
1274 783 1341 840 τὰ
1403 791 1629 854 μέγιστα
1675 807 1818 839 κακα

127 876 555 949 ἐξεργάζεσθαι,
606 879 698 929 iva
760 872 871 928 οἶοί
921 893 976 927 τε
1033 891 1176 938 ησαν
1230 862 1303 924 αὗ
1358 873 1448 924 καὶ
1492 867 1696 938 ἀμκθὰ
1746 871 1813 924 τοὶ

131 1097 234 1138 Ven.
267 1097 306 1136 Ι).
339 1095 516 1168 aliisque
548 1094 705 1136 multis

242 1152 326 1193 ἵνα
365 1146 562 1192 οἷοίτ’
607 1146 741 1202 ἦσαν
781 1143 868 1201 mi]
914 1149 1111 1189 Accessit
1150 1142 1210 1187 αὖ
1251 1162 1274 1189 e
1317 1147 1419 1189 V.eu
1453 1148 1495 1188 b.
1541 1146 1672 1190 Huet.
1716 1147 1815 1188 Par.

128 1212 220 1254 DS.
282 1211 390 1251 Cum
422 1210 626 1250 Bekkero
657 1208 910 1250 adiecimus.

98 1293 99 1300 κ
128 1271 226 1311 Par.
258 1269 351 1309 DS.
383 1268 454 1308 alii
483 1267 670 1320 quidam.

127 1438 441 1492 neglexisse
478 1434 726 1486 videbor,
760 1436 927 1487 quasi,

125 1498 170 1537 si
224 1495 359 1549 quid
413 1493 673 1548 pecuniae
727 1494 928 1546 impen-

124 1554 256 1595 dere
314 1554 541 1597 vellem,
597 1564 820 1604 possem
875 1556 928 1590 te

123 1623 475 1652 conservare.
539 1609 730 1661 Denique
762 1621 813 1649 ne
834 1608 927 1660 quis

125 1669 238 1710 forte
279 1670 437 1710 inserta
479 1667 687 1725 particula
727 1665 781 1706 ἄν
819 1666 926 1706 scri-

124 1726 310 1768 bendum
330 1732 454 1779 putet
484 1723 538 1771 ὦς
569 1724 663 1771 οἰός
693 1724 734 1764 τ’
769 1741 822 1763 αν
853 1723 925 1775 ὢν,

123 1785 236 1827 conf.
287 1783 470 1825 Herm.
519 1782 571 1823 nd
617 1782 714 1826 Eur.
758 1783 924 1824 Hecub.

123 1857 162 1884 v.
182 1841 309 1886 1087.
329 1846 373 1883 et
390 1841 463 1893 qui
482 1840 660 1894 plurima
683 1840 925 1881 istiusmodi

122 1901 319 1953 exempla
368 1899 544 1951 collegit
593 1897 924 1940 Schaeferus

47 1967 49 1970 ⁴
121 1957 290 2000 Melett.
325 1957 436 1997 critt.
470 1969 511 2009 p.
544 1954 614 1999 55.

179 2046 232 2087 C.
301 2041 508 2094 ταύτης
556 2038 716 2090 δόξα,
763 2039 789 2092 ἢ
843 2041 923 2080 δο-

121 2102 252 2155 κεῖν]
294 2102 358 2142 De
399 2099 478 2141 hac
518 2099 716 2149 loquendi
756 2099 924 2140 ratione

122 2160 310 2210 Mattlu.
345 2158 422 2199 Gr.
442 2158 480 2210 ξ.
502 2155 602 2199 450.
625 2157 664 2198 2.
700 2161 744 2197 et
764 2159 804 2208 ξ.
824 2155 924 2199 468.

121 2230 158 2260 c.
206 2218 304 2259 coli.
344 2213 533 2256 anm-ad
574 2213 711 2266 Gorg.
750 2227 790 2266 p.
822 2214 921 2256 500.

121 2274 171 2317 C.
231 2273 350 2315 Infra
377 2286 434 2342 1ΙΡ.
475 2270 545 2314 53.
583 2270 637 2312 Β.
678 2269 924 2323 βεβαιώσεις

121 2355 176 2362 —-
206 2330 285 2382 τὴν
316 2328 472 2381 δόξαν,
502 2327 605 2374 ω’ςτε
638 2328 781 2368 δοκεῖ)
812 2344 849 2368 κ.
884 2345 921 2370 τ.

120 2390 156 2430 λ.
235 2389 372 2429 Simili
429 2386 692 2428 abundantia
755 2386 924 2426 Hero—

120 2448 228 2489 dot.
262 2446 377 2488 vill.
409 2443 459 2488 4:
500 2441 616 2496 παρὰ
650 2442 726 2486 δόΞ
729 2459 780 2481 αν
811 2465 865 2473 —-
898 2442 924 2496 ἢ

119 2504 173 2550 ὡς
205 2501 337 2544 αυτοὶ
367 2500 630 2543 κατεδόκοιι
679 2499 837 2553 Soph.
857 2502 924 2541 El.

121 2576 160 2604 v.
175 2562 274 2608 519.
308 2558 387 2600 οὐκ
416 2561 511 2601 ἴσον
541 2555 689 2611 καμὼν
716 2560 825 2611 ἐμοί,
859 2557 922 2598 ὖ”τ

120 2617 302 2671 ἴσπειρ’,
338 2615 474 2667 ὥςπερ
517 2614 539 2668 ἤ
582 2615 775 2657 τίκτουσ’
825 2615 922 2669 ἐγώ,

123 2677 194 2718 ubi
223 2676 383 2718 fallitur
412 2687 602 2728 nuperus
636 2674 862 2727 interpreS.

178 2761 229 2802 D.
289 2757 422 2801 αὐτὰ
464 2761 513 2802 δὲ
554 2759 693 2811 δῆλα
737 2758 797 2799 τὰ
830 2775 921 2799 πα-

121 2817 309 2874 ρόντα]
342 2818 474 2861 Quod
512 2815 834 2870 Stephanus
866 2817 921 2859 de

120 2878 368 2918 coniectura
444 2875 696 2916 Cor-narii
759 2876 922 2929 recepit

119 2933 256 2987 δηλοῖ,
287 2931 354 2982 id,
387 2932 555 2973 etiamsi
592 2932 730 2984 primo
763 2932 920 2986 adspe-

120 2997 193 3033 ctu
221 2989 492 3033 verissimum
525 2988 742 3039 videatur,
775 2994 920 3031 tamen

119 3062 203 3091 non
233 3052 300 3090 est
331 3045 633 3087 necessarium.
661 3045 814 3099 Neque
845 3060 920 3088 ve-

119 3119 168 3148 ro
210 3105 451 3158 indigemus
494 3102 746 3145 Fischeri
788 3106 921 3146 ratio-

118 3177 188 3216 ne,
222 3163 292 3216 qui
322 3163 483 3203 frustra
506 3173 558 3201 ex
589 3161 753 3211 aliquot
773 3160 920 3203 Theo—

117 3221 280 3275 phrasti
332 3225 375 3261 et
414 3217 618 3259 Antonini
667 3219 800 3271 locis,
853 3221 918 3261 vel

115 3279 229 3320 salso
260 3276 488 3320 intellectis
531 3277 596 3317 vel
627 3281 791 3317 temere
823 3289 918 3318 cor-

116 3336 274 3390 ruptis,
303 3334 605 3376 demonstrare
640 3337 821 3374 conatus
854 3339 920 3376 est

117 3392 248 3445 δῆλον
286 3392 442 3434 habere
482 3390 566 3432 vim
615 3395 658 3432 et
698 3390 916 3444 signitica-

974 1208 1080 1249 Dein
1122 1201 1229 1257 ἦσαν
1261 1219 1346 1246 om.
1388 1207 1500 1247 Ven.
1535 1206 1572 1244 b.

1616 1206 1653 1244 V
1659 1205 1742 1246 ind.
1776 1206 1815 1247 6

1016 1434 1176 1474 tionem
1226 1434 1439 1484 activam,
1498 1438 1544 1474 ut
1596 1432 1709 1473 idem
1765 1434 1820 1473 sit

1016 1491 1130 1544 quod
1175 1490 1423 1543 δηλωτικόν.
1499 1490 1664 1531 Etenim
1713 1492 1819 1530 scri-

1015 1555 1113 1603 ptor
1145 1563 1221 1602 per
1259 1548 1573 1590 anacoluthiam
1605 1548 1816 1600 quandam

1014 1622 1037 1648 n
1085 1608 1254 1658 passiva
1313 1608 1481 1647 ratione
1537 1605 1590 1646 ad
1636 1606 1816 1646 activam

1013 1665 1218 1707 deflectit.
1248 1667 1251 1670 ’
1278 1664 1384 1706 Nam
1421 1665 1543 1705 Crito
1578 1676 1710 1715 quum
1742 1664 1817 1704 nd-

1012 1723 1178 1763 ‹iiturus
1210 1729 1328 1763 esset
1364 1723 1490 1763 llaec:
1522 1719 1698 1774 ὅτιῦπὸ
1734 1726 1820 1761 τῶν

1010 1782 1178 1820 πολλῶν
1208 1781 1503 1833 ἐξειργασμένα
1538 1780 1673 1828 ἐστίν,
1715 1792 1818 1819 con-

1012 1838 1249 1879 structione
1281 1842 1460 1891 repente
1490 1842 1677 1884 mutata,
1725 1849 1815 1877 rem

1012 1899 1149 1937 multo
1210 1897 1383 1948 gravius
1445 1896 1686 1947 eloquitur,
1750 1895 1813 1935 di-

1011 1966 1135 1997 oeus:
1171 1949 1242 1993 ὅτι
1271 1948 1363 1994 οἶοί
1391 1954 1441 1991 τέ
1467 1953 1568 1993 εἰσιν
1600 1954 1641 1992 οἱ
1667 1952 1823 1992 πολλοί

1007 2028 1045 2052 κ.
1077 2027 1114 2054 τ.
1147 2011 1183 2053 λ,
1245 2011 1443 2052 Omnium
1469 2011 1637 2051 minime
1671 2016 1814 2051 autem

1010 2081 1117 2123 opus
1159 2073 1225 2109 est
1271 2068 1608 2119 transpositione
1660 2067 1817 2108 verbo-

1010 2140 1126 2175 rum,
1189 2138 1318 2176 quam
1386 2125 1491 2166 fecit
1549 2124 1814 2177 Hirschig.

1010 2182 1265 2225 scribendo:
1333 2180 1385 2222 τὰ
1451 2182 1541 2223 νυνὶ
1600 2181 1814 2233 παρόντα,

1009 2241 1208 2293 quoniam
1274 2239 1439 2280 scilicet
1500 2243 1575 2279 νῦν
1626 2245 1670 2280 et
1727 2238 1816 2279 νυνὶ

1009 2310 1222 2350 nunquam
1255 2309 1338 2338 uon
1370 2297 1479 2338 inter
1510 2298 1736 2338 articulum
1770 2301 1814 2338 et

1010 2355 1277 2409 participium
1334 2353 1478 2395 medio
1530 2356 1626 2396 loco
1677 2355 1814 2395 collo·

1011 2419 1174 2456 centur.
1237 2411 1362 2460 Quod
1402 2418 1520 2454 certe
1556 2418 1814 2465 praeposte-

1010 2483 1102 2512 rum
1154 2483 1250 2511 esse
1312 2469 1537 2518 iudicium,
1596 2482 1648 2510 ne
1709 2469 1812 2521 quid

1009 2528 1182 2581 gravius
1201 2526 1411 2581 dicamus,
1447 2541 1498 2568 ex
1526 2527 1576 2567 iis
1596 2528 1809 2579 iutellige-

1009 2593 1100 2634 tur,
1146 2598 1256 2638 quae
1306 2584 1463 2626 dudum
1513 2585 1566 2626 ad
1610 2584 1811 2626 Phaedo-

1008 2657 1103 2685 nem
1137 2657 1177 2697 p.
1198 2642 1270 2686 88
1294 2643 1350 2684 A.
1383 2647 1426 2684 et
1456 2643 1627 2686 Politic.
1651 2657 1692 2696 p.
1714 2642 1811 2686 273.

1008 2701 1056 2744 C
1091 2700 1388 2760 exposuimus.

1063 2757 1147 2797 ἵνα
1189 2753 1397 2798 οἷοίτε
1443 2752 1600 2810 ἠσιν]
1635 2758 1697 2798 De
1729 2756 1810 2798 hoc

1008 2815 1344 2858 constructionis
1367 2828 1526 2868 genere
1547 2828 1584 2855 v.
1607 2815 1658 2856 ad
1680 2814 1811 2870 Sym-

1006 2887 1098 2927 pos.
1130 2888 1171 2927 p.
1204 2873 1303 2916 181.
1341 2873 1389 2913 Β.
1430 2873 1720 2914 Hermann.
1753 2873 1806 2915 ad

1010 2931 1150 2984 Viger.
1192 2944 1233 2984 p.
1272 2930 1371 2974 850.
1443 2930 1668 2972 Sententia
1709 2943 1807 2972 ver-

1007 2989 1156 3030 borum
1190 2987 1296 3029 haec
1318 2992 1410 3031 est:
1441 3001 1544 3041 quo
1576 2987 1808 3030 efficere

1007 3051 1250 3100 possent
1298 3047 1456 3088 etiam
1515 3046 1655 3086 bona
1710 3059 1807 3087 mn-

1007 3103 1167 3154 xima‚
1207 3103 1256 3144 id
1295 3103 1441 3156 quod
1485 3116 1584 3144 non
1626 3108 1711 3144 est
1757 3104 1805 3144 in

1008 3173 1199 3202 eorum
1233 3164 1539 3213 potestate.

1060 3219 1150 3258 καὶ
1192 3217 1380 3272 ἐγαθὰ
1431 3217 1492 3258 τὰ
1539 3219 1804 3272 μέγιστα]

1005 3274 1196 3327 Propter
1225 3276 1544 3329 oppositionem
1570 3287 1681 3318 nune
1702 3273 1807 3328 ἄγα-

1003 3331 1069 3371 θὰ
1103 3333 1396 3386 praepositum
1424 3331 1636 3373 rhetorica
1669 3338 1807 3373 trans-

1004 3389 1215 3443 positione
1246 3389 1449 3432 admissa.
1506 3390 1604 3433 Quo
1627 3402 1707 3430 non
1742 3389 1803 3428 iu-
