2158 3718
463 39 470 46 v
624 35 626 37 >
666 31 675 39 ¹=
741 31 770 45 ‘m'
794 31 822 45 2..
840 29 870 42 ἴ)
886 30 890 35 ”
944 30 951 43 ’ῑ
1050 34 1065 42 .,
1098 33 1106 38 ι,
1151 31 1163 35 1=
1186 32 1189 34 -
1213 34 1220 44 Ι
1269 36 1274 43 4
1401 31 1403 34 ⁴

829 107 1090 151 PHAEno
1121 123 1167 165 p.
1191 75 1261 152 95.

1817 111 1922 166 227

133 249 302 313 σθαι,
339 243 577 314 θαρῤὤν
610 262 672 297 τε
708 244 804 296 καὶ
838 242 1152 313 ἡγούμενος
1183 243 1496 300 ἀποθανών
1523 249 1644 301 ἐκεῖ
1676 244 1743 302 εὖ
1779 251 1926 318 πρά-

30 336 52 377 .’
98 325 101 326 ’
142 327 261 390 ξειν
297 326 681 397 διαφερόντως
715 325 754 396 ἢ
791 328 844 380 εἰ
880 327 945 381 ἐν
981 326 1134 399 ἄλλῳ
1169 331 1276 400 βίῳ
1320 328 1482 397 βιοὺς
1521 332 1810 400 ἐτελεύτα,
1847 331 1922 402 μὴ

142 410 385 481 ἀνόητόν
428 430 490 465 τε
534 410 628 463 καὶ
674 409 904 479 ἠλίθιον
947 411 1162 481 θάῤῥος
1205 413 1500 482 θαῤῥήσει.

1577 412 1640 467 τὸ
1681 415 1742 468 δὲ
1779 414 1920 469 ἀπο-

139 498 389 564 φαίνειν,
429 493 515 548 ὅτι
552 493 788 563 ἰσχυρόν
825 498 883 548 τί
927 495 1081 548 ἐστιν
1117 494 1151 565 ἡ
1189 495 1340 566 ψυχὴ
1379 498 1473 550 καὶ
1508 499 1786 567 θεοειδές,
1825 501 1920 553 καὶ

141 577 278 648 [ὅτι]
324 572 398 648 ἦν
445 580 527 633 ἔτι
563 578 859 647 πρότερον,
898 580 1036 649 πρὶν
1071 577 1216 650 ἡμᾶς
1250 578 1593 651 ἀνθρώπους
1629 583 1915 652 γενέσθαι,

251 725 360 789 Ο.ἦ
353 727 478 777 εἶ’
456 749 515 777 εν
537 726 682 790 ἄλλῳ
705 733 768 790 β.]

797 731 841 777 εἰ
860 736 1051 777 additum
1074 745 1139 778 est
1159 751 1181 777 e
1202 737 1915 781 Bod1.Tub.Ven.HVind.Y43

134 790 230 834 Par.
253 791 316 833 GI
335 792 480 835 Ambr
504 792 613 832 Flor.
636 793 649 830 i
671 793 824 833 Zittav.
846 793 1093 834 Dobraeus
1084 807 1126 834 m
1147 794 1377 836 Adversar.
1401 795 1449 838 T.
1473 796 1510 837 1.
1532 808 1579 848 p.
1600 796 1681 835 271
1703 803 1802 848 post
1823 793 1911 848 βίῳ

134 847 350 888 excidisse
368 849 544 900 putabat
564 845 617 905 ᾧ.

247 911 396 971 ἡμᾶς
436 911 806 973 ανθρώπους]
849 921 962 961 Vett.
1001 921 1117 960 editt.
1156 932 1240 960 om.
1272 913 1562 986 ἀνθρώπους
1598 920 1743 961 invitis
1779 921 1911 963 codd.

129 979 298 1026 praeter
326 974 435 1016 Ven

461 974 742 1021 :omnibus
782 975 929 1015 Paullo
959 981 1057 1015 ante
1084 967 1158 1016 ὅτι
1187 984 1285 1015 ante
1313 965 1373 1029 ἦν
1403 989 1486 1016 non
1515 978 1690 1016 iteratur
1718 977 1759 1015 in
1783 976 1913 1019 Coisl

130 1030 238 1069 Ven.
247 1030 290 1070 A
308 1030 402 1070 Par.
429 1028 618 1071 CEHIL
638 1031 743 1073 Tub.
767 1031 877 1073 aliis.
917 1030 1004 1071 Sed
1023 1031 1144 1072 Bodl.
1168 1039 1209 1071 et
1229 1032 1339 1075 Ven.
1351 1032 1403 1072 Π
1417 1032 1461 1071 id
1483 1032 1639 1072 habent
1661 1043 1791 1084 supra
1815 1045 1910 1072 ver—

131 1097 226 1125 sum
253 1086 533 1139 adscriptum.
573 1086 661 1127 Nos
689 1098 838 1126 vocem
872 1095 1088 1139 tamquam
1116 1094 1360 1140 suspectam
1391 1089 1648 1138 notavimus,
1679 1099 1806 1139 quam
1843 1089 1910 1127 eii.

126 1137 308 1186 Bekker.
331 1149 371 1183 et
389 1142 532 1182 Herm.

125 1293 262 1321 mere
291 1290 339 1322 et
368 1281 534 1323 stulte
561 1282 717 1322 talem
745 1289 972 1323 tantam-

127 1349 226 1403 que
243 1337 497 1378 flduclam
514 1346 870 1407 suscepturus
889 1341 972 1380 slt

179 1383 214 1460 ᾖ
243 1389 295 1435 εἰ
322 1387 380 1436 ἒν
410 1385 558 1447 ἄλλῳ
583 1392 685 1448 βίῳ
710 1392 751 1448 β.
775 1387 972 1446 ε’τ.-]1)ο

125 1451 212 1491 cuit
241 1451 352 1492 enim
383 1449 580 1491 Socrates
609 1451 650 1490 in
683 1452 972 1502 superioribus

123 1519 214 1557 eos,
242 1507 314 1559 qui
339 1507 523 1547 maxime
551 1506 845 1560 philosophiae
868 1520 971 1562 ope-

120 1575 213 1603 ram
233 1563 440 1613 dederint,
458 1562 658 1602 facillime
674 1563 727 1603 ad
746 1564 847 1604 deos
872 1577 969 1604 evo-

115 1620 210 1664 lare
239 1626 279 1658 et
298 1620 354 1660 ad
381 1620 611 1658 maximam
632 1620 855 1671 pervenire
875 1619 969 1660 feli-
1005 1638 1009 1642 -

119 1676 291 1716 citatem
313 1687 362 1715 ac
384 1675 640 1715 beatitatem.

176 1723 236 1772 τὸ
260 1725 321 1772 δὲ
343 1721 823 1783 ἄποφαίνειν,ο’τι
846 1726 967 1785 ἰσχ.]

117 1786 258 1828 Locus
289 1787 411 1828 valde
438 1787 675 1851 impeditus
696 1797 736 1827 et
770 1786 968 1840 plurimis

117 1844 304 1884 virorum
334 1840 555 1884 doctorum
585 1843 837 1884 coniecturis
872 1852 967 1884 ten-

115 1905 244 1941 tatus.
285 1899 570 1940 Nihilominus
601 1907 641 1938 et
669 1899 792 1942 codd.
818 1912 965 1940 omnes

116 1956 170 1996 de
210 1956 300 1996 eius
338 1956 548 2009 scriptura
586 1956 855 1995 consentiunt
891 1969 968 1996 nec

117 2012 351 2064 quidquam
400 2011 491 2052 loco
542 2012 800 2052 movendum
841 2013 965 2053 nobis

115 2068 298 2109 videtur.
342 2067 427 2108 Sed
448 2068 670 2108 videamus
694 2068 746 2108 de
769 2068 963 2120 singulis,

113 2123 263 2172 Quod
311 2132 506 2174 autem,
555 2124 715 2175 inquit,
768 2124 964 2175 aliquis

113 2180 307 2220 doceat
334 2180 558 2219 animum
589 2192 704 2219 esse
735 2180 963 2220 validum

113 2236 396 2288 quiddam,
452 2235 683 2286 firmum,
729 2235 963 2275 divinum

113 2299 277 2342 atque
297 2293 507 2332 vixisse
528 2292 677 2343 prius
701 2303 850 2342 quam
872 2304 963 2332 nos

111 2347 355 2388 homines
396 2359 752 2394 nasceremur,
796 2348 846 2387 id
886 2349 964 2388 ais

111 2404 247 2444 nihil
321 2403 598 2456 impedire,
681 2405 964 2453 quominus

109 2459 241 2499 haec
283 2459 454 2500 omnia
494 2459 779 2499 ostendant
826 2458 966 2499 haud

111 2517 324 2567 quidem
352 2515 831 2563 immortalitatem,
874 2516 965 2555 sed

108 2571 228 2621 hoc,
257 2572 483 2612 animum
515 2583 631 2611 esse
661 2572 964 2611 diuturnum

108 2635 269 2678 atque
329 2628 643 2668 immensum
712 2635 963 2678 quantum

109 2684 379 2738 temporis
410 2685 639 2738 spatium
669 2685 768 2723 iam
808 2691 963 2723 antea

107 2741 357 2794 viguisse
385 2739 653 2791 multaque
685 2747 732 2779 et
763 2752 961 2792 cogno-

103 2797 261 2860 {isse
290 2803 339 2836 et
368 2796 586 2836 fecisse.
629 2798 676 2836 Iu
696 2796 761 2836 his
783 2797 961 2837 molesta

105 2864 200 2892 visa
222 2859 321 2892 sunt
339 2852 441 2892 ista·
467 2844 749 2893 αθανασίαν
768 2846 856 2905 μὲν
876 2846 959 2905 μή,

108 2898 183 2947 ὅτι
205 2902 259 2949 δὲ
280 2901 596 2960 πολυχρόνιον
617 2922 659 2948 κ.
673 2921 711 2949 τ.
727 2909 764 2949 λ.
787 2908 959 2948 maluit-

107 2975 191 3014 que
227 2963 574 3003 Heindorfius
615 2965 821 3027 scriptum
863 2978 959 3004 esse

104 3018 186 3059 hoc
226 3019 375 3059 modo·
437 3011 583 3060 οὐδὲν
620 3013 823 3061 κωλύειν
863 3014 958 3087 φὴς

105 3068 266 3116 πάντα
318 3073 471 3115 ταῦτα
519 3068 721 3138 μηνύειν
771 3068 828 3116 οὖ
868 3062 958 3129 τὴν

105 3123 435 3195 αθανασιάν,’
444 3122 563 3170 ἀλλὰ
593 3123 740 3182 μόνον
769 3143 843 3172 οτι
872 3145 957 3172 πο-

105 3179 356 3240 λυχρόνιόν
386 3183 435 3227 τέ
466 3179 564 3226 ἐστι
593 3199 635 3226 κ.
668 3200 705 3227 τ.
739 3187 778 3227 λ
821 3187 955 3227 Nimi—

102 3255 194 3283 rum
246 3243 458 3283 sententia
507 3243 653 3293 utique
709 3240 812 3282 haec
864 3252 952 3283 est:

102 3298 232 3338 haec
264 3299 432 3340 omnia
462 3300 541 3338 ais
571 3297 706 3337 nihil
728 3299 951 3351 impedi-

101 3366 177 3405 re,
200 3356 485 3406 quominus
517 3360 814 3396 statuamus
843 3356 957 3394 ani-

102 3421 236 3450 mum
277 3424 377 3452 non
420 3410 951 3459 esse-immortalem,

1061 1285 1154 1324 sed
1172 1289 1374 1325 tantum
1434 1284 1550 1334 hoc,
1619 1295 1735 1324 esse
1795 1295 1908 1322 eum

1061 1340 1370 1380 diuturnum
1393 1347 1441 1379 et
1463 1341 1795 1392 longaevum.
1821 1339 1908 1379 Sed

1059 1395 1165 1436 nihil
1203 1403 1344 1436 tamen
1383 1398 1426 1436 in
1448 1395 1618 1436 Graecis
1658 1396 1908 1435 mutandum

1058 1452 1237 1496 videtur.
1278 1453 1385 1493 Nam
1405 1453 1525 1518 quod
1550 1451 1795 1505 simpliciter
1824 1452 1909 1491 dici

1056 1515 1221 1573 poterat
1244 1510 1324 1549 sic:
1347 1502 1507 1550 πάντα
1529 1506 1682 1549 ταῦτα
1701 1521 1734 1573 μ
1770 1500 1906 1548 νύειν

1056 1557 1221 1618 μόνον,
1238 1557 1312 1605 ότι
1333 1557 1653 1618 πολυχρόνιόν
1673 1560 1722 1604 τὲ
1770 1575 1843 1604 στι
1863 1577 1905 1604 κ.

1056 1634 1096 1660 τ.
1121 1622 1188 1674 L,
1219 1622 1264 1661 id
1292 1622 1543 1684 interposita
1577 1620 1811 1660 contrariae
1839 1631 1909 1660 ra-

1057 1677 1183 1717 tionis
1206 1678 1419 1717 mentione
1439 1677 1608 1745 plenius
1631 1677 1692 1716 sic
1713 1676 1905 1715 enuntia—

1056 1740 1157 1773 turz·
1186 1725 1471 1774 ἀθανασίαν
1498 1746 1587 1786 μεν
1613 1725 1702 1796 μή,
1743 1722 1820 1772 ὅτι
1849 1728 1904 1771 δέ

1055 1797 1159 1839 etc„
1189 1789 1232 1829 in
1270 1790 1426 1841 quibus
1457 1790 1585 1828 verba
1622 1780 1906 1828 αθανασίαν

1053 1858 1142 1896 μεν
1179 1838 1245 1898 μή
1260 1851 1561 1909 compensant
1588 1843 1903 1894 quodammodo

1053 1901 1170 1940 vocis
1210 1894 1361 1953 μόνον
1401 1901 1691 1940 omissionem.
1759 1898 1906 1962 Neque

1056 1957 1285 1997 obscurum
1325 1962 1409 2006 est,
1451 1968 1526 1995 cur
1555 1956 1714 1995 dictum
1750 1955 1804 1993 sit
1837 1947 1906 2006 μή

1054 2025 1192 2077 neque
1222 2025 1295 2063 ου,
1325 2024 1422 2052 cum
1443 2024 1511 2051 res
1534 2024 1588 2051 ex
1609 2019 1750 2050 mente
1773 2010 1902 2051 Cebe-

1051 2069 1106 2107 tis
1149 2069 1396 2121 explicetur.
1449 2068 1572 2115 Quod
1600 2079 1682 2118 quo
1714 2066 1806 2105 iure
1845 2066 1903 2105 ita

1053 2130 1315 2177 statuamus,
1364 2123 1531 2165 facilius
1571 2122 1805 2176 perspicies
1848 2134 1914 2178 ex.

1049 2180 1128 2219 hac
1204 2181 1574 2234 inte1pretati0ne.
1655 2178 1809 2230 „dies
1824 2190 1901 2229 es,

1051 2242 1205 2288 sagst
1227 2237 1315 2288 du
1339 2236 1563 2275 hindere
1585 2233 1754 2285 nicht
1778 2233 1901 2273 dass

1053 2292 1231 2332 dieses
1282 2292 1416 2332 alles
1470 2291 1697 2343 anzeige
1757 2288 1903 2328 nicht

1052 2353 1181 2387 etwa
1240 2348 1357 2388 eine
1412 2344 1897 2394 Unsterblichkeit,

1054 2404 1285 2444 sondern
1308 2405 1431 2444 dass
1453 2404 1539 2443 die
1561 2401 1715 2443 Seele
1737 2408 1898 2440 etwas

1051 2460 1206 2512 lange
1247 2460 1546 2500 dauerndes
1577 2459 1667 2501 sei.
1673 2457 1699 2476 ‘⁶
1740 2456 1898 2495 Trans-

1052 2528 1200 2555 eamus
1241 2517 1297 2556 ad
1335 2516 1545 2580 proxima.
1592 2515 1645 2554 Et
1673 2512 1776 2552 haec
1804 2513 1900 2563 qui-

1051 2571 1172 2611 dem:
1197 2563 1317 2612 αλλὰ
1339 2564 1429 2626 γὰρ
1451 2564 1599 2612 οὐδέν
1618 2584 1663 2611 τι
1684 2583 1730 2623 μ.
1752 2581 1794 2609 κ.
1805 2581 1844 2608 τ.
1857 2568 1896 2608 λ..

1049 2628 1152 2667 item
1202 2640 1223 2666 e
1275 2628 1444 2669 Cebetis
1493 2634 1634 2666 mente
1683 2626 1896 2675 dicuntur,

1050 2695 1308 2735 quamquam
1336 2685 1496 2724 variata
1534 2682 1735 2723 orationis
1766 2689 1902 2721 struc-

1047 2747 1142 2780 tura
1172 2741 1446 2780 enuntiantur
1472 2740 1618 2788 libere,
1649 2738 1720 2786 ita,
1751 2745 1798 2776 nt
1818 2737 1897 2776 La-

1046 2797 1135 2836 tine
1156 2797 1339 2850 exprimi
1357 2795 1438 2837 hoc
1458 2796 1587 2836 modo
1617 2793 1808 2848 possint:
1849 2799 1899 2831 at

1048 2853 1182 2892 enim
1232 2852 1399 2893 nihilo
1449 2852 1618 2904 magis
1668 2850 1897 2890 animum

1045 2907 1218 2949 fuisse
1260 2908 1607 2949 immortalem
1657 2905 1812 2958 (intell.
1853 2905 1897 2943 iu

1046 2965 1264 3017 superiore
1284 2965 1356 3005 illa
1373 2965 1471 3015 vita,
1485 2977 1569 3015 qua
1591 2962 1781 3002 nondum
1802 2972 1897 2998 cum

1044 3019 1125 3060 hoc
1154 3033 1332 3086 corpore
1363 3022 1613 3061 coniunctus
1642 3015 1781 3064 vixit),
1804 3015 1895 3054 sed

1044 3075 1170 3116 hoc
1161 3090 1357 3130 ipsum,
1379 3078 1519 3128 quod
1548 3077 1596 3114 in
1618 3074 1908 3122 humanum

1044 3144 1239 3186 corpus
1268 3132 1605 3186 migraverit,
1629 3129 1801 3168 fuisse
1824 3127 1889 3173 ei,

1044 3196 1306 3240 tamquam
1354 3190 1587 3229 morbum
1647 3184 1891 3234 aliquem,

1042 3245 1368 3298 principium
1401 3254 1448 3283 et
1475 3243 1670 3282 fontem
1704 3240 1888 3278 interi-

1041 3307 1143 3344 tus.
1188 3300 1376 3365 Optativi
1403 3311 1528 3352 porio
1559 3290 1652 3351 ζῴη
1677 3306 1716 3335 et
1747 3286 1890 3333 απολ-

1043 3348 1206 3397 λύοιτο
1228 3357 1390 3397 iustam
1423 3355 1579 3394 habent
1605 3352 1810 3392 rationem
1853 3361 1892 3388 ct

1042 3424 1229 3454 causam.
1274 3413 1436 3464 Quippe
1470 3410 1550 3450 ubi
1578 3409 1672 3458 quis
1705 3405 1891 3447 matione

1433 3479 1539 3529 15*
