2222 3762
404 170 639 224 XXXII

406 314 550 365 coire
590 311 879 364 amicitiam
917 312 1058 365 inter
1136 312 1452 383 hilosophos
1487 321 1652 382 atque
1676 320 1954 385 tyrannos.
1995 315 2108 368 Ne-

407 403 512 452 que
550 383 797 455 profecto
836 332 1195 453 philosopfitis
1234 383 1416 436 salvus
1456 384 1634 438 fuerat
1665 401 1957 454 evasurus,
2006 386 2111 440 nisi

407 454 682 526 Archytas
722 454 962 507 misisset
999 455 1315 507 Lamiscum
1351 455 1618 524 legatum,
1678 456 1770 526 qui
1819 459 2112 512 commovit

406 526 764 598 Dionysium,
816 533 877 577 ut
913 545 1035 578 eum
1073 545 1182 578 non
1221 526 1337 595 sine
1375 546 1593 580 munere
1633 527 1946 581 dimitteret.
2021 529 2112 583 Ita

410 598 611 650 factum
653 603 765 664 est,
819 605 881 649 ut
921 597 1078 649 Plato
1120 614 1260 649 anno
1299 598 1578 667 proximo,
1630 599 1724 668 qui
1778 608 1861 652 est
1899 602 2023 654 360.
2062 621 2110 654 a.

413 667 543 722 Chr.
583 688 655 735 n.,
694 667 927 724 maximo
966 668 1208 738 periculo
1248 667 1526 738 liberatus,
1571 670 1628 722 in
1663 671 1894 740 patriam
1930 690 2111 725 rever-

409 748 617 793 teretur
656 739 723 806 *).
1312 739 1318 747 ’

554 809 1018 879 Septuagenarius
1067 809 1244 862 factus
1293 830 1400 863 non
1458 810 1605 881 turpi
1654 813 1940 866 consenuit
1978 813 2111 882 otio,

412 882 508 935 sed
546 879 796 933 docendo
853 888 908 932 et
946 879 1234 934 scribendo
1269 882 1506 935 excitare
1545 889 1600 934 et
1651 882 1836 937 iuvare
1873 884 2115 954 perrexit

412 952 712 1022 sapientiae
767 950 965 1005 studia.
1045 950 1194 1019 Quid
1247 952 1394 1022 quod
1453 953 1613 1006 etiam
1649 954 1966 1024 perhibetur
2000 955 2114 1027 Cy-

413 1023 651 1090 renaeis,
693 1022 1034 1091 Arcadibus,
1077 1023 1391 1093 Thebanis,
1434 1023 1816 1094 CretensibUS,
1858 1027 1978 1080 aliis
2016 1047 2115 1099 po-

414 1096 590 1165 pulis,
631 1095 687 1146 in
727 1093 961 1147 ferendis
1001 1095 1216 1167 legibus
1255 1105 1419 1166 atque
1459 1097 1622 1150 rebus
1660 1098 1895 1168 publicis
1935 1117 2114 1151 emen-

415 1165 607 1219 dandis
647 1164 772 1217 inde
810 1165 876 1218 ab
916 1166 1020 1219 hoc
1057 1175 1298 1237 tempore
1337 1168 1563 1221 consilio
1603 1188 1701 1222 suo
1740 1168 1996 1223 affuisse?
2031 1171 2111 1239 *³¹‘)

413 1239 681 1292 Nimirum
732 1236 825 1305 qui
861 1243 972 1290 tam
1009 1237 1298 1291 multorum
1331 1239 1653 1310 populorum
1689 1259 1867 1294 mores
1889 1282 1904 1309 ,
1946 1241 2111 1311 legeS,

413 1298 666 1362 instituta
703 1317 1053 1379 cognoverat,
1091 1309 1136 1362 is
1173 1328 1284 1363 non
1320 1318 1537 1381 poterat
1575 1311 1691 1364 fieri
1719 1312 1850 1380 quin
1877 1313 2114 1366 omnium

416 1381 620 1451 optime
659 1378 902 1432 iudicare
939 1399 1105 1450 posse
1144 1381 1456 1450 videretur,
1499 1382 1632 1451 quid
1670 1383 1740 1435 ad
1778 1402 2113 1437 communem

416 1453 698 1506 civitatum
738 1451 1073 1522 singularum
1111 1453 1340 1506 salute-m
1365 1453 1709 1507 conduceret.
1786 1453 2114 1525 Quanquam

417 1543 555 1594 quae
607 1522 675 1576 de
724 1522 809 1575 his
861 1523 1022 1575 rebus
1073 1543 1105 1576 a
1157 1525 1431 1578 veteribus
1496 1525 1854 1596 scriptoribus
1914 1526 2115 1580 tradita

415 1604 559 1663 sunt,
599 1614 663 1647 ea
699 1614 810 1647 non
846 1604 1048 1647 temere
1086 1595 1341 1649 videntur
1377 1617 1474 1667 pro
1512 1598 1654 1650 veris
1687 1597 1938 1651 habenda
1975 1617 2112 1652 esse.

411 1667 690 1720 Vellemus
739 1684 866 1718 vero
918 1666 1124 1736 aliquid
1167 1669 1367 1721 certius
1419 1668 1755 1739 exploratum
1794 1669 2115 1724 haberemus

414 1738 480 1791 de
519 1739 608 1790 via
646 1745 700 1789 et
736 1737 946 1790 ratione
985 1737 1320 1808 studiorum,
1372 1757 1533 1809 quam
1580 1740 1673 1794 illo
1712 1749 1954 1812 tempore
1992 1741 2114 1812 phi-

410 1809 672 1881 losophus
710 1809 963 1862 tenuerit.
1037 1809 1122 1862 Ita
1181 1811 1320 1864 enim
1373 1811 1536 1865 etiam
1574 1811 1641 1864 de
1678 1811 1830 1866 libris
1869 1813 1983 1866 eius
2020 1812 2114 1866 illo

411 1890 654 1951 tempo-re
696 1880 913 1950 scriptis
954 1882 1155 1934 certius
1192 1890 1382 1953 posset
1410 1882 1656 1950 iudicari,
1698 1885 2114 1954 accuratiusque

412 1952 626 2005 definiri
651 1960 885 2022 tempus,
912 1953 1242 2020 quo'litteris
1283 1954 1587 2026 consignati
1624 1955 1747 2009 sint.
1821 1955 1986 2008 Nunc
2010 1956 2114 2009 hoc

412 2032 620 2077 tantum
641 2024 966 2094 accepimus,
985 2043 1110 2077 eum
1136 2045 1244 2078 uno
1275 2033 1329 2078 et
1353 2026 1687 2097 octogesimo
1711 2045 1854 2079 anno
1874 2027 2114 2081 scriben-

414 2103 522 2148 tem
543 2095 746 2148 obiis‘se
771 2094 1020 2164 adeoque
1039 2097 1097 2148 in
1118 2097 1320 2151 tabulis
1343 2098 1454 2151 suis
1475 2097 1757 2167 reliquisse
1782 2098 1991 2151 initium
2006 2100 2114 2152 Po·

412 2167 559 2219 litiae
580 2166 762 2219 multis
783 2166 960 2219 modis
978 2168 1265 2237 variatum,
1283 2169 1463 2222 verbis
1485 2169 1591 2221 alio
1609 2176 1773 2238 atque
1796 2170 1902 2224 alio
1925 2169 2114 2223 ordine

415 2238 694 2292 collocatis
715 2238 844 2307 ***>.
897 2237 987 2291 Ex
1009 2240 1204 2307 quibus
1226 2241 1645 2309 narrationibus,
1681 2241 1724 2294 si
1746 2240 1878 2311 quid
1899 2242 1966 2294 iis
1988 2241 2116 2296 sub-

415 2317 500 2364 est
536 2310 680 2377 veri,
719 2317 867 2362 recte
908 2310 1164 2381 colligere
1207 2311 1454 2365 videmur
1491 2331 1611 2364 eum
1658 2320 1900 2365 extrema
1937 2320 2115 2367 aetate

417 2381 634 2452 scriptis
671 2381 976 2452 potioribus
1015 2382 1143 2435 olim
1182 2383 1238 2435 in
1285 2383 1483 2454 vulgus
1531 2382 1691 2436 editis
1740 2383 1922 2436 limam
1958 2383 2115 2437 adhi-

416 2453 617 2505 buisse.
703 2451 846 2504 Nam
899 2453 993 2520 qui
1043 2471 1163 2505 eum
1211 2454 1471 2524 suspicati
1533 2467 1660 2507 sunt
1709 2454 1964 2508 Politiam
2019 2455 2113 2508 illo

418 2523 635 2576 demum
682 2530 924 2593 tempore
975 2524 1343 2594 composuisse
1368 2564 1384 2591 ,
1451 2542 1543 2577 eos
1605 2532 1810 2578 certum
1859 2540 2113 2596 putamus

481 2710 500 2732 *

458 2709 521 2820 *⁸3
552 2710 608 2810 l'r.
641 2709 1051 2812 {affixam-1³5.
1075 2767 1268 2820 princip.
1309 2769 1478 2808 inerud.
1523 2783 1565 2822 p.
1602 2770 1698 2813 779.
1734 2770 1781 2810 D.
1822 2771 1920 2812 adv.
1967 2768 2111 2814 Colot.

558 2837 599 2876 Ρ.
633 2824 758 2868 1126.
802 2825 849 2869 C.
881 2827 1102 2868 ¹Aelian.
1137 2826 1190 2870 V.
1222 2826 1279 2869 H.
1311 2826 1374 2870 ΙΙ.
1405 2825 1474 2870 46.
1519 2828 1675 2880 Diog.
1706 2829 1884 2869 Laert.
1918 2824 2006 2871 111.
2038 2828 2110 2872 23.

555 2884 704 2935 ibique
733 2883 941 2935 Menag.

445 2939 531 2990 ””*)
564 2941 619 2984 V.
671 2940 844 2984 Cicer.
894 2942 1005 2983 Cato
1055 2941 1156 2995 mai.
1195 2955 1230 2984 e.
1269 2941 1310 2985 5.
1352 2942 1614 2995 Euphorion
1666 2949 1708 2984 et
1756 2944 1994 2985 Panaetius
2030 2956 2111 2996 ,ap.

560 2997 714 3051 Diog.
762 2999 943 3055 Laert.
989 2994 1075 3042 111.
1117 2998 1185 3042 37.
1225 2994 1446 3052 Dionys.
1485 3003 1536 3041 de
1579 3014 1771 3055 compos.
1812 3001 1916 3042 verb
1974 3013 2009 3042 e.
2040 3000 2110 3045 25.

567 3056 660 3099 Vol.
700 3057 745 3099 V.
778 3071 819 3110 p.
853 3055 952 3100 209.
991 3057 1058 3099 ed.
1091 3051 1245 3100 Reisk.
1277 3071 1329 3096 z:
1363 3071 1404 3110 p.
1434 3056 1520 3101 406
1551 3071 1646 3112 sqq.
1680 3059 1753 3100 edi
1780 3055 2002 3101 Sc‘haefer.
2035 3059 2111 3099 ubi

557 3128 595 3154 v.
638 3115 777 3167 intpp.
825 3114 1063 3163 Quintil.
1107 3115 1217 3155 Inst.
1266 3111 1383 3158 vm.
1427 3115 1466 3159 6.
1515 3116 1538 3168 ξ
1588 3116 1659 3160 64.
1729 3118 1799 3158 Ex
1848 3117 1929 3157 hae
1968 3123 2111 3158 tamen

562 3174 814 3213 narratione
861 3174 936 3225 qui
981 3172 1187 3212 continuo
1228 3174 1496 3225 collegerunt
1539 3173 1767 3216 Platonem
1803 3175 1860 3215 ad
1899 3175 2110 3227 grandem

562 3243 700 3283 usque
742 3235 1010 3271 senectutem
1047 3230 1092 3269 id
1135 3230 1299 3282 egisse,
1341 3236 1388 3271 ut
1426 3232 1590 3283 scripta
1630 3233 1902 3286 superiorum
1942 3239 2108 3284 tempo-

560 3301 650 3329 rem
694 3289 841 3329 omnia
882 3300 1018 3341 usque
1057 3287 1228 3329 limaret
1266 3296 1308 3328 et
1337 3290 1599 3342 perpoliret,
1638 3292 1671 3331 ii
1710 3290 1907 3343 profecto
1943 3290 2108 3329 iudicio

560 3358 639 3393 suo
673 3346 773 3387 falsi
803 3350 916 3388 sunt.
977 3345 1071 3386 Neo
1109 3358 1212 3386 vero
1250 3347 1306 3386 de
1335 3347 1422 3387 hoc
1453 3347 1590 3399 ipsius
1623 3349 1766 3390 studio
1798 3353 1967 3387 veteres
2000 3348 2109 3387 scri·

558 3409 703 3454 ptores
741 3405 977 3456 quidquam
1007 3405 1239 3444 memoriae
1270 3405 1570 3455 prodiderunt.
