2158 3718
791 140 1047 184 PHAmDo
1078 155 1125 198 p.
1155 116 1225 183 ss.
1780 132 1896 195 '203

256 284 393 350 Cap.
419 281 672 335 XXXVIII.
731 278 950 341 Πάντες
987 271 1093 332 οὖν
1119 276 1459 342 ἀκούσαντες
1486 279 1760 333 εἰπόντων
1787 280 1893 333 αὐ-

115 369 238 420 τῶν
274 363 457 435 ἀηδῶς
494 363 839 433 διετέθημεν,
880 360 953 426 ὥς
989 362 1228 435 ὕστερον
1255 362 1521 432 ἐλέγομεν
1545 361 1685 433 πρὸς
1721 362 1896 434 ἄλλή-
1917 375 1948 417 G

122 453 286 518 λους,
337 446 422 502 ὅτι
468 446 578 502 ὑπὸ
625 451 726 501 τοῦ
765 450 1086 518 ἔμπροσθεν
1123 446 1294 516 λόγου
1332 447 1556 518 σφόδρα
1593 448 1894 518 πεπεισμέ-

115 553 259 597 νους
301 531 443 603 ἡμᾶς
485 532 657 585 πάλιν
706 531 946 585 ἐδόκουν
994 531 1333 602 ἀναταράξαι
1378 532 1470 584 καὶ
1511 533 1588 596 εἰς
1625 530 1892 586 ἀπιστίαν

118 620 459 686 καταβαλεῖν
503 614 573 669 οὐ
620 616 796 685 μόνον
839 625 953 679 τοῖς
999 616 1426 686 προειρημένοις
1477 615 1692 686 λόγοις,
1749 614 1892 670 αλλα

113 702 216 755 καὶ
265 702 342 765 εἰς
385 721 454 754 τα
508 699 748 771 ὕστερον
795 699 1069 770 μέλλοντα
1117 701 1493 770 ῥηθήσεσθαι,
1540 721 1612 770 μη
1653 698 1892 765 ου’δενός

113 784 264 849 αξιοι
302 780 454 855 εἶμεν
490 785 674 855 κριταὶ
711 783 746 854 ἢ
783 786 876 838 καὶ
912 805 980 838 τα
1016 803 1309 855 πραγματα
1347 782 1488 838 αὐτὰ
1535 784 1739 838 απιστα
1776 806 1831 856 η.

262 873 377 924 ΕΧ.
453 867 545 939 Νη
592 868 723 932 τούς
767 869 1066 938 θεούς,ω
1025 870 1375 938 ωΦαίδων,
1434 869 1774 939 συγγνώμην
1827 889 1893 938 γε

112 955 226 1022 -ἔχω
271 951 423 1024 ὑμῖν.
500 955 594 1006 καὶ
638 952 744 1023 γὰρ
793 952 967 1007 αὐτόν
1011 973 1079 1022 με
1114 957 1235 1006 Ινῦν
1272 951 1593 1007 ἀκούσαντά
1631 970 1736 1007 σου
1772 973 1892 1007 τοι-

113 1038 292 1092 οῦτόν
337 1059 390 1091 τι
436 1036 622 1104 λέγειν
658 1035 797 1107 πρὸς
836 1036 1080 1106 ἐμαυτὸν
1119 1037 1435 1105 ἐπέρχεται,
1491 1040 1614 1090 Τι’νι
1662 1031 1769 1090 οὖν
1807 1040 1888 1091 ἔτι

110 1122 491 1191 ,πιστεύσομεν
540 1122 712 1189 λόγω;
763 1119 836 1184 ὠς
882 1118 988 1191 γὰρ
1036 1121 1259 1191 σφόδρα
1306 1118 1548 1184 πιθανὸς
1594 1120 1704 1190 ὤν,
1754 1119 1821 1174 ὃν
1860 1119 1944 1175 61)

232 1293 334 1359 Cap.
357 1294 593 1334 XXXVIII.
627 1293 670 1335 C.
706 1307 774 1346 αη
788 1291 894 1341 ὃῶς
917 1287 1301 1364 διετέθημεν]
1316 1292 1463 1346 steph.
1489 1306 1629 1333 errore
1650 1285 1814 1347 αηδές.

231 1341 390 1417 ἄξιοι
432 1345 615 1404 εἶμεν]
657 1351 770 1390 Vett.
796 1350 911 1389 editt.
937 1348 1113 1414 εἴημεν.
1135 1350 1254 1390 Bodl.
1277 1349 1405 1390 Vind.
1434 1350 1585 1415 YPar.
1609 1350 1767 1392 GTub.
1793 1350 1889 1393 Zitt.

109 1407 225 1447 Ven.
247 1419 271 1446 a
295 1409 317 1448 b
347 1395 482 1476 ἦμεν,
515 1407 627 1470 quod
657 1417 758 1445 cave
785 1414 943 1446 temere
970 1406 1160 1459 arripias
1204 1406 1311 1445 Nam
1331 1406 1445 1446 istud
1466 1393 1587 1459 ἦμεν
1608 1406 1783 1446 dubium
1806 1419 1893 1447 non

112 1470 183 1503 est
211 1463 311 1514 quin
342 1475 396 1503 ex
425 1457 556 1516 εἶμεν
582 1462 635 1502 sit
663 1462 955 1520 depravatum
995 1462 1100 1502 Dein
1129 1475 1204 1515 pro
1235 1450 1279 1515 ᾖ,
1318 1463 1433 1514 quod
1453 1462 1547 1502 libri
1568 1461 1737 1510 habent,
1760 1462 1890 1502 Hein-

113 1518 277 1560 dorfius
298 1519 478 1560 correxit
500 1517 587 1583 εἴη.

228 1575 278 1616 D.
311 1568 722 1630 πιστεύσομεν]
759 1573 886 1615 Solus
909 1573 1036 1616 Coisl.
1059 1568 1412 1628 πιστεύσωμεν,
1437 1575 1550 1626 quod
1571 1575 1710 1615 minus
1733 1576 1889 1628 proba-

115 1632 214 1673 bile.
253 1632 341 1672 Hoc
363 1633 473 1671 enim
494 1632 663 1671 dicitur:
701 1644 956 1683 quaenam
990 1632 1156 1685 igitur
1192 1632 1290 1671 erit
1325 1632 1482 1682 ratio,
1525 1632 1607 1671 eui
1639 1631 1890 1672 confida-

112 1689 261 1755 mus?e
284 1689 311 1730 i.
335 1701 368 1731 e
393 1688 507 1728 nulla
527 1689 617 1729 erit.

227 1739 298 1793 ,ὥς
318 1738 422 1799 γὰρ
445 1737 689 1797 σφόδρα]
711 1744 806 1787 Ald.
829 1743 925 1786 Bas.
951 1746 972 1784 1
998 1743 1143 1797 Steph.
1166 1737 1190 1785 ὁ
1213 1737 1302 1799 γὰρ
1325 1755 1404 1796 σφ.
1435 1756 1483 1784 π.
1509 1749 1674 1796 praeter
1695 1744 1889 1785 codicum

112 1801 243 1842 fidem
267 1807 305 1841 et
326 1801 632 1842 auctoritatem.

174 1941 275 1995 Gap
318 1941 557 1982 xxxviii
601 1940 649 1982 C.
703 1936 784 1988 εἰς
826 1933 958 1981 ἁπι-

111 1997 283 2039 στίαν
304 2012 345 2039 κ.
368 1995 439 2064 -J
482 1997 657 2037 Dativus
680 2000 780 2045 τοῖς
800 2009 959 2049 προει-

110 2050 336 2120 ρημένοις
364 2050 519 2108 λόγοις
547 2054 703 2107 pendet
731 2066 754 2092 e
788 2054 957 2093 nomine

113 2112 273 2152 verbali
293 2104 536 2162 ἀπιστίαν,
560 2110 613 2149 de
634 2122 716 2161 qua
737 2117 880 2149 consti
884 2122 956 2148 uc

115 2168 232 2207 tione
253 2180 294 2208 v.
317 2167 372 2207 ad
391 2166 623 2218 Euthyphr.
647 2179 689 2218 p.
715 2166 765 2206 13
784 2166 818 2205 D
842 2174 882 2205 et
905 2166 956 2205 15

116 2224 165 2264 Α.
187 2223 360 2263 Matth.
384 2221 453 2264 Gr.
477 2223 625 2270 5.39Ο.
655 2221 751 2261 Alia
767 2222 873 2261 ratio
894 2230 959 2260 est

114 2280 403 2346 proximorum
426 2279 670 2328 verborum,
704 2277 776 2317 ubi
809 2273 876 2324 εἰς
897 2291 955 2317 τα

113 2329 312 2388 ὕστερον
339 2331 571 2388 μέλλοντα
599 2340 681 2374 est:
715 2334 850 2385 quod
876 2341 952 2372 at-

113 2393 247 2432 tinet
287 2391 347 2431 ad
388 2403 464 2438 ea,
497 2402 627 2442 quae
667 2390 835 2429 adhuc
873 2402 956 2430 es

110 2453 232 2489 sent
260 2447 598 2511 disputanda.
630 2468 683 2474 —
704 2445 811 2485 Dein
842 2447 955 2496 quod

51 2516 53 2519 ’
112 2511 211 2558 post
230 2497 291 2558 μὴ
321 2499 451 2558 εἶμεν
472 2503 648 2543 infertur
667 2490 697 2555 ᾖ
719 2502 957 2542 coniuncti-

113 2573 207 2613 vus,
238 2573 343 2600 cave
371 2572 423 2599 ne
450 2560 592 2599 invitis
620 2559 736 2599 libris
759 2559 955 2599 omnibus

110 2616 189 2670 εἴη
219 2616 524 2657 restituendum
551 2623 692 2669 putes,
721 2615 844 2655 sicuti
865 2615 956 2668 pla-

113 2674 199 2713 cuit
219 2671 546 2714 Heindorfio.
590 2671 697 2711 Nam
719 2672 954 2714 coniuncti-

113 2742 193 2770 vus
233 2738 331 2783 post
370 2729 602 2781 optativum
641 2727 829 2777 infertur,
860 2729 958 2779 quia

108 2785 372 2838 >significatur
387 2786 506 2838 ipsos
517 2785 706 2825 dubitare
723 2785 954 2837 occepisse,

110 2854 214 2882 *num
243 2843 368 2881 etiam
396 2842 457 2881 rei
484 2842 620 2894 ipsius
642 2848 792 2880 natura
812 2853 887 2893 per
909 2854 955 2881 se

107 2906 303 2950 vspectata
330 2898 426 2937 talis
455 2903 589 2949 esset,
612 2905 657 2936 ut
676 2908 753 2950 pro
776 2897 955 2937 incredi-

114 2953 187 2994 bili
220 2962 330 2992 esset
355 2953 564 2996 habenda.
606 2953 811 3001 Quocirca
838 2960 957 3005 opta-

112 3009 228 3050 tivus
264 3009 318 3048 ad
353 3020 509 3048 meram
543 3009 604 3048 rei
643 3009 953 3061 cogitationem,

115 3065 411 3106 coniunctivus
460 3072 601 3104 autem
639 3065 692 3104 ad
719 3065 780 3103 rei
819 3065 956 3105 adhuc

112 3121 398 3174 experiendae
424 3121 629 3160 rationem
650 3120 956 3173 designandam

115 3178 248 3224 valet,
290 3178 403 3229 quod
431 3177 659 3217 discrimen
694 3184 738 3216 ut
778 3185 955 3227 notetur,

112 3234 347 3274 admittitur
386 3233 564 3274 subinde
603 3232 709 3272 haec
735 3233 955 3273 modorum

114 3291 308 3332 vaiiatio.
358 3289 553 3343 Xenoph
587 3288 955 3353 Hellen.11.1‚2

114 3339 279 3388 δεινὸν
308 3339 538 3412 ἐφαίνετο
565 3339 735 3407 εἶναι,
733 3337 816 3408 μή
847 3359 955 3387 τινα

110 3398 199 3442 καὶ
239 3398 306 3450 εἰς
345 3398 458 3450 τοὺς
506 3394 679 3448 αλλους
722 3391 956 3466 ΝΕλληνας

112 3453 351 3512 διαβολὴν
381 3461 577 3512 σχοῖεν
604 3456 741 3511 (quod
769 3458 811 3497 in
839 3458 956 3510 cogi-

1040 1942 1197 1981 tatione
1217 1938 1426 2005 positum)
1443 1938 1526 1981 καὶ
1543 1935 1592 1981 οι
1605 1938 1889 2003 στρατιῶται

1043 1990 1205 2045 δυςνοι
1247 1994 1314 2045 εἰς
1355 2011 1422 2044 τα,
1455 2010 1708 2050 πραγματα
1749 1984 1888 2037 ὦσιν

1042 2052 1178 2106 (quod
1200 2066 1253 2094 ex
1273 2066 1413 2093 rerum
1436 2053 1684 2093 condicione
1705 2065 1888 2119 suspen·

1043 2123 1139 2150 sum
1166 2109 1266 2162 est).
1303 2109 1493 2161 Thucyd.
1527 2110 1599 2152 VI.
1630 2110 1683 2150 96
1722 2101 1890 2160 ἑξακο-

1042 2165 1174 2224 σίους
1203 2187 1257 2194 —-
1287 2159 1532 2231 ἔξέκριναν
1560 2158 1888 2219 πρότερον,-

1041 2215 1167 2270 ὅπως
1207 2221 1300 2262 τῶν
1340 2234 1390 2262 τε
1423 2215 1689 2262 Ἐπιπολῶν
1721 2220 1887 2275 εἴησαν

1044 2272 1256 2330 φύλακες
1296 2276 1401 2330 (quo
1444 2278 1705 2330 significatur
1746 2279 1888 2318 consi-

1040 2335 1142 2374 lium
1163 2343 1250 2374 tum
1272 2340 1443 2387 captum
1474 2341 1512 2373 et
1532 2335 1575 2373 in
1597 2345 1712 2373 mera
1733 2334 1886 2374 mentis

1042 2391 1293 2456 cogitatione
1333 2389 1555 2454 positum),
1596 2386 1696 2440 καὶ,
1737 2380 1800 2443 ἢν
1839 2383 1886 2438 ἐς

1039 2422 1157 2488 α’λλο
1197 2461 1242 2487 τι
1284 2443 1390 2501 δέῃ,
1440 2441 1559 2500 ταχὺ
1602 2444 1887 2498 ξυνεστῶτες

1042 2503 1462 2558 παραγίγνωνται
1490 2505 1597 2555 (quo
1627 2503 1716 2542 loco
1748 2509 1887 2542 atten-

1043 2561 1118 2600 das
1140 2571 1317 2624 quaeso
1367 2561 1496 2599 verba
1540 2559 1790 2599 intermedia
1825 2549 1887 2612 ἢν

1043 2610 1090 2664 ἐς
1119 2607 1235 2657 α’λλο
1266 2629 1311 2657 τι
1341 2610 1442 2670 δέη,
1473 2616 1587 2656 unde
1606 2615 1682 2655 lux
1701 2615 1884 2655 affundi-

1041 2681 1107 2712 tur
1128 2659 1435 2724 coniunctivo)
1478 2672 1602 2712 Plura
1622 2672 1666 2712 id
1685 2684 1820 2724 genus
1842 2671 1887 2711 in

1042 2730 1229 2768 medium
1264 2728 1495 2768 attulerunt
1534 2727 1787 2768 Matthiae
1815 2727 1884 2769 Gr.

1043 2786 1084 2834 5.
1106 2786 1202 2825 518.
1226 2798 1269 2838 p
1295 2785 1401 2825 1182
1425 2785 1490 2828 ed.
1516 2788 1555 2827 3
1586 2783 1887 2837 Bernhardy

1043 2842 1164 2893 Synt.
1187 2855 1228 2894 p.
1248 2843 1346 2884 401.
1385 2841 1555 2884 Klotz.
1579 2842 1634 2882 ad
1655 2841 1805 2883 Devar.
1831 2841 1882 2883 II.

1041 2911 1082 2964 p.
1107 2898 1202 2939 668.
1233 2898 1293 2938 De
1313 2890 1378 2966 μῄ
1399 2906 1496 2951 post
1518 2890 1746 2938 απιστιάν
1767 2909 1887 2950 παρ-

1042 2951 1168 3008 έχειν
1191 2961 1231 2994 et
1253 2949 1320 3002 εἰς
1342 2953 1572 2995 απιστίαν
1590 2951 1885 3006 καταβαλεῖν

1041 3011 1158 3050 illato
1180 3011 1363 3051 diximus
1384 3011 1438 3050 ad
1458 3023 1500 3063 p.
1525 3011 1578 3050 69
1601 3011 1645 3051 Ε.

1099 3060 1369 3109 τοιοῦτόν
1409 3081 1462 3107 τι
1511 3063 1704 3120 λέγειν
1743 3058 1884 3117 πρὸς

1043 3115 1299 3175 ἐμαυτὸν
1358 3116 1686 3186 ἐπέρχεται]
1752 3120 1793 3163 h,
1845 3133 1882 3162 e.

1043 3191 1208 3218 meum
1257 3179 1413 3219 etiam
1473 3180 1699 3217 animum
1756 3177 1882 3217 talis

1039 3234 1152 3274 fere
1188 3236 1331 3275 Subit
1360 3235 1633 3301 cogitatio.
1675 3232 1779 3272 Nam
1811 3228 1884 3273 λε’-

1042 3303 1142 3354 γειν
1163 3285 1279 3343 πρὸς
1301 3283 1475 3332 ἕαυτον
1506 3297 1568 3329 est
1596 3301 1766 3329 secum
1797 3301 1881 3328 co-

1041 3347 1224 3399 gitare.
1265 3347 1499 3400 Usurpatnr
1526 3354 1666 3385 autem
1695 3337 1882 3398 ἐπέρχε-

1043 3402 1162 3443 σθαι
1191 3403 1255 3442 vel
1288 3405 1340 3443 de
1378 3402 1551 3443 consilio
1582 3401 1785 3455 capiendo
1815 3400 1880 3439 vel

1044 3459 1096 3498 de
1124 3459 1353 3511 cupiditate
1389 3459 1527 3499 subito
1565 3458 1712 3498 oborta
1750 3467 1883 3506 eoque
