2158 3718
313 155 384 214 20
669 134 673 141 ’
947 156 1441 206 PROLEGOMENA

313 307 509 357 tandem
537 307 628 356 isto
657 314 800 371 pacto
828 321 951 372 opus
978 306 1126 355 fuerit
1152 307 1336 370 fingere
1365 307 1604 364 fabulam,
1650 322 1743 372 qua
1771 305 1844 357 vel
1872 301 2090 358 mortuo·-

313 393 425 427 rum
452 378 682 427 iudicium
711 378 1003 427 describitur
1033 376 1105 426 vel
1141 377 1284 427 bonis
1311 378 1571 443 aliquando
1597 378 1750 434 bene,
1790 377 1928 427 malis
1962 378 2090 429 male

312 450 532 498 futurum
561 463 666 498 esse
694 449 932 497 docetur?

455 518 941 568 Schleiermacherus
976 519 1105 568 hanc
1140 521 1454 576 sementiam,
1497 535 1588 584 qua
1618 522 1665 567 in
1696 519 1958 568 Phaedone
1986 520 2091 584 phi-

312 589 504 653 losophi
539 593 752 653 speciem
791 595 998 638 mortem
1040 597 1281 654 perpetuo
1310 591 1681 639 commentantis
1709 599 1757 639 et
1785 590 2093 639 mortalitatis

291 659 518 710 ·vinculis
556 661 740 708 exsolvi
778 662 1030 723 gestientis
1069 661 1264 724 depingi
1301 660 1564 709 arbitratus
1603 671 1698 716 est,
1738 665 1880 709 etiam
1909 662 2093 710 certius

315 733 620 779 communire
660 738 861 778 conatus
902 738 974 778 est
1010 730 1168 779 addita
1210 739 1348 779 acuta
1378 730 1498 779 alius
1526 732 1775 779 cuiusdam
1804 733 1875 780 rei
1903 731 1962 780 ab
1988 730 2093 780 aliis

313 800 566 864 neglectae
596 801 943 849 admonitione.
998 802 1188 866 Quippe
1225 803 1483 865 imaginem
1520 800 1650 849 illam
1689 801 1994 864 philosophi,
2034 802 2093 850 de

314 886 408 935 qua
434 871 581 919 modo
609 872 843 927 diximus,
885 872 1230 921 animadvertit
1256 871 1609 920 vix'dimidiam
1645 873 1695 919 in
1721 871 1983 921 Phaedone
2012 888 2094 920 ex—

313 956 532 1005 pressam
574 957 704 996 esse,
744 948 797 990 ut
831 942 1034 992 alteram
1073 944 1177 991 eius
1217 949 1408 1007 partem
1444 944 1492 989 in
1532 941 1626 990 alio
1664 942 1894 1005 quopiam
1944 957 2094 1005 opere

313 1012 531 1061 Platonis
561 1013 895 1076 quaerendam
924 1028 1030 1063 esse
1058 1020 1444 1063 consentaneum
1465 1013 1541 1060 sit.
1593 1012 1646 1065 Id
1675 1013 1802 1076 quod
1831 1012 1923 1061 hac
1948 1027 2093 1076 argu-

314 1085 615 1132 mentatione
652 1084 878 1132 evincere
916 1091 1120 1133 conatus
1157 1090 1245 1133 est.
1298 1083 1554 1148 Duplicem
1601 1084 1730 1131 enim
1774 1084 1838 1131 ait
1879 1083 2094 1145 intellegi

316 1168 462 1216 posse
487 1155 612 1202 viam
642 1160 690 1202 et
714 1155 980 1209 rationem,
1011 1170 1106 1218 qua
1133 1154 1457 1218 philosophus
1481 1154 1527 1202 in
1557 1153 1788 1202 obeundo
1816 1153 1976 1202 officio
2004 1169 2093 1202 suo

314 1226 500 1273 versari
528 1223 704 1282 soleat,
745 1226 785 1273 si
812 1225 1007 1288 quidem
1037 1233 1119 1275 aut
1142 1225 1260 1274 illud
1290 1231 1423 1288 agat,
1453 1231 1507 1274 ut
1531 1223 1823 1272 immortalia
1851 1239 1907 1272 ac
1934 1224 2092 1272 divina

314 1297 363 1343 in
400 1295 522 1343 ideis
559 1297 821 1359 perspicua
858 1296 916 1343 ad
953 1298 1097 1344 vitam
1135 1296 1400 1344 humanam
1435 1295 1783 1350 traducantur,
1829 1301 1912 1343 aut
1948 1310 2095 1344 omne

314 1365 530 1415 studium
569 1381 626 1414 eo
663 1365 905 1422 conferat,
944 1373 998 1414 ut
1034 1382 1157 1430 quae
1193 1373 1308 1415 sunt
1334 1366 1491 1414 divina
1520 1373 1665 1428 atque
1693 1364 1947 1419 coelestia,
1985 1381 2040 1414 ea
2068 1380 2092 1413 a

317 1435 537 1499 mortalis
564 1437 688 1485 vitae
717 1438 1065 1486 communione
1092 1442 1139 1485 et
1166 1438 1481 1486 concretione
1508 1435 1798 1485 liberentur.
1850 1435 1950 1484 Iam
1978 1450 2094 1484 vero

316 1506 630 1555 Phaedonem
666 1507 971 1556 intuentibus
1005 1510 1322 1572 perspicuum
1359 1507 1466 1556 fore
1495 1505 1787 1561 arbitratur,
1827 1507 1876 1554 in
1906 1521 1963 1555 eo
1990 1507 2094 1570 qui-

316 1579 427 1626 dem
465 1576 813 1640 philosophum
853 1593 949 1626 non
987 1578 1134 1626 alium
1177 1578 1467 1634 deformari,
1508 1592 1653 1641 quam
1691 1579 1774 1641 qui
1809 1578 2023 1625 animum
2068 1594 2092 1626 a

317 1647 623 1714 mortalitatis
670 1651 1016 1697 communione
1060 1649 1271 1698 liberum
1316 1654 1568 1712 praestare
1612 1649 1818 1696 studeat.
1880 1647 1952 1696 Ex
1997 1662 2094 1712 quo

318 1733 627 1782 consequens
654 1734 761 1767 esse
787 1719 910 1775 vult,
953 1726 1006 1767 ut
1030 1720 1228 1768 Phaedo
1256 1721 1438 1767 arctius
1466 1719 1725 1767 cohaereat
1751 1733 1862 1767 cum
1889 1718 2094 1783 Sympo-

318 1791 415 1845 sio,
454 1791 637 1853 quippe
672 1791 722 1837 in
759 1805 854 1854 quo
884 1791 1109 1839 Socrates
1136 1797 1188 1838 ut
1215 1791 1414 1838 conviva
1441 1789 1612 1838 hilaris
1638 1805 1694 1837 ac
1720 1788 1920 1838 festivus
1949 1788 2094 1837 divini

318 1861 550 1909 amatoris
587 1866 750 1922 partes
789 1868 923 1923 agat,
963 1863 1046 1924 qui
1084 1862 1206 1910 vitae
1243 1860 1523 1908 mortalium
1562 1874 1759 1907 omnem
1795 1860 1984 1908 divinae
2021 1874 2094 1907 sa-

316 1931 529 1994 pientiae
562 1932 656 1977 vim
693 1945 839 1993 quam
877 1932 1262 1980 cumulatissime
1300 1931 1552 1995 impertire
1588 1931 1774 1994 gestiat.
1826 1930 1944 1979 Inde
1978 1945 2094 1978 vero

319 2002 550 2050 continuo
587 2000 772 2063 colligit
814 2001 1133 2051 Phaedoni
1172 2008 1290 2051 tam
1329 2007 1554 2050 arctam
1594 2017 1725 2049 cum
1771 2001 2094 2065 Symposio

317 2071 719 2120 intercedere
747 2074 1280 2130 coniunctionem,
1309 2078 1375 2122 ut
1411 2080 1677 2136 uterque
1713 2071 1875 2120 liber
1902 2073 2093 2120 omni-

320 2157 390 2190 no
415 2158 525 2207 pro
553 2158 672 2191 uno
702 2158 888 2206 opere
915 2143 1242 2193 habendus
1268 2145 1373 2199 sit,
1395 2141 1896 2207 quandoquidem
1923 2148 2092 2190 utro-

316 2212 506 2277 bique
549 2213 602 2262 id
655 2222 906 2277 agatur,
962 2221 1024 2262 ut
1072 2214 1258 2278 plena
1308 2215 1732 2277 perfectaque
1781 2214 2094 2277 sapientis

317 2285 595 2348 imagine
633 2285 877 2347 depicta
915 2284 1237 2342 doceatur,
1285 2299 1460 2347 quam
1502 2297 1780 2345 magnum
1827 2283 2093 2332 celsum-

319 2370 430 2418 que
469 2357 548 2403 sit
586 2356 711 2403 veri
750 2357 1159 2419 germanique
1195 2354 1557 2419 philosophi
1594 2369 1820 2403 munus.
1872 2354 2093 2403 Indidem

318 2434 480 2474 autem
509 2426 724 2487 intellegi
752 2426 1034 2481 arbitratur,
1073 2427 1188 2489 quid
1224 2427 1437 2488 (lenique
1473 2426 1531 2473 de
1559 2439 1791 2487 supremo
1819 2425 2094 2474 Phaedonis

319 2495 522 2544 consilio
559 2498 826 2545 existimari
862 2505 1108 2561 oporteat,
1158 2496 1552 2561 quandoquidem
1598 2495 1824 2543 omnibus
1867 2502 2090 2558 apertum

320 2582 427 2615 esse
472 2566 648 2615 debeat
690 2570 741 2616 in
778 2568 871 2616 hoc
908 2583 1057 2631 opere
1085 2584 1182 2616 non
1210 2574 1307 2615 tam
1336 2567 1382 2614 id
1411 2568 1646 2630 spectari,
1677 2572 1728 2614 ut
1754 2581 1865 2629 spes
1891 2568 2091 2615 immor-

320 2637 517 2699 talitatis
544 2639 817 2686 animorum
848 2640 1181 2694 confirmetur,
1212 2653 1358 2702 quam
1385 2636 1500 2684 illud
1530 2639 1692 2699 potius
1720 2639 1824 2700 agi,
1852 2644 1905 2685 ut
1931 2638 2092 2700 imago

320 2706 597 2771 philosophi
635 2714 843 2757 mortem
881 2724 1035 2772 usque
1071 2709 1349 2757 meditantis
1386 2715 1432 2756 et
1468 2707 1655 2756 divinae
1684 2708 1898 2756 veritatis
1926 2710 2091 2770 cogni-

322 2778 502 2825 tionem
555 2779 824 2842 expetentis
869 2779 1159 2842 depingatur
1207 2794 1362 2843 eaque
1405 2779 1593 2826 ratione
1644 2793 1887 2827 summum
1934 2780 2092 2826 omnis

320 2847 658 2911 philosophiae
688 2848 881 2897 culmen
909 2864 964 2897 ac
991 2850 1235 2912 fastigium
1264 2849 1561 2912 designetur.

461 2919 555 2967 Sed
592 2934 886 2983 quamquam
923 2920 1292 2969 concedendum
1332 2927 1404 2969 est
1440 2919 1747 2982 Symposium
1784 2927 1832 2969 et
1871 2920 2090 2968 Phaedo·

322 3004 430 3037 nem
460 2991 735 3052 argumenti
764 2991 969 3053 quadam
999 2993 1288 3053 cognatione
1311 2991 1566 3046 contineri,
1595 2997 1855 3055 propterea
1886 2991 2012 3054 quod
2041 2992 2090 3039 in

322 3068 527 3124 utroque
564 3076 791 3108 sermone
828 3062 1039 3109 studium
1079 3062 1326 3110 divinioris
1364 3077 1530 3110 rerum
1571 3063 1826 3117 scientiae,
1866 3076 1963 3124 quo
1991 3063 2089 3109 veri

320 3129 597 3194 philosophi
627 3133 815 3179 animus
843 3133 1072 3180 incensus
1099 3134 1183 3187 sit,
1222 3132 1536 3195 depingatur,
1567 3141 1730 3181 tamen
1756 3132 1963 3180 multum
1991 3131 2088 3180 salli

322 3201 509 3249 videtur
531 3201 1031 3259 Sehleiermacherus,
1060 3205 1142 3267 qui
1169 3205 1429 3266 imaginem
1457 3202 1733 3267 philosophi
1758 3204 1807 3250 in
1830 3203 2089 3251 Phaedone

319 3271 656 3321 adumbratam
710 3275 847 3336 quasi
898 3273 1150 3322 dimidium
1202 3275 1304 3322 eius
1351 3276 1566 3339 picturae
1612 3273 1844 3322 exhibere
1888 3274 2086 3337 putavit,

321 3357 444 3405 quae
480 3344 527 3391 in
557 3345 812 3407 Symposio
849 3345 908 3392 sit
941 3346 1207 3408 proposita.
1258 3344 1412 3393 lmmo
1448 3351 1655 3407 utraque
1690 3345 1877 3408 pictura
1914 3359 2001 3407 per
2037 3358 2088 3390 se
2157 3365 2158 3387 1

319 3428 540 3462 seorsum
577 3415 837 3477 spectanda
876 3421 970 3471 est,
1008 3431 1117 3463 cum
1157 3431 1377 3479 quaeque
1405 3418 1509 3465 eius
1536 3416 1646 3463 libri
1674 3413 1886 3462 consiliis
1914 3429 2087 3462 conve-

322 3485 512 3532 nienter
549 3486 609 3531 sit
644 3484 914 3537 elaborata.
957 3487 1094 3534 cuius
1121 3487 1220 3550 ipsa
1250 3494 1437 3552 partem
1467 3486 1673 3536 conticit,
1726 3486 1846 3535 Nam
1875 3486 1920 3534 in
1949 3485 2086 3550 Sym-
