2158 3718
748 137 829 175 AD
869 137 1235 180 SYMPOSIUM,
1692 141 1817 180 XXV

140 263 286 317 illudv
307 264 687 335 contemplatus
722 262 882 316 fuerit
915 264 1183 334 pulcrum,
1221 274 1333 317 tum
1367 282 1494 318 vero
1532 283 1653 319 eum
1690 284 1816 320 cen-

143 343 223 388 set
268 353 373 388 non
418 354 556 390 vana
600 334 814 388 virtutis
859 334 1164 400 simulacra,
1219 335 1311 388 sed
1351 335 1525 406 ipsam
1567 335 1819 389 virtutem

140 415 515 476 generaturum
549 423 718 474 eoque
754 404 872 475 ipso
908 406 1007 459 deo
1042 414 1254 478 gratum
1290 414 1448 475 atque
1471 406 1818 460 immortalem

141 477 377 530 fiiturum
411 495 545 530 esse.

210 546 300 599 En
332 546 498 600 habes
533 546 640 600 iam
662 546 991 600 Platonicam
1021 546 1235 607 amandi
1268 546 1602 616 disciplinam
1633 548 1824 616 paucis

142 617 317 672 verbis
354 617 688 688 descriptam,
725 636 831 687 qua
865 618 1046 687 utique
1082 618 1315 688 quinque
1349 617 1427 671 illi
1469 617 1660 671 amoris
1696 636 1822 689 gra-

143 688 245 741 dus
280 687 697 758 distinguuntur,
733 707 865 757 quos
902 708 934 741 a
970 688 1354 744 recentioribus
1376 687 1666 742 Platonicis
1702 690 1828 759 plu-

141 758 334 811 rimum
362 758 654 813 celebratos
681 777 799 812 esse
823 768 1030 814 constat
1044 781 1058 824 3
1098 759 1234 814 conf.
1259 758 1416 814 etiam
1441 759 1618 830 ipsum
1641 758 1822 812 Plato-

124 842 263 882 nem
299 827 527 883 Phaedr.
608 870 620 883 .
650 830 770 884 249.
798 830 870 884 A.
898 849 1010 900 sqq.
1035 850 1087 901 p.
1108 831 1227 884 250.
1251 830 1522 883 A-253.
1546 829 1618 883 D.
1643 827 1822 914 Legg.

140 898 298 952 VHI.
365 940 377 952 .
406 900 525 953 837.
550 849 753 953 ἔ-Ε.
790 899 879 955 De
901 900 1036 971 Rep.
1063 900 1165 955 VI.
1232 940 1244 953 .
1269 901 1391 954 490.
1416 899 1481 954 Β.
1530 899 1682 967 Quos
1705 919 1828 970 qul-

143 970 264 1022 dem
318 919 446 1024 gum
497 970 843 1041 philosophus
896 971 1076 1040 posuit
1131 990 1195 1023 su
1234 971 1496 1039 tiliterque
1552 971 1830 1036 discrevit,

142 1059 248 1093 non
292 1041 450 1094 modo
495 1060 601 1109 qua
642 1042 730 1095 via
771 1041 840 1093 ad
883 1041 1324 1112 perfectissimum
1368 1059 1601 1093 amorem
1635 1060 1825 1110 perve-

143 1110 321 1162 niatur
356 1119 410 1164 et
453 1129 559 1180 qua
601 1111 659 1163 in
703 1129 762 1164 re
805 1110 853 1164 is
898 1112 1232 1180 quaerendus
1280 1111 1373 1174 sit,
1424 1110 1686 1164 subtiliter
1727 1111 1826 1164 de-

141 1180 481 1245 monstravit,
530 1200 715 1234 verum
758 1181 918 1234 etiam
962 1181 1092 1250 quid
1128 1181 1194 1234 de
1229 1180 1392 1234 variis
1429 1180 1624 1233 amoris
1662 1200 1827 1252 gene-

143 1250 292 1305 ribus
327 1251 674 1305 iudicandum
712 1260 764 1304 et
798 1253 952 1321 quale
990 1251 1179 1321 cuique
1222 1251 1455 1322 pretium
1493 1252 1832 1305 statuendum

146 1322 239 1387 sit,
287 1322 579 1392 prudenter
614 1322 912 1393 exploravit
948 1323 1186 1393 adeoque
1222 1322 1486 1375 terrestris
1523 1341 1688 1387 amor,
1738 1322 1833 1392 qui

144 1393 214 1445 ad
257 1411 453 1463 pueros
483 1393 817 1447 'erudiendos
867 1402 919 1446 et
965 1394 1034 1446 ad
1077 1393 1279 1450 variam
1323 1392 1574 1446 virtutem
1620 1394 1831 1447 confor-

143 1463 367 1517 mandos
413 1464 702 1534 pertineat,
747 1482 855 1534 qua
897 1463 1098 1517 ratione
1148 1483 1269 1518 cum
1314 1463 1615 1517 divinarum
1649 1482 1830 1517 rerum

148 1533 323 1587 studio
377 1533 655 1588 cohaereat
699 1543 750 1588 et
799 1535 1062 1604 quomodo
1117 1535 1187 1587 ad
1240 1534 1353 1587 eius
1408 1533 1722 1606 dignitatem
1780 1543 1834 1587 et

145 1604 507 1658 excellentiam
552 1604 704 1659 evehi
748 1605 944 1676 possit,
992 1614 1055 1658 ut
1100 1604 1389 1676 sapientiae
1435 1605 1575 1658 fetus
1622 1604 1680 1657 in
1715 1604 1831 1657 ani-

145 1675 247 1728 mis
294 1675 609 1746 gignantur,
658 1676 928 1746 praeclare
981 1676 1177 1729 docuit.
1241 1675 1429 1745 Itaque
1477 1676 1522 1728 si
1565 1674 1623 1727 in
1667 1675 1834 1728 ullum

145 1745 385 1799 Platonis
420 1746 623 1810 locum,
662 1755 803 1800 certe
838 1746 896 1799 in
930 1745 1068 1799 hanc
1107 1744 1344 1800 Socratis
1381 1746 1670 1799 orationem
1706 1765 1834 1799 con-

147 1815 370 1870 veniunt
415 1815 552 1885 quae
597 1816 793 1870 alicubi
813 1817 867 1887 *)
912 1817 1213 1870 Muretus
1265 1816 1321 1868 in
1373 1816 1586 1869 laudem
1642 1816 1835 1869 summi

146 1885 452 1966 philosophi
477 1888 715 1958 scripsit:
755 1887 892 1952 ,‚Tu‚
919 1887 1098 1940 divine
1116 1886 1325 1949 Plato'',
1351 1885 1541 1955 inquit,
1568 1895 1677 1950 „tu,
1697 1905 1831 1956 quo-

147 1958 304 2012 modo
341 1958 503 2011 animi
538 1958 707 2011 nostri
744 1979 776 2011 a
812 1958 1063 2011 vitiorum
1091 1956 1336 2010 sordibus
1362 1975 1465 2026 pur
1505 1956 1584 2009 ari
1608 1956 1833 2026 possint,

148 2028 425 2082 ostendisti
435 2049 449 2091 3
488 2038 563 2094 tu,
604 2028 1050 2097 quemadmodum
1071 2026 1373 2081 hominibus
1400 2047 1431 2079 a
1507 2046 1574 2080 uc
1611 2027 1666 2079 in
1693 2036 1834 2080 terra

147 2099 487 2152 versantibus
524 2101 805 2153 coelestem
840 2098 1224 2167 quodammodo
1261 2097 1425 2151 vitam
1451 2097 1635 2150 vivere
1658 2098 1837 2161 liceat,

150 2169 433 2239 aperuisti3
490 2178 549 2222 tu
595 2170 776 2223 divina
822 2189 943 2223 cum
985 2168 1258 2231 humanis,
1313 2175 1570 2237 quantum
1613 2169 1831 2237 quidem

148 2239 380 2293 humano
415 2240 633 2312 ingenio
668 2240 726 2292 id
761 2239 945 2309 perfici
981 2239 1166 2310 potuit,
1205 2238 1489 2308 copulasti3
1529 2247 1588 2291 tu
1625 2258 1687 2291 ea
1723 2247 1833 2291 tra-

152 2310 351 2373 didisti,
387 2329 523 2380 quae
560 2330 678 2374 nos,
720 2329 819 2363 nos
849 2310 1067 2379 inquam
1097 2308 1219 2380 ipsi,
1257 2309 1350 2378 qui
1373 2328 1405 2360 a
1429 2309 1526 2362 deo
1551 2328 1646 2379 per
1668 2309 1837 2361 filium

151 2381 388 2451 adoptati
434 2389 486 2434 et
529 2381 743 2434 coelesti
789 2381 1028 2434 doctrina
1073 2379 1265 2433 imbuti
1309 2398 1516 2443 sumus,
1565 2399 1596 2432 a
1643 2388 1693 2433 te
1731 2379 1836 2433 dici

151 2451 390 2522 potuisse
426 2451 733 2506 miramur.''

222 2662 341 2732 Iam
377 2682 504 2717 vero
541 2664 812 2735 explorata
847 2663 1086 2718 Platonis
1134 2664 1199 2718 de
1236 2683 1412 2718 amore
1452 2663 1736 2728 sententia,
1784 2663 1840 2716 in

152 2752 259 2802 qua
293 2734 610 2788 illustranda
633 2735 854 2789 dubium
889 2754 998 2788 non
1035 2744 1117 2789 est
1151 2735 1279 2805 quin
1309 2735 1550 2817 positum
1588 2734 1657 2788 sit
1693 2753 1838 2787 sum-

154 2823 303 2857 mum
359 2806 663 2870 consilium,
692 2806 864 2875 ‘quod
915 2806 1261 2877 philosophus
1308 2826 1364 2859 1n
1412 2805 1686 2859 condendo
1742 2805 1842 2858 hoc

155 2893 316 2943 opere
353 2884 610 2946 sequutus
654 2885 750 2940 est,
801 2877 1057 2947 sequitur,
1106 2885 1168 2930 ut
1209 2877 1570 2946 quaerendum
1608 2875 1690 2940 sit,
1737 2894 1843 2945 qua

157 2943 357 2997 ratione
403 2947 638 3015 reliquae
681 2947 803 3001 libri
849 2956 1028 3018 partes
1079 2967 1199 3001 cum
1247 2947 1425 3001 divino
1460 2947 1560 3000 hoc
1596 2947 1713 3000 loco
1750 2965 1838 2998 co-

158 3014 437 3080 haereant,
486 3026 547 3068 ut
594 3017 755 3070 totius
801 3019 976 3089 operis
1022 3018 1198 3072 unitas
1244 3027 1401 3088 atque
1447 3018 1675 3089 partium
1713 3035 1840 3069 con-

160 3083 425 3139 venientia
471 3086 837 3157 perspiciatur.
898 3088 1151 3141 Advertit
1203 3099 1378 3144 autem
1431 3088 1665 3142 animum
1719 3093 1841 3139 ante

232 3312 275 3365 *)
307 3316 440 3359 Oratt.
461 3317 515 3359 V.
536 3317 584 3359 P.
608 3316 663 3357 ΙΙ.
688 3329 727 3370 p.
750 3320 843 3358 322.
867 3318 931 3359 ed.
951 3318 1122 3360 Ruhnk.
