2158 3718
1358 68 1371 105 *x

327 154 433 191 XIV
958 153 1366 192 PROLEGOMEN
1368 156 1405 191 A

399 279 514 333 Iam
551 280 694 334 vices
732 279 954 333 veniunt
989 280 1059 331 ad
1086 277 1379 334 Socratem.
1417 281 1529 335 Hic
1556 281 1881 351 reliquorum
1903 300 2023 336 ora-

328 350 517 415 tioneS,
557 368 693 419 quae
730 369 829 403 nec
868 369 935 403 ex
970 350 1123 403 firmo
1159 351 1422 422 principio
1459 352 1651 406 ductae
1687 371 1788 406 nec
1813 353 1881 406 ad
1906 371 2021 407 cer-

326 431 438 473 tam
473 421 735 474 rationem
771 421 1058 473 adstrictae
1107 429 1274 484 erant,
1320 431 1531 477 revocat
1579 423 1649 475 ad
1694 423 2024 477 dialecticum

326 510 567 555 acumen,
606 500 660 544 et
697 491 851 544 solita
878 491 1105 559 εἰρωνείᾳ
1130 491 1352 544 orditur.
1398 493 1593 557 Video,
1630 493 1821 562 inquit,
1861 511 2025 562 quam

327 563 488 615 stulte
528 562 747 631 egerim,
787 580 818 613 o
855 560 972 623 viri,
1013 578 1177 628 quum
1201 562 1480 632 profiterer
1515 583 1601 617 me
1638 582 1850 633 quoque
1885 565 2024 617 inter

326 651 420 686 vos
465 633 651 684 laudes
696 630 918 684 Amoris
965 630 1373 686 celebraturum.
1435 632 1575 687 Nam
1622 643 1676 688 et
1722 634 2025 707 Agathonis

323 701 776 774 magniloquentia
819 701 896 754 ita
938 702 1097 754 modo
1143 704 1424 772 perculsus
1471 723 1617 768 sum,
1673 713 1762 769 ut,
1819 704 1864 757 si
1907 704 2026 758 fieri

323 773 605 843 potuisset,
644 771 992 842 aufugissem,
1030 774 1174 840 quod
1210 781 1334 844 post
1370 791 1491 826 eum
1525 774 1659 829 nihil
1685 775 1912 846 dignum
1934 793 2024 828 ve-

325 843 450 895 stris
499 842 718 895 auribus
765 843 1049 895 allaturum
1102 861 1188 895 me
1232 862 1528 912 sperarem,
1586 853 1647 898 et*
1685 863 1753 898 ex
1800 845 2024 898 aliorum

324 912 653 967 orationibus
700 913 941 966 intellexi
985 931 1071 966 me
1121 914 1285 966 totius
1332 913 1556 967 rationis
1598 914 1855 968 laudandi
1903 933 2024 968 esse

324 985 589 1056 ignarum.
627 983 906 1037 Hactenus
943 983 1085 1037 enim
1121 983 1178 1036 in
1216 1003 1278 1037 eo
1315 993 1559 1038 versatus
1587 1004 1705 1038 sum
1731 1003 1928 1049 errore,
1965 993 2027 1039 ut

325 1062 572 1124 putarem
608 1055 942 1109 laudatorem
978 1073 1106 1107 vera
1143 1062 1347 1108 tantum
1383 1055 1580 1109 debere
1605 1073 1920 1126 expromere
1958 1075 2027 1109 ex

322 1125 497 1194 iisque
521 1126 841 1196 pulcerrima
865 1124 1064 1196 eligere
1091 1124 1468 1196 eleganterque
1493 1126 1835 1196 pronuntiare
1848 1146 1862 1189 3
1883 1144 2027 1180 nunc

326 1214 452 1250 vero
500 1214 559 1249 co
601 1196 727 1249 novi
771 1195 1040 1248 laudando
1086 1214 1295 1249 omnem
1332 1197 1470 1250 bene
1508 1197 1738 1262 dicendi,
1789 1197 2027 1251 veritatis

323 1267 524 1319 nullam
599 1266 860 1320 abendam
899 1285 1017 1320 esse
1052 1266 1330 1321 rationem.
1369 1264 1481 1321 Sed
1518 1268 1564 1321 s'i
1599 1287 1685 1322 me
1721 1267 1885 1321 vultis
1907 1285 2028 1321 meo

324 1335 470 1391 more
509 1337 772 1390 dicentem
809 1337 1012 1401 audire,
1038 1337 1254 1403 ‘dicam‚
1300 1346 1361 1391 ut
1404 1346 1608 1409 potero.
1671 1337 1797 1391 Hoc
1832 1355 1959 1391 vero
1996 1357 2029 1391 a

326 1419 396 1472 te,
443 1407 707 1471 Phaedre,
755 1407 848 1476 qui
882 1407 1045 1460 huius
1083 1409 1340 1462 sermonis
1377 1417 1566 1462 auctor
1603 1426 1661 1462 es
1699 1416 1753 1462 et
1787 1426 2027 1480 praeseS,

322 1486 463 1548 pet0,
501 1487 562 1531 ut
597 1478 727 1542 mihi
751 1478 1100 1551 Agathonem
1136 1478 1373 1534 breviter
1409 1478 1674 1548 quaedam
1697 1479 2028 1551 interrogare

322 1549 497 1613 liceat,
550 1558 629 1613 ut,
667 1568 832 1619 quum
858 1549 925 1603 de
950 1549 1231 1620 principiis
1267 1550 1407 1603 inter
1443 1568 1541 1603 nos
1580 1550 1903 1615 convenerit,
1943 1559 2028 1603 to-

325 1629 433 1672 tam
469 1619 594 1674 inde
631 1639 804 1673 meam
841 1620 1256 1690 disputat-ionem
1294 1621 1502 1674 ducam.
1552 1620 1671 1674 Tuo
1699 1620 1917 1689 quidem
1939 1639 2027 1673 ar-

322 1690 540 1756 bitram,
579 1710 611 1744 o
637 1689 904 1755 SocrateS,
942 1691 1118 1760 inquit
1139 1690 1440 1744 Phaedrus.
1476 1691 1665 1761 Atqui,
1691 1691 1766 1744 mi
1789 1690 2028 1762 Agatho,

325 1780 492 1830 quum
535 1762 672 1815 bene
723 1761 1039 1832 dispertiisti
1087 1761 1380 1815 orationem
1434 1770 1581 1815 tuam
1633 1761 1911 1826 bifariam,
1967 1769 2030 1815 ut

321 1832 553 1902 primum
599 1833 832 1896 diceres,
891 1831 1062 1900 qualis
1100 1833 1168 1885 sit
1213 1832 1231 1884 i
1273 1850 1330 1885 se
1366 1831 1557 1897 Amor,
1609 1833 1802 1886 deinde
1849 1832 2029 1901 qualia

323 1903 437 1955 eius
478 1903 586 1966 sint
623 1921 803 1973 opera,
843 1909 957 1955 tum
995 1921 1112 1955 eam
1146 1852 1326 1956 verlssis
1351 1921 1414 1956 ac
1440 1903 1718 1956 sententiis
1742 1903 2028 1975 magnifice

325 1974 612 2027 exornasti.
673 1973 761 2025 Tu
795 1972 963 2045 igitur
999 1973 1101 2026 hoc
1137 1972 1267 2026 mihi
1313 1973 1478 2038 dicas,
1526 1974 1696 2027 Amor
1742 1973 1880 2027 sitne
1927 1973 2026 2026 ali-

325 2044 477 2097 cuius
522 2044 621 2108 rei,
670 2063 738 2096 an
781 2043 1000 2098 nullius.
1061 2044 1187 2098 Hoc
1223 2053 1404 2098 autem
1440 2045 1587 2098 volo:
1633 2063 1800 2114 quum
1841 2063 2028 2098 omnes

322 2133 409 2169 res
446 2114 534 2168 vel
568 2133 667 2186 per
704 2133 760 2168 se
797 2114 947 2185 ipsae
984 2115 1370 2187 intelligantur,
1409 2115 1496 2169 vel
1531 2115 1600 2168 ad
1637 2115 1768 2168 alias
1791 2115 2028 2169 referan-

323 2195 427 2249 tur,
466 2204 534 2238 ex
569 2203 797 2255 quarum
833 2204 1033 2258 genere
1070 2187 1139 2240 sit
1173 2185 1381 2239 Amor?
1427 2195 1487 2239 ut
1523 2194 1733 2256 patrem
1768 2206 1822 2240 v.
1861 2205 1907 2240 c.
1945 2186 2028 2238 di-

323 2255 494 2310 cimus
530 2275 649 2310 esse
685 2256 782 2311 filii
817 2257 903 2310 vel
937 2257 1105 2311 filiae:
1146 2266 1199 2311 et
1234 2258 1400 2311 frater
1439 2266 1520 2310 est
1545 2256 1613 2311 ob
1641 2277 1756 2311 eam
1784 2275 2029 2310 caussam

325 2327 507 2392 frater,
549 2322 693 2396 quo’d
730 2328 953 2381 fratrem
990 2328 1076 2382 vel
1114 2347 1351 2382 sororem
1385 2327 1565 2382 habet.
1605 2327 1707 2382 Est
1730 2327 1903 2381 Amor
1928 2327 2027 2380 ali-

326 2397 478 2451 cuius
525 2399 630 2462 rei,
687 2417 719 2451 ο
768 2396 1039 2452 Socrates
1114 2398 1256 2452 Eam
1300 2418 1430 2453 vero
1475 2418 1590 2453 rem
1635 2407 1816 2452 utrum
1863 2399 2029 2469 cupit,

323 2470 528 2522 necne?
587 2467 774 2539 Cupit.
833 2468 998 2536 Quod
1033 2488 1161 2524 vero
1200 2471 1462 2541 cupimus,
1510 2469 1715 2523 illudne
1750 2469 2027 2534 habemuS,

324 2559 393 2591 an
429 2558 538 2592 non
573 2539 869 2594 habemus?
929 2540 1054 2594 Non
1089 2540 1365 2607 habemus,
1416 2549 1476 2593 ut
1512 2541 1742 2594 videtur.
1804 2540 1889 2593 Ita
1923 2559 2031 2593 non

325 2609 497 2663 videri
535 2618 768 2674 tantum,
816 2611 911 2664 sed
958 2631 1077 2664 esse
1122 2631 1344 2666 necesse
1394 2620 1503 2665 est:
1553 2631 1676 2664 nam
1721 2611 1866 2680 quod
1911 2610 2031 2679 quis

324 2680 582 2748 possidet,
621 2681 754 2733 illud
789 2700 897 2733 non
935 2683 1084 2752 cupit
1095 2703 1110 2745 ;
1161 2691 1215 2735 et
1254 2682 1299 2734 si
1334 2702 1385 2735 v.
1425 2701 1471 2735 c.
1512 2682 1795 2735 sanitatem
1836 2699 2029 2751 corpo-

323 2749 398 2801 ris
435 2750 726 2819 possideat,
766 2770 830 2803 ea
866 2751 1083 2820 quidem
1119 2760 1179 2803 ut
1214 2751 1271 2803 in
1296 2759 1569 2822 posterum
1594 2760 1859 2822 perpetuo
1884 2752 2030 2804 frua-

327 2828 430 2882 tur,
470 2828 652 2889 potest
688 2839 903 2891 cupere,
949 2840 1091 2873 nunc
1127 2821 1182 2874 in
1218 2822 1522 2891 praesentia
1557 2841 1665 2874 non
1702 2822 1867 2892 cupit,
1917 2822 2028 2885 sed,

326 2889 439 2943 sive
475 2890 606 2943 velit
643 2890 756 2944 sive
795 2891 943 2955 nolit,
984 2910 1101 2944 eam
1137 2892 1404 2962 possidet:
1453 2892 1710 2946 Amorem
1747 2911 1874 2947 vero
1911 2911 2030 2946 esse

325 2959 703 3031 pulcritudinis
742 2969 800 3013 tu
835 2961 854 3012 i
898 2980 971 3024 se,
1010 2961 1246 3033 Agatho,
1285 2963 1522 3016 oratione
1561 2972 1654 3015 tua
1691 2963 1890 3016 dixisti.
1951 2962 2029 3015 Et

325 3038 470 3084 recte
509 3030 742 3100 quidem,
781 3050 813 3084 o
854 2980 1132 3095 §ceratem
1177 3052 1302 3086 nam
1338 3033 1415 3086 ita
1453 3053 1510 3087 se
1546 3053 1632 3088 res
1668 3033 1848 3087 habet.
1913 3031 2027 3087 Sed

325 3100 495 3154 Amor
531 3121 653 3155 cum
690 3102 870 3184 cupiat
945 3104 1340 3169 ulcritudinem,
1377 3123 1597 3158 necesse
1637 3113 1738 3168 est,
1779 3123 1896 3157 eam
1923 3123 2029 3157 non

326 3172 553 3226 habeat?
614 3172 699 3226 Ita
745 3181 830 3226 s1t.
891 3122 1148 3227 leulorum
1194 3194 1323 3229 vero
1369 3194 1454 3229 an·
1485 3194 1592 3229 non
1636 3174 1780 3227 idem
1817 3193 2029 3244 quoque

326 3240 527 3296 bonum
554 3245 668 3297 est?
706 3243 807 3297 Est
832 3244 919 3297 ita.
963 3243 1129 3298 Caret
1154 3245 1320 3316 igitur
1344 3246 1530 3316 pulcro
1556 3246 1804 3316 bonoque
1824 3245 2028 3298 Amor?

328 3312 449 3368 Non
488 3324 671 3370 contra
710 3324 760 3369 te
800 3334 1017 3386 possum
1056 3316 1349 3387 disputare,
1401 3315 1667 3382 SocrateS,
1717 3316 1811 3370 sed
1860 3315 1935 3369 ita
1973 3334 2027 3369 se
