2158 3718
62 0 69 11 ι
172 0 360 30 wau-*5135
374 0 386 21 :
399 0 476 32 221ng
488 0 535 23 w,

534 0 1188 40 “wirww'waw
1198 0 1422 41 «tw
1824 8 1838 38 ς
1851 6 1940 36 5
1964 34 1973 53 -.

1920 61 1945 69 ,,

939 58 1259 143 PLATONJs

221 90 322 145 186
339 55 349 109 f
391 74 402 82 ”

217 234 392 288 ταῦτά
439 233 497 303 γ’
538 236 975 306 έπιτηδεύσασα,
1025 230 1071 290 c3
1109 242 1322 309 Σιμμία
1357 259 1417 294 τε
1454 242 1548 295 καὶ
1584 243 1794 312 Κέβης,
1834 241 1983 309 ὅπως

216 318 318 389 μή,
367 317 779 375 διασπασθεῖσα
827 324 891 376 ἐν
937 326 1004 392 τῇ
1053 320 1347 395 ἀπαλλαγῇ
1391 330 1492 380 τοῦ
1545 326 1822 397 σώματος,
1870 326 1982 383 ὑπὸ

215 407 330 457 τῶν
374 402 594 475 ἀνέμων
642 406 1059 478 διαφυσηθεῐσα
1105 409 1198 462 καὶ
1245 410 1582 482 διαπτομένη
1629 417 1844 482 οἴχηται
1890 415 1984 470 καὶ

216 486 387 543 οὐδὲν
423 491 503 543 ἔτι
541 489 793 561 οὐδαμοῦ
830 484 886 563 ᾗ.

356 577 471 644 Cap.
511 579 698 629 XXXV.
774 575 919 647 Σιγὴ
958 572 1064 633 οὖν
1103 580 1343 650 ἐγένετο,
1381 585 1555 635 ταῦτα
1593 583 1846 646 εἰπόντος
1880 588 1983 637 τοῦ

163 659 583 731 ΟΣωκράτους,
634 662 726 714 ε’πὶ
770 661 954 716 πολύν
1000 665 1236 735 χρόνον,
1282 666 1375 718 καὶ
1423 665 1589 731 αὐτός
1634 687 1694 721 τε
1730 665 1871 739 πρὸς
1906 672 1983 740 τῷ

215 745 488 816 εἰρημένῳ
528 745 674 816 λόγῳ
711 739 785 816 ἦν
824 746 852 801 ὁ
892 750 1226 820 Σωκράτης,
1267 748 1342 813 (ὃς
1380 752 1521 806 ἰδεῖν
1561 753 1850 822 ἐφαίνετο,
1890 755 1984 806 καὶ

154 862 158 867 »
211 827 371 899 ἡμῶν
409 830 468 882 οἱ
500 833 765 885 πλεῖστοι.
841 835 1026 904 Κέβης
1064 835 1125 890 δὲ
1163 836 1255 888 καὶ
1293 839 1534 906 Σιμμίας
1572 837 1808 908 σμικρὸν
1844 837 1984 908 πρὸς

213 912 435 984 ἀλλήλω
474 915 856 988 διελεγέσθην.
909 919 1004 973 καὶ
1042 918 1070 973 ὁ
1098 920 1403 991 Σωκράτης
1442 920 1580 975 ἰδών
1608 920 1756 975 αὐτοὶ
1792 920 1981 993 ἤρετο,

219 1002 308 1064 Τι’;
349 1002 481 1069 ἔφη·
533 998 669 1070 ὑμῖν
706 1000 773 1056 τὰ
809 1006 1081 1073 λεχθέντα
1118 1010 1242 1075 μῶν
1278 1004 1351 1076 μὴ
1392 1007 1551 1059 δοκεῖ
1585 1007 1791 1070 ἐνδεῶς
1826 1009 1983 1062 λελέ-

212 1090 371 1154 χθαι,
422 1084 632 1150 πολλάς
679 1086 788 1157 γὰρ
837 1088 905 1159 δὴ
954 1092 1033 1144 ἔτι
1080 1092 1191 1159 ἔχει
1237 1089 1484 1157 ὑποψίας
1528 1094 1622 1144 καὶ
1660 1090 1980 1162 άντιλαβάς,

323 1257 506 1301 ταῦτά
533 1254 582 1315 γ’
613 1254 1062 1317 ε’πιτηδεύσασα]
1106 1265 1218 1305 Libri
1248 1257 1313 1314 δ’,
1339 1266 1453 1315 quod
1475 1279 1570 1306 cum
1591 1266 1789 1307 Fischero
1813 1274 1853 1306 et
1872 1266 1980 1308 Bek-

209 1318 309 1357 kero
339 1317 392 1357 de
422 1318 630 1358 sententia
659 1317 862 1372 Stephani
891 1322 934 1361 in
963 1315 1011 1375 γ’
1041 1323 1308 1362 mutavimus.
1350 1322 1620 1363 Heindorfius
1650 1335 1703 1362 ex
1732 1323 1844 1376 Aug.
1866 1324 1982 1364 dedit

210 1368 350 1415 ταῦτ’
372 1367 740 1427 ἐπιτηδεύσασα.
767 1377 846 1417 Pro
870 1371 1097 1432 ἐπιτηὸεύ
1107 1390 1249 1420 σασα
1272 1378 1418 1432 Steph.
1442 1372 1845 1433 ἐπιτηδεύουσα,
1868 1382 1982 1433 quod

137 1467 139 1470 Α
207 1444 317 1472 unus
339 1431 434 1474 Par.
459 1432 492 1472 E
513 1438 642 1482 tenet,
663 1434 792 1473 ceteri
811 1443 923 1475 recte
944 1437 1148 1476 aoristum
1168 1435 1350 1477 firmant.

321 1495 348 1542 ὖ
363 1497 432 1544 πό
455 1501 563 1545 τῶν
584 1494 684 1546 άνέ
694 1503 822 1558 μων]
853 1507 966 1547 Vett.
991 1507 1106 1550 editt.
1131 1499 1224 1548 ὑπὸ
1248 1497 1390 1548 τινῶν
1411 1499 1488 1548 οἷν.
1511 1508 1656 1548 invitis
1680 1508 1912 1558 codicibus,
1935 1511 1982 1549 u‘t

206 1559 396 1611 videtur,
427 1561 636 1603 omnibus.
678 1561 758 1601 Pro
796 1563 912 1616 vulg.
948 1560 1252 1618 διαπταμένη
1284 1576 1337 1604 ex
1364 1563 1487 1606 Bodl.
1517 1577 1582 1617 pr.
1606 1564 1734 1606 Coisl.
1761 1565 1869 1604 Ven.
1891 1565 1986 1607 ΛΠ

136 1649 140 1653 .
206 1617 302 1659 Par.
326 1614 429 1658 CEI
458 1617 609 1659 Ambr.
642 1618 755 1671 Aug.
793 1620 1047 1661 Florentinis
1083 1621 1321 1661 restitutum
1358 1617 1670 1675 διαπτομένη,
1701 1622 1813 1673 quod
1843 1622 1979 1675 magis

206 1673 395 1714 Atticum
425 1673 620 1714 habetur.
649 1675 742 1716 Par.
765 1676 802 1716 H
831 1677 940 1718 Tub.
962 1673 1264 1731 διαττομένη,
1306 1678 1400 1721 Par.
1425 1676 1459 1718 G
1491 1674 1811 1732 διαπτωμένη.
1851 1679 1980 1719 Recte

206 1731 422 1771 Porsonus
444 1731 500 1771 ad
519 1730 630 1772 Med.
652 1745 693 1774 v,
717 1734 753 1771 1.
798 1735 959 1785 „Attici
987 1735 1028 1774 in
1054 1736 1270 1787 praesenti
1291 1734 1492 1775 adhibent
1513 1731 1731 1789 πέτομαι,
1754 1731 1978 1789 πέταμαι,

206 1788 250 1827 in
270 1788 429 1829 aoristo
452 1781 677 1842 ἐπτόμην,
709 1781 940 1845 ἕπτάμην,
973 1804 1153 1843 quorum
1185 1792 1302 1845 prius
1324 1792 1381 1831 ita
1402 1791 1731 1844 praeferendum
1753 1793 1911 1846 iudico,
1934 1799 1981 1832 ut

206 1851 352 1886 contra
381 1844 580 1885 librorum
609 1852 750 1885 tamen
780 1859 1034 1889 consensum
1066 1848 1167 1888 nihil
1196 1846 1431 1888 mutetur.“
1474 1848 1662 1888 Platonis
1700 1849 1792 1888 libri
1822 1849 1863 1888 in
1899 1849 1978 1889 hoe

206 1903 376 1954 quidem
399 1914 528 1956 opere
548 1900 574 1942 ὁ
595 1908 782 1943 tuentur.
805 1905 915 1946 conf.
940 1918 982 1958 p.
1006 1907 1058 1947 70
1079 1907 1128 1947 A.
1151 1918 1194 1959 p.
1221 1907 1300 1947 109
1322 1906 1368 1945 E.

319 1971 423 2026 Cap.
446 1972 626 2014 XXXV.
660 1972 705 2016 C.
737 1973 853 2028 μῶν
881 1969 952 2029 μὴ
979 1975 1023 2020 δ.
1054 1970 1168 2019 ε’νδ.
1194 1971 1488 2030 λελέχθαι]
1523 1976 1574 2016 V.
1599 1972 1842 2031 λέγεσθαι,
1867 1978 1979 2028 quod

207 2043 260 2070 ex
280 2030 402 2071 Bodl.
426 2029 551 2070 Coisl.
576 2031 674 2071 Vat.
695 2032 825 2075 vind.
849 2033 887 2074 Φ
909 2034 1004 2075 Par.
1031 2031 1107 2075 CG
1128 2034 1274 2075 Ambr.
1295 2033 1405 2073 Flor.
1430 2045 1451 2072 c
1474 2033 1498 2073 d
1521 2046 1562 2072 m
1584 2039 1830 2075 correctum.
1878 2034 1978 2075 Ete--

190 2081 292 2126 'nim
323 2099 407 2127 non
434 2087 520 2126 iam
550 2087 689 2140 agitur
718 2088 770 2128 de
801 2101 864 2140 eo,
896 2091 1009 2141 quod
1040 2091 1178 2131 adhuc
1207 2098 1430 2140 statuatur,
1462 2090 1538 2130 sed
1559 2090 1612 2130 de
1634 2103 1698 2141 eo,
1722 2090 1834 2142 quod
1854 2098 1977 2131 antea

203 2144 362 2184 dictum
381 2144 453 2185 sit.
494 2143 633 2188 Herm.
664 2152 805 2186 tamen
836 2158 931 2186 cum
954 2148 1074 2190 Bodl.
1102 2161 1164 2201 pr.
1186 2160 1260 2200 m.,
1290 2147 1357 2186 cui
1388 2146 1462 2186 uni
1490 2147 1675 2187 maxime
1702 2147 1975 2199 adhaerescit,

202 2287 298 2329 Her.
323 2287 353 2327 I.
376 2287 444 2328 84.
487 2287 607 2328 Istud
637 2283 791 2329 ταῦτά
812 2301 865 2342 γε
887 2281 1048 2343 ἐπιτη-

204 2337 420 2385 δεύσασα
457 2355 531 2384 cur
567 2345 625 2384 ita
660 2346 943 2398 praemissum
975 2347 1045 2397 sit,

204 2401 429 2449 nemiuem,
449 2402 612 2454 opinor,
634 2404 904 2455 praeteribit3
928 2416 1046 2457 repe-

202 2458 303 2498 titur
325 2459 436 2497 enim
457 2471 554 2498 cum
570 2459 611 2499 vi
630 2466 669 2499 et
690 2461 901 2512 gravitate
922 2472 1047 2500 accu-

203 2516 419 2565 ratiusque
437 2514 672 2555 illustratur
689 2518 801 2568 quod
819 2517 901 2556 iam
920 2518 1049 2570 signi-

202 2571 372 2611 ficatum
395 2579 458 2611 est
477 2573 619 2613 verbis
642 2567 692 2613 ἐκ
715 2572 799 2626 τῆς
821 2569 1048 2627 τοιαύτης

202 2627 404 2681 τροφῆς,
447 2628 486 2666 in
520 2641 601 2679 quo
635 2629 736 2668 nihil
767 2637 829 2670 est
858 2643 930 2670 cur
953 2632 1046 2680 quis

204 2684 404 2724 ossbndan

259 2763 1045 2823 Οειρ.ΧΧΧν.Ο.αὐτόςτεπρός

201 2823 274 2882 τῷ
305 2821 593 2878 εἰρημένῳ
635 2820 777 2879 λόγῳ
818 2822 902 2880 ἠν]
941 2826 981 2869 h.
1010 2841 1043 2867 e.

200 2883 315 2935 ipse
352 2880 569 2922 defixus
608 2890 719 2922 erat
748 2884 799 2922 in
839 2884 1045 2935 cogita-

202 2940 349 2979 tione
380 2950 580 2988 eorum‚
603 2951 735 2989 quae
766 2939 1044 2991 disputata

164 3002 374 3049 ‘erant,
398 3008 432 3035 s.
454 2994 690 3034 habitam
712 2996 1042 3049 disputatio-

203 3065 313 3092 nem
343 3058 514 3092 mente
543 3064 715 3091 secum
752 3053 1040 3104 cogitabat.

200 3109 423 3160 Loquendi
450 3121 586 3161 genus
618 3109 934 3149 illustraverunt
956 3111 1043 3150 Vi-

201 3179 304 3218 ger.
346 3179 388 3219 p.
425 3166 520 3207 662.
573 3166 946 3218 wyttenbach,
990 3168 1041 3206 ad

202 3223 312 3265 Plut.
343 3222 405 3262 De
436 3235 531 3262 scra
552 3235 666 3263 num.
701 3222 814 3262 vind.
844 3236 887 3275 p.
917 3224 968 3262 21
1003 3232 1042 3262 et.

203 3288 345 3322 annot.
387 3279 441 3319 ad
477 3279 519 3319 h.
546 3280 572 3319 Ι.
598 3281 784 3333 Interpp.
815 3281 868 3320 ad
900 3280 1041 3320 Horat.

203 3336 291 3379 Sat.
317 3337 347 3377 Ι.
370 3338 410 3386 9,
434 3338 473 3378 2.

260 3386 328 3441 ὥς
360 3389 516 3434 ἰδεῖν
547 3386 906 3445 ἔφαίνετο]1ι.
932 3403 1044 3436 c.11t

204 3451 410 3500 quidem
452 3451 767 3503 apparebat,
810 3451 896 3490 ubi
926 3451 1043 3502 quis

1137 2303 1249 2330 eum
1274 2289 1600 2332 intuebatur.
1642 2289 1746 2330 Nam
1769 2298 1879 2330 errat
1900 2290 1976 2330 Fi-

1136 2346 1326 2395 scher.,
1389 2347 1459 2398 qui
1510 2342 1636 2387 ἰδεῖν
1683 2347 1977 2400 interpretatur

1136 2399 1346 2457 βλέπειν,
1377 2404 1582 2443 vultum
1609 2402 1828 2456 habere,
1860 2404 1975 2444 vul-

1136 2470 1239 2500 tum
1262 2460 1496 2500 induere.
1539 2461 1661 2500 Errat
1682 2460 1806 2499 etiam
1827 2460 1976 2500 Hein-

1135 2516 1287 2567 dorf„
1331 2518 1400 2567 qui
1442 2513 1568 2558 ἰδεῖν
1608 2517 1777 2570 passive
1817 2518 1973 2558 dictum

1135 2580 1255 2644 putat
1290 2586 1542 2626 comparans
1572 2573 1791 2613 formulam
1829 2566 1975 2621 καλὸς

1135 2628 1260 2671 ιδεῖν
1290 2636 1330 2669 et
1358 2630 1524 2677 similia,
1559 2631 1601 2668 in
1630 2629 1781 2680 quibus
1804 2636 1844 2668 et
1863 2630 1973 2682 ipsis

1135 2682 1261 2727 ἰδεῖν
1281 2686 1418 2725 active
1439 2686 1738 2738 accipiendum.
1763 2685 1867 2725 Nam
1889 2700 1974 2727 κα-

1134 2735 1213 2790 λὸς
1235 2738 1361 2783 ἰδεῖν
1383 2743 1553 2795 proprie
1580 2750 1665 2782 est:
1696 2741 1859 2783 sehon
1880 2755 1974 2782 an-

1135 2798 1388 2845 zusehen,
1427 2798 1466 2837 h.
1497 2811 1531 2840 e.
1561 2799 1764 2852 pulcer,
1788 2800 1831 2839 si
1855 2800 1972 2849 quis

1133 2868 1243 2894 eum
1265 2855 1465 2894 videat.
1497 2855 1554 2894 De
1577 2857 1680 2908 Rep.
1703 2855 1762 2895 X.
1782 2869 1824 2909 p.
1848 2857 1973 2897 615ss

1133 2905 1359 2964 διάπυροι
1382 2908 1522 2955 ἰδεῖν.
1552 2913 1656 2953 Tim.
1681 2925 1721 2965 p.
1732 2913 1829 2954 5213
1850 2914 1990 2954 παν-’

1132 2961 1353 3022 τοδαπὴν
1383 2965 1508 3009 ἰδεῖν
1532 2969 1817 3021 φαίνεσθαι.
1859 2973 1969 3010 lam—

1131 3024 1253 3065 blich.
1278 3026 1446 3078 Mystcr.
1471 3025 1577 3078 Aeg.
1600 3028 1653 3069 11.
1673 3028 1712 3069 8.
1738 3039 1779 3080 Ρ.
1798 3028 1853 3067 50
1874 3019 1970 3067 ὄλι-

1131 3080 1466 3136 γοδρανοῦσιν,
1505 3077 1566 3131 ὡς
1604 3079 1730 3124 ἰδεῖν
1767 3081 1969 3136 φαίνον-

1130 3153 1224 3192 ται,
1263 3139 1303 3181 h.
1343 3152 1377 3179 e.
1419 3146 1472 3179 ut
1508 3147 1748 3194 apparet,
1781 3140 1825 3179 si
1853 3140 1970 3191 quis

1131 3209 1218 3236 eos
1260 3196 1537 3249 adspiciat.
1575 3196 1685 3239 conf.
1714 3195 1970 3236 Matthiae

1133 3253 1201 3294 Gr.
1228 3253 1268 3302 ξ.
1293 3255 1374 3294 535
1397 3267 1434 3295 a.

1194 3337 1285 3389 Τίς
1319 3333 1450 3392 ἔφη·
1479 3331 1614 3391 ὑμῖν
1637 3330 1701 3377 τοὶ
1726 3333 1967 3390 λεχθέν-

1131 3408 1195 3435 τα
1224 3393 1339 3447 μῶν
1368 3388 1439 3449 μὴ
1463 3393 1627 3436 δοκεῖ
1652 3387 1764 3436 ε’νδ.
1791 3392 1846 3444 λ.]
1869 3392 1970 3446 μῶν

1130 3444 1193 3504 μὴ
1257 3450 1410 3492 donec:
1474 3465 1536 3491 es.
1574 3450 1781 3490 scheint
1836 3450 1966 3491 doch
