2158 3718
385 116 490 168 114
1007 114 1424 169 PLATONIS

395 263 569 316 θειαν
624 262 725 317 τοῦ
785 266 1030 317 ἐπαινεῖν
1090 257 1300 316 ὁτιοῦν.
1344 260 1409 320 τὸ
1453 266 1510 319 δὲ
1553 259 1701 338 ἄρα,
1756 261 1832 328 ὡς
1883 268 2076 332 ἔοικεν,

313 350 359 401 Ε
407 343 474 400 οὐ
519 347 686 401 τοῦτο
728 336 800 412 ἦν
842 340 906 400 τὸ
951 337 1129 408 καλῶς
1172 349 1414 403 ἐπαινεῖν
1459 346 1666 415 ὁτιοῦν,
1707 344 1852 403 ἀλλὰ
1895 347 1959 405 τὸ
2003 348 2079 415 ὡς

399 433 626 502 μέγιστα
683 427 1024 483 ἀνατιθέναι
1079 430 1155 498 τῷ
1215 427 1500 503 πράγματι
1544 436 1637 488 καὶ
1679 429 1752 496 ὡς
1793 430 2077 498 κάλλιστα,

400 511 501 569 ἐάν
555 534 612 568 τε
669 535 701 589 ῃ
759 509 934 577 οὕτως
974 515 1199 584 ἔχοντα,
1261 512 1357 569 ἐάν
1418 537 1475 572 τε
1517 516 1610 590 μή.
1681 522 1725 572 ει
1776 519 1832 571 δὲ
1875 520 2077 594 ψευδῆ,

406 594 566 653 οὐδὲν
608 592 702 665 ἄρ’
753 617 823 662 ην
867 598 1114 668 πρᾶγμα.
1156 595 1501 672 προύῥρήθ·η
1559 622 1699 673 γαρ,
1756 597 1830 665 ὡς
1886 605 2080 667 ἔοικεν,

402 678 551 745 ὅπως
606 685 835 745 έκαστος
888 678 1044 752 ἡμῶν
1102 677 1204 737 τὸν
1245 678 1460 754 ’Έοωτα
1521 683 1866 757 ἐγκωμιάζειν
1922 684 2082 752 δόξει,

403 764 503 835 οὐχ
550 761 699 827 ὅπως
742 762 1152 836 ἐγκωμιάσεται,
1192 762 1282 820 δια
1327 771 1508 822 ταῦτα
1554 767 1636 837 δή,
1681 766 1849 838 οἶμαι,
1892 768 2082 825 πάντα

403 846 572 919 λόγον
614 850 898 913 κινοῦντες
940 847 1245 905 ἀνατίθετε
1287 853 1364 921 τῷ
1390 848 1620 924 ’Έρωτι,
1663 856 1756 908 καί
1795 875 1938 928 φατε
1981 852 2082 908 αὐ-

403 929 504 988 τὸν
559 930 822 988 τοιοῦτόν
877 954 933 988 τε
990 930 1130 989 εἶναι
1189 937 1282 990 καὶ
1334 936 1619 993 τοσούτων
1673 937 1883 1002 αἴτιον,
1935 933 2085 1002 ὅπως

402 1011 476 1072 ἂν
526 1022 799 1093 φαίνηται
854 1014 928 1082 ὡς
985 1016 1276 1084 κάλλιστος
1332 1024 1424 1076 καὶ
1467 1017 1722 1094 ἄριστος,
1781 1023 1950 1088 δῆλον
1993 1018 2083 1076 ὅτι

401 1109 521 1166 τοῖς
560 1097 637 1173 μὴ
680 1098 1107 1172 γιγνώσκουσιν·
1153 1102 1220 1160 οὐ
1264 1101 1372 1176 γὰρ
1415 1101 1488 1160 ἄν
1530 1127 1640 1162 που
1665 1113 1780 1170 τοῖς
1811 1126 1869 1174 γε
1900 1103 2086 1162 εἰδόσι.

400 1188 498 1241 καὶ
539 1188 718 1251 καλῶς
779 1182 832 1257 γ’
892 1188 996 1259 ἔχει
1041 1190 1133 1243 καὶ
1175 1191 1382 1261 σεμνῶς
1424 1187 1454 1246 ὁ
1499 1193 1742 1255 ἔπαινος.
1789 1187 1929 1246 ἀλλὰ
1975 1187 2084 1265 γὰρ

263 937 367 986 199

518 1375 577 1419 τὸ
613 1377 663 1419 δὲ
694 1378 796 1434 ἄρα
829 1401 886 1409 --
922 1377 982 1421 οὗ
1011 1383 1182 1421 τοῦτο
1213 1374 1300 1437 ἧν]
1340 1381 1514 1424 Bestius
1542 1385 1681 1423 τοῦτο
1712 1382 1755 1424 in
1784 1379 1960 1430 τούτοις
1991 1396 2087 1426 mu-

404 1434 486 1477 tari
516 1435 714 1488 volebat,
747 1436 837 1478 sine
866 1435 1020 1479 idonea
1053 1450 1196 1481 causa.

522 1507 577 1550 E.
634 1505 792 1548 οὐδὲν
826 1505 905 1561 αρ’
947 1523 1008 1560 ην
1050 1508 1299 1564 πρᾶγμα]
1341 1501 1473 1552 Coisl.
1503 1507 1554 1550 τὰ
1589 1513 1782 1566 πρᾶγμα,
1841 1510 1931 1553 Sed
1965 1508 2090 1552 οῦδὲν

405 1568 586 1620 πρᾶγμα
624 1565 834 1618 significat
872 1577 976 1606 non
1015 1567 1308 1608 molestum
1347 1572 1444 1610 est.
1505 1567 1613 1608 Dein
1653 1573 1758 1610 vett.
1794 1568 1918 1611 editt.
1949 1583 2088 1624 προν-

406 1621 556 1678 ρήθη,
589 1622 661 1676 qui
691 1635 811 1664 error
839 1623 908 1664 vel
939 1622 1032 1665 sine
1063 1623 1285 1665 codicibus
1313 1625 1405 1666 to‘lli
1434 1624 1657 1667 debuerat.

520 1691 874 1748 ἐγκωμιάζειν
904 1691 1076 1749 δόξει]
1109 1695 1185 1736 Sic
1215 1695 1348 1737 edidit
1378 1695 1636 1750 Stephanus.
1695 1695 1786 1738 Sed
1815 1697 1908 1739 libri
1937 1711 2088 1741 omnes
2156 1710 2158 1725 ³

405 1748 484 1792 ὃό
463 1767 535 1807 ῃ,
569 1750 687 1804 quod
718 1749 941 1804 quomodo
973 1751 1144 1797 defendi
1175 1753 1340 1807 possit,
1371 1755 1442 1795 alii
1471 1754 1678 1806 viderint,
1720 1767 1802 1808 ego
1830 1766 1914 1796 non
1944 1756 2084 1798 video.
2142 1771 2158 1809 g„

522 1823 573 1864 P.
610 1822 705 1867 199.
765 1820 825 1863 οὗ
869 1820 969 1876 γὰρ
1006 1821 1067 1862 ἄν
1105 1838 1207 1864 που
1248 1827 1364 1871 τοῖς
1402 1838 1457 1878 γε
1499 1825 1626 1877 em]
1674 1838 1726 1864 αν
1755 1823 1884 1869 Bodl.
1916 1825 2013 1870 Vat.
2031 1825 2087 1870 Δ.
2137 1814 2158 1874 ξ

407 1879 565 1922 ven-²*
530 1895 576 1923 ...
607 1880 727 1924 vind.
740 1879 783 1923 2
806 1880 908 1921 Par.
928 1879 1024 1921 DK.
1069 1884 1178 1935 Aug.
1207 1894 1255 1922 w.
1287 1881 1384 1923 Vat.
1413 1896 1439 1936 p
1485 1882 1709 1934 omittunt,
1757 1894 1842 1923 non
1878 1884 1971 1925 sine
2009 1898 2087 1939 ap-

408 1940 562 1992 plausu
584 1937 901 1980 Turicensium.
941 1936 1155 1979 Videlicet
1171 1943 1446 1981 extruserunt
1463 1939 1568 1981 illud
1592 1940 1663 1992 qui
1694 1941 1895 1992 φαίνοιτο
1927 1943 2088 1996 optati-

407 2009 506 2037 vum
551 1995 872 2049 intelligendum
913 1994 1090 2048 relinqui
1137 1997 1204 2038 vel
1244 2008 1328 2037 non
1368 1997 1562 2039 viderent
1598 1997 1665 2039 vel
1699 1998 1880 2040 moleste
1910 1998 2087 2045 ferrent.

407 2052 533 2095 Novo
572 2053 700 2106 igitur
735 2052 801 2094 hic
834 2053 955 2094 locus
986 2058 1242 2106 argumento
1273 2059 1340 2095 est
1379 2056 1447 2096 vel
1488 2053 1673 2108 optimos
1712 2053 1884 2096 codices
1916 2069 2086 2099 manum

407 2110 788 2164 grammaticorum
822 2109 1157 2152 emendatricem
1189 2117 1392 2166 expertos
1425 2125 1548 2164 esse,
1591 2116 1639 2153 ut
1668 2110 1720 2153 iis
1749 2123 1836 2153 non
1864 2113 1955 2156 sine
1985 2127 2089 2157 cuu-

405 2169 526 2210 tione
555 2167 664 2209 fides
697 2167 892 2210 habenda
922 2167 991 2210 sit.

522 2237 617 2280 οὐκ
662 2238 761 2293 ᾔδη
802 2237 938 2295 αρα]
982 2239 1057 2281 Sic
1086 2238 1216 2283 Bodl.
1245 2239 1346 2284 Vat.
1367 2238 1420 2281 A.
1451 2241 1561 2293 Ang.
1586 2251 1627 2282 u.
1648 2252 1702 2282 w.
1726 2243 1771 2282 et
1808 2255 1918 2287 corr.
1951 2242 2085 2286 Coisl.

408 2296 550 2351 Vulgo
579 2302 673 2340 erat
702 2297 834 2351 ᾔδειν.

466 2437 525 2478 τὸ
559 2439 612 2480 δὲ
641 2437 896 2492 αρα--ου
930 2442 1096 2482 τοῦτο
1130 2431 1207 2494 ἠν]

409 2497 477 2538 De
496 2496 582 2539 isto
614 2496 664 2538 τὸ
698 2498 746 2538 δέ
772 2510 815 2539 v,
837 2497 891 2539 ad
914 2498 1098 2557 Apolog.
1121 2497 1208 2538 So-

410 2558 515 2596 erat
537 2569 562 2608 p
598 2554 668 2599 23.
694 2558 743 2596 A.
767 2559 811 2596 et
829 2554 884 2597 de
913 2553 987 2609 αρ’
1023 2559 1089 2606 ἠν,
1120 2567 1206 2608 quo

411 2611 642 2664 Socrates,
673 2613 910 2666 sapientiae
942 2624 1049 2654 suae
1079 2611 1208 2653 dissi-

410 2669 621 2720 mulator‚
658 2669 864 2721 significat
901 2668 1006 2709 hanc
1035 2669 1208 2721 opinio-

410 2736 509 2765 nem
543 2730 715 2778 praeter
739 2725 1108 2778 exspectationem
1127 2724 1207 2766 sal-

411 2792 462 2821 so
492 2794 543 2822 ac
575 2786 740 2823 temere
757 2782 809 2823 ab
834 2781 928 2834 ipso
954 2785 1206 2843 susceptam

412 2850 534 2887 esse,
575 2838 630 2879 ad
666 2837 885 2879 Phaedon.
921 2837 1105 2879 c.X111.
1147 2837 1205 2881 in.

411 2894 479 2936 De
499 2895 684 2948 Rep.11.
706 2908 746 2949 p
760 2893 857 2938 357.
875 2894 1027 2935 A.V11.
1052 2907 1090 2948 p
1106 2893 1205 2939 527

411 2953 466 2994 al.
527 2952 640 2996 Infra
669 2965 710 3006 p·
750 2952 838 2997 199
872 2955 932 2992 A:
977 2949 1082 2992 ἀλλὰ
1124 2950 1207 3007 γὰρ

390 3007 490 3064 ’ἐγὼ
539 3008 618 3050 ουκ
663 3009 746 3063 ᾔδη
795 3008 880 3064 ἄρα
923 3006 1002 3048 τὸν
1019 3008 1209 3065 τρόπον

412 3070 494 3109 τοῦ
521 3067 709 3109 ἐηαῦνου.
772 3066 979 3108 Ceterum
1011 3064 1092 3108 hoc
1121 3067 1208 3109 So-

414 3124 544 3166 cratis
572 3123 774 3166 iudicium
801 3123 976 3178 egregie
1008 3125 1210 3167 convenit

415 3195 511 3224 cum
543 3181 623 3224 illis
658 3181 830 3224 Menex.
865 3194 904 3234 p.
932 3179 1030 3224 234.
1063 3182 1122 3223 C:
1166 3181 1212 3222 οἳ

415 3244 635 3289 (oratores
664 3237 890 3292 funebres]
932 3236 1047 3280 οὕτω
1077 3239 1211 3286 καλῶς

412 3297 675 3347 ἐπαινοῦσιν,
709 3293 811 3342 ὥςτε
842 3294 917 3336 καὶ
947 3293 998 3335 τὰ
1031 3295 1212 3351 προς-όν-

415 3370 469 3394 τα
510 3353 582 3394 καὶ
621 3352 674 3394 τὰ
716 3351 776 3408 μὴ
812 3353 907 3407 περὶ
937 3351 1118 3395 ἑκάστου
1149 3354 1213 3396 λέ-

894 2297 984 2339 Pro
1015 2296 1102 2352 ἄρα
1131 2297 1246 2351 quod
1276 2297 1317 2339 in
1348 2297 1475 2340 Bodl.
1497 2298 1594 2342 Vat.
1610 2294 1664 2341 A.
1687 2296 1811 2344 vind
1827 2301 1862 2345 1,
1873 2301 1914 2346 2
1925 2301 1964 2344 7.
1987 2302 2088 2343 Par.

1293 2454 1463 2494 γοντες,
1504 2436 1710 2480 κάλλιστά
1747 2453 1835 2485 πως
1866 2444 1957 2487 τοῖς
1986 2439 2089 2481 ὀνό-

1290 2513 1399 2552 μασι
1457 2498 1743 2544 ποικίλλοντες
1803 2495 2090 2551 γοητεύονσιν

1292 2554 1409 2609 ἡμῶν
1439 2554 1516 2600 τὰς
1545 2553 1704 2609 ψυχὰς.

1349 2612 1400 2653 Ε·
1461 2610 1789 2667 προῦῤῥῆθη
1818 2609 1917 2666 γάρ
1936 2634 1992 2642 -
2011 2611 2089 2665 ἓν·

1289 2667 1654 2722 κωμιᾶσεται]
1690 2667 1815 2709 Haec
1845 2668 1959 2711 dicta
1990 2675 2092 2711 sunt

1290 2738 1386 2766 cum
1418 2725 1574 2767 acerba
1607 2724 1816 2777 irrisione,
1847 2726 1971 2768 cuius
2003 2728 2088 2769 vim

1291 2787 1421 2834 auget
1460 2782 1589 2824 etiam
1632 2782 1840 2825 urbanum
1885 2783 1999 2826 istud
2038 2798 2091 2826 ae
2130 2799 2132 2801 ’

1291 2838 1540 2881 modestum
1571 2837 1626 2885 ὡς
1655 2839 1804 2883 ἔοικεν.

1347 2921 1522 2965 πάντα
1567 2922 1729 2977 λόγον
1776 2928 2089 2998 κινοῦντες]

1291 2981 1532 3023 Dictionem
1573 2986 1700 3022 κινεῖν
1739 2988 1782 3024 et
1809 2986 1983 3040 ἐγείρειν
2013 2983 2091 3026 λὸ-
2157 2986 2158 2995 ’

1289 3053 1368 3093 γον
1409 3040 1616 3095 exemplis
1655 3040 1919 3084 illustrarunt
1947 3041 2039 3097 Wy
2050 3048 2093 3084 t-
2128 3028 2158 3059 Λ

1293 3097 1546 3140 tenbach.
1578 3096 1631 3140 ad
1660 3096 1897 3141 Plutarch.
1907 3099 1962 3142 de
1990 3100 2087 3144 Ser.
2139 3104 2158 3142 Ἢ

1292 3154 1414 3198 Num.
1461 3154 1582 3196 Vind.
1616 3168 1658 3209 p.
1693 3153 1763 3200 83.
1809 3162 1853 3198 et
1889 3157 2090 3201 Heusd.
2139 3143 2158 3233 {l

1295 3211 1482 3267 Specim.
1517 3212 1620 3254 Crit.
1653 3225 1697 3265 p.
1723 3213 1809 3257 110
1837 3227 1931 3269 sqq.

1353 3299 1406 3343 P.
1455 3298 1550 3343 199
1628 3298 1688 3341 οὔ
1736 3296 1834 3353 γὰρ

1882 3315 1945 3340 αν
1986 3315 2092 3342 που

1298 3360 1416 3403 τοῖς
1443 3371 1498 3410 γε
1527 3355 1728 3410 εἰδόσι]
1766 3355 1961 3412 Intellige
1990 3359 2092 3414 φαί·
2134 3407 2136 3410 y
