<?xml version="1.0" encoding="UTF-8"?>
<!DOCTYPE html PUBLIC "-//W3C//DTD XHTML 1.0 Transitional//EN"
    "http://www.w3.org/TR/xhtml1/DTD/xhtml1-transitional.dtd">
<html xmlns="http://www.w3.org/1999/xhtml" xml:lang="en" lang="en">
 <head>
  <title>
</title>
<meta http-equiv="Content-Type" content="text/html;charset=utf-8" />
  <meta name='ocr-system' content='tesseract 3.04.00' />
  <meta name='ocr-capabilities' content='ocr_page ocr_carea ocr_par ocr_line ocrx_word'/>
</head>
<body>
  <div class='ocr_page' id='page_1' title='image "./operaomniarecens01platuoft/operaomniarecens01platuoft_0026.png"; bbox 0 0 2222 3762; ppageno 0'>
   <div class='ocr_carea' id='block_1_1' title="bbox 437 162 555 216">
    <p class='ocr_par' dir='ltr' id='par_1_1' title="bbox 437 162 555 216">
     <span class='ocr_line' id='line_1_1' title="bbox 437 162 555 216; baseline -0.017 0"><span class='ocrx_word' id='word_1_1' title='bbox 437 162 555 216; x_wconf 82' lang='lat' dir='ltr'>XX</span> 
     </span>
    </p>
   </div>
   <div class='ocr_carea' id='block_1_2' title="bbox 420 304 2159 3090">
    <p class='ocr_par' dir='ltr' id='par_1_2' title="bbox 423 304 2159 1929">
     <span class='ocr_line' id='line_1_2' title="bbox 439 304 2127 376; baseline -0.001 -18"><span class='ocrx_word' id='word_1_2' title='bbox 439 324 574 376; x_wconf 81' lang='lat' dir='ltr'>quas</span> <span class='ocrx_word' id='word_1_3' title='bbox 626 310 817 376; x_wconf 81' lang='lat' dir='ltr'>postea</span> <span class='ocrx_word' id='word_1_4' title='bbox 874 304 1151 374; x_wconf 81' lang='lat' dir='ltr'>suscepit,</span> <span class='ocrx_word' id='word_1_5' title='bbox 1207 304 1481 371; x_wconf 85' lang='lat' dir='ltr'>maiorque</span> <span class='ocrx_word' id='word_1_6' title='bbox 1532 323 1705 355; x_wconf 81' lang='lat' dir='ltr'>rerum</span> <span class='ocrx_word' id='word_1_7' title='bbox 1758 323 1922 371; x_wconf 77' lang='lat' dir='ltr'>usuS,</span> <span class='ocrx_word' id='word_1_8' title='bbox 1971 310 2127 372; x_wconf 79' lang='lat' dir='ltr'>quem</span> 
     </span>
     <span class='ocr_line' id='line_1_3' title="bbox 437 373 2130 446; baseline -0.002 -16"><span class='ocrx_word' id='word_1_9' title='bbox 437 378 542 431; x_wconf 86' lang='lat' dir='ltr'>sibi</span> <span class='ocrx_word' id='word_1_10' title='bbox 604 377 1061 446; x_wconf 76' lang='lat' dir='ltr'>comparavisset,</span> <span class='ocrx_word' id='word_1_11' title='bbox 1125 374 1465 441; x_wconf 77' lang='lat' dir='ltr'>efficiebant,</span> <span class='ocrx_word' id='word_1_12' title='bbox 1516 382 1578 426; x_wconf 92' lang='lat' dir='ltr'>ut</span> <span class='ocrx_word' id='word_1_13' title='bbox 1627 373 1848 427; x_wconf 85' lang='lat' dir='ltr'>decreta</span> <span class='ocrx_word' id='word_1_14' title='bbox 1908 394 2008 428; x_wconf 88' lang='lat' dir='ltr'>sua</span> <span class='ocrx_word' id='word_1_15' title='bbox 2061 375 2130 427; x_wconf 89' lang='lat' dir='ltr'>ad</span> 
     </span>
     <span class='ocr_line' id='line_1_4' title="bbox 434 445 2129 520; baseline -0.002 -19"><span class='ocrx_word' id='word_1_16' title='bbox 434 449 607 520; x_wconf 82' lang='lat' dir='ltr'>ipsam</span> <span class='ocrx_word' id='word_1_17' title='bbox 647 447 926 500; x_wconf 90' lang='lat' dir='ltr'>hominum</span> <span class='ocrx_word' id='word_1_18' title='bbox 963 448 1131 500; x_wconf 88' lang='lat' dir='ltr'>vitam</span> <span class='ocrx_word' id='word_1_19' title='bbox 1171 445 1384 498; x_wconf 81' lang='lat' dir='ltr'>traduci</span> <span class='ocrx_word' id='word_1_20' title='bbox 1426 453 1683 516; x_wconf 84' lang='lat' dir='ltr'>cuperet3</span> <span class='ocrx_word' id='word_1_21' title='bbox 1723 445 1872 515; x_wconf 87' lang='lat' dir='ltr'>quod</span> <span class='ocrx_word' id='word_1_22' title='bbox 1911 445 2129 517; x_wconf 85' lang='lat' dir='ltr'>quidem</span> 
     </span>
     <span class='ocr_line' id='line_1_5' title="bbox 435 517 2129 589; baseline -0.002 -16"><span class='ocrx_word' id='word_1_23' title='bbox 435 539 498 573; x_wconf 91' lang='lat' dir='ltr'>eo</span> <span class='ocrx_word' id='word_1_24' title='bbox 538 518 907 572; x_wconf 87' lang='lat' dir='ltr'>vehementius</span> <span class='ocrx_word' id='word_1_25' title='bbox 957 518 1196 589; x_wconf 86' lang='lat' dir='ltr'>optavit,</span> <span class='ocrx_word' id='word_1_26' title='bbox 1250 536 1358 585; x_wconf 88' lang='lat' dir='ltr'>quo</span> <span class='ocrx_word' id='word_1_27' title='bbox 1405 517 1702 569; x_wconf 81' lang='lat' dir='ltr'>tristiorem</span> <span class='ocrx_word' id='word_1_28' title='bbox 1748 517 1973 571; x_wconf 88' lang='lat' dir='ltr'>videbat</span> <span class='ocrx_word' id='word_1_29' title='bbox 2009 536 2129 571; x_wconf 88' lang='lat' dir='ltr'>esse</span> 
     </span>
     <span class='ocr_line' id='line_1_6' title="bbox 434 588 2130 662; baseline -0.002 -19"><span class='ocrx_word' id='word_1_30' title='bbox 434 591 755 661; x_wconf 87' lang='lat' dir='ltr'>disciplinae</span> <span class='ocrx_word' id='word_1_31' title='bbox 803 591 1053 662; x_wconf 83' lang='lat' dir='ltr'>publicae</span> <span class='ocrx_word' id='word_1_32' title='bbox 1111 609 1173 642; x_wconf 85' lang='lat' dir='ltr'>ac</span> <span class='ocrx_word' id='word_1_33' title='bbox 1211 589 1452 658; x_wconf 86' lang='lat' dir='ltr'>privatae</span> <span class='ocrx_word' id='word_1_34' title='bbox 1491 588 1874 642; x_wconf 87' lang='lat' dir='ltr'>conditionem.</span> <span class='ocrx_word' id='word_1_35' title='bbox 1950 590 2130 641; x_wconf 87' lang='lat' dir='ltr'>Acce-</span> 
     </span>
     <span class='ocr_line' id='line_1_7' title="bbox 434 660 2128 731; baseline -0.002 -16"><span class='ocrx_word' id='word_1_36' title='bbox 434 661 542 731; x_wconf 91' lang='lat' dir='ltr'>dit,</span> <span class='ocrx_word' id='word_1_37' title='bbox 597 662 743 731; x_wconf 88' lang='lat' dir='ltr'>quod</span> <span class='ocrx_word' id='word_1_38' title='bbox 793 664 954 714; x_wconf 83' lang='lat' dir='ltr'>etiam</span> <span class='ocrx_word' id='word_1_39' title='bbox 1011 660 1474 726; x_wconf 84' lang='lat' dir='ltr'>adversariorum,</span> <span class='ocrx_word' id='word_1_40' title='bbox 1540 679 1677 729; x_wconf 88' lang='lat' dir='ltr'>quos</span> <span class='ocrx_word' id='word_1_41' title='bbox 1740 674 1934 713; x_wconf 87' lang='lat' dir='ltr'>nactus</span> <span class='ocrx_word' id='word_1_42' title='bbox 1993 667 2128 726; x_wconf 86' lang='lat' dir='ltr'>erat,</span> 
     </span>
     <span class='ocr_line' id='line_1_8' title="bbox 435 731 2129 804; baseline -0.002 -17"><span class='ocrx_word' id='word_1_43' title='bbox 435 733 859 804; x_wconf 69' lang='lat' dir='ltr'>disputationes,</span> <span class='ocrx_word' id='word_1_44' title='bbox 910 732 1079 784; x_wconf 83' lang='lat' dir='ltr'>veluti</span> <span class='ocrx_word' id='word_1_45' title='bbox 1131 731 1536 802; x_wconf 79' lang='lat' dir='ltr'>Megaricorum</span> <span class='ocrx_word' id='word_1_46' title='bbox 1586 731 1954 801; x_wconf 86' lang='lat' dir='ltr'>aliorumque,</span> <span class='ocrx_word' id='word_1_47' title='bbox 2007 750 2129 783; x_wconf 91' lang='lat' dir='ltr'>eum</span> 
     </span>
     <span class='ocr_line' id='line_1_9' title="bbox 432 802 2128 875; baseline -0.002 -17"><span class='ocrx_word' id='word_1_48' title='bbox 432 804 810 875; x_wconf 80' lang='lat' dir='ltr'>impellebant,</span> <span class='ocrx_word' id='word_1_49' title='bbox 872 810 934 855; x_wconf 89' lang='lat' dir='ltr'>ut</span> <span class='ocrx_word' id='word_1_50' title='bbox 990 822 1128 871; x_wconf 87' lang='lat' dir='ltr'>quae</span> <span class='ocrx_word' id='word_1_51' title='bbox 1183 802 1561 873; x_wconf 71' lang='lat' dir='ltr'>proposuisset</span> <span class='ocrx_word' id='word_1_52' title='bbox 1621 810 1811 871; x_wconf 88' lang='lat' dir='ltr'>antea,</span> <span class='ocrx_word' id='word_1_53' title='bbox 1873 802 2128 856; x_wconf 89' lang='lat' dir='ltr'>subtilius</span> 
     </span>
     <span class='ocr_line' id='line_1_10' title="bbox 433 873 2129 945; baseline -0.002 -16"><span class='ocrx_word' id='word_1_54' title='bbox 433 875 730 945; x_wconf 84' lang='lat' dir='ltr'>explicaret</span> <span class='ocrx_word' id='word_1_55' title='bbox 768 882 822 926; x_wconf 90' lang='lat' dir='ltr'>et</span> <span class='ocrx_word' id='word_1_56' title='bbox 861 873 1203 939; x_wconf 84' lang='lat' dir='ltr'>defenderet3</span> <span class='ocrx_word' id='word_1_57' title='bbox 1245 882 1406 942; x_wconf 86' lang='lat' dir='ltr'>atque</span> <span class='ocrx_word' id='word_1_58' title='bbox 1444 874 1747 926; x_wconf 84' lang='lat' dir='ltr'>sententiae</span> <span class='ocrx_word' id='word_1_59' title='bbox 1771 873 2129 945; x_wconf 83' lang='lat' dir='ltr'>praestantis-</span> 
     </span>
     <span class='ocr_line' id='line_1_11' title="bbox 431 943 2159 1016; baseline -0.001 -17"><span class='ocrx_word' id='word_1_60' title='bbox 431 948 686 1000; x_wconf 90' lang='lat' dir='ltr'>simorum</span> <span class='ocrx_word' id='word_1_61' title='bbox 724 945 1204 1016; x_wconf 76' lang='lat' dir='ltr'>philosophorum,</span> <span class='ocrx_word' id='word_1_62' title='bbox 1255 964 1390 1014; x_wconf 89' lang='lat' dir='ltr'>quas</span> <span class='ocrx_word' id='word_1_63' title='bbox 1439 951 1555 996; x_wconf 89' lang='lat' dir='ltr'>tum</span> <span class='ocrx_word' id='word_1_64' title='bbox 1598 943 1813 997; x_wconf 90' lang='lat' dir='ltr'>demum</span> <span class='ocrx_word' id='word_1_65' title='bbox 1858 963 2159 1016; x_wconf 44' lang='lat' dir='ltr'>cognove»</span> 
     </span>
     <span class='ocr_line' id='line_1_12' title="bbox 429 1016 2126 1089; baseline -0.001 -19"><span class='ocrx_word' id='word_1_66' title='bbox 429 1026 548 1085; x_wconf 88' lang='lat' dir='ltr'>rat,</span> <span class='ocrx_word' id='word_1_67' title='bbox 601 1017 838 1070; x_wconf 88' lang='lat' dir='ltr'>animum</span> <span class='ocrx_word' id='word_1_68' title='bbox 891 1018 1230 1089; x_wconf 82' lang='lat' dir='ltr'>instigabant</span> <span class='ocrx_word' id='word_1_69' title='bbox 1275 1017 1344 1069; x_wconf 88' lang='lat' dir='ltr'>ad</span> <span class='ocrx_word' id='word_1_70' title='bbox 1383 1016 1803 1086; x_wconf 84' lang='lat' dir='ltr'>contemplanda</span> <span class='ocrx_word' id='word_1_71' title='bbox 1841 1036 1934 1082; x_wconf 87' lang='lat' dir='ltr'>ea,</span> <span class='ocrx_word' id='word_1_72' title='bbox 1988 1035 2126 1086; x_wconf 86' lang='lat' dir='ltr'>quae</span> 
     </span>
     <span class='ocr_line' id='line_1_13' title="bbox 433 1086 2128 1160; baseline -0.002 -17"><span class='ocrx_word' id='word_1_73' title='bbox 433 1089 713 1160; x_wconf 87' lang='lat' dir='ltr'>superiore</span> <span class='ocrx_word' id='word_1_74' title='bbox 749 1093 993 1160; x_wconf 82' lang='lat' dir='ltr'>tempore</span> <span class='ocrx_word' id='word_1_75' title='bbox 1031 1090 1211 1160; x_wconf 88' lang='lat' dir='ltr'>ipsum</span> <span class='ocrx_word' id='word_1_76' title='bbox 1243 1088 1528 1160; x_wconf 84' lang='lat' dir='ltr'>fugissent.</span> <span class='ocrx_word' id='word_1_77' title='bbox 1605 1086 1762 1154; x_wconf 79' lang='lat' dir='ltr'>Quae</span> <span class='ocrx_word' id='word_1_78' title='bbox 1802 1088 1982 1140; x_wconf 87' lang='lat' dir='ltr'>omnia</span> <span class='ocrx_word' id='word_1_79' title='bbox 2019 1107 2128 1157; x_wconf 93' lang='lat' dir='ltr'>quo</span> 
     </span>
     <span class='ocr_line' id='line_1_14' title="bbox 430 1159 2128 1232; baseline -0.001 -19"><span class='ocrx_word' id='word_1_80' title='bbox 430 1161 627 1213; x_wconf 85' lang='lat' dir='ltr'>clarius</span> <span class='ocrx_word' id='word_1_81' title='bbox 667 1160 1004 1232; x_wconf 81' lang='lat' dir='ltr'>intelligatur</span> <span class='ocrx_word' id='word_1_82' title='bbox 1042 1179 1301 1230; x_wconf 86' lang='lat' dir='ltr'>quorsum</span> <span class='ocrx_word' id='word_1_83' title='bbox 1337 1160 1659 1231; x_wconf 80' lang='lat' dir='ltr'>pertineant,</span> <span class='ocrx_word' id='word_1_84' title='bbox 1702 1179 1822 1231; x_wconf 88' lang='lat' dir='ltr'>age,</span> <span class='ocrx_word' id='word_1_85' title='bbox 1866 1159 2128 1228; x_wconf 85' lang='lat' dir='ltr'>reliquam</span> 
     </span>
     <span class='ocr_line' id='line_1_15' title="bbox 429 1231 2128 1303; baseline -0.001 -19"><span class='ocrx_word' id='word_1_86' title='bbox 429 1232 573 1285; x_wconf 85' lang='lat' dir='ltr'>vitae</span> <span class='ocrx_word' id='word_1_87' title='bbox 611 1241 821 1303; x_wconf 91' lang='lat' dir='ltr'>partem</span> <span class='ocrx_word' id='word_1_88' title='bbox 859 1250 968 1302; x_wconf 88' lang='lat' dir='ltr'>quo</span> <span class='ocrx_word' id='word_1_89' title='bbox 1008 1232 1170 1286; x_wconf 91' lang='lat' dir='ltr'>modo</span> <span class='ocrx_word' id='word_1_90' title='bbox 1208 1231 1292 1284; x_wconf 87' lang='lat' dir='ltr'>vir</span> <span class='ocrx_word' id='word_1_91' title='bbox 1329 1251 1567 1284; x_wconf 90' lang='lat' dir='ltr'>summus</span> <span class='ocrx_word' id='word_1_92' title='bbox 1605 1231 1967 1302; x_wconf 83' lang='lat' dir='ltr'>transegerit,</span> <span class='ocrx_word' id='word_1_93' title='bbox 2008 1231 2128 1284; x_wconf 87' lang='lat' dir='ltr'>bre-</span> 
     </span>
     <span class='ocr_line' id='line_1_16' title="bbox 427 1302 2130 1371; baseline -0.001 -15"><span class='ocrx_word' id='word_1_94' title='bbox 427 1305 574 1356; x_wconf 84' lang='lat' dir='ltr'>viter</span> <span class='ocrx_word' id='word_1_95' title='bbox 611 1319 938 1356; x_wconf 79' lang='lat' dir='ltr'>enarremus,</span> <span class='ocrx_word' id='word_1_96' title='bbox 1017 1302 1173 1371; x_wconf 79' lang='lat' dir='ltr'>Quae</span> <span class='ocrx_word' id='word_1_97' title='bbox 1222 1303 1460 1355; x_wconf 79' lang='lat' dir='ltr'>narratio</span> <span class='ocrx_word' id='word_1_98' title='bbox 1510 1303 1672 1354; x_wconf 85' lang='lat' dir='ltr'>etiam</span> <span class='ocrx_word' id='word_1_99' title='bbox 1717 1302 1858 1355; x_wconf 86' lang='lat' dir='ltr'>hanc</span> <span class='ocrx_word' id='word_1_100' title='bbox 1906 1302 2130 1355; x_wconf 87' lang='lat' dir='ltr'>habebit</span> 
     </span>
     <span class='ocr_line' id='line_1_17' title="bbox 427 1373 2126 1443; baseline -0.001 -16"><span class='ocrx_word' id='word_1_101' title='bbox 427 1375 738 1443; x_wconf 84' lang='lat' dir='ltr'>utilitatem,</span> <span class='ocrx_word' id='word_1_102' title='bbox 777 1382 840 1428; x_wconf 91' lang='lat' dir='ltr'>ut</span> <span class='ocrx_word' id='word_1_103' title='bbox 872 1375 928 1427; x_wconf 90' lang='lat' dir='ltr'>in</span> <span class='ocrx_word' id='word_1_104' title='bbox 966 1377 1278 1429; x_wconf 88' lang='lat' dir='ltr'>universum</span> <span class='ocrx_word' id='word_1_105' title='bbox 1311 1381 1455 1427; x_wconf 87' lang='lat' dir='ltr'>certe</span> <span class='ocrx_word' id='word_1_106' title='bbox 1484 1374 1755 1427; x_wconf 89' lang='lat' dir='ltr'>coniicere</span> <span class='ocrx_word' id='word_1_107' title='bbox 1792 1373 1975 1442; x_wconf 89' lang='lat' dir='ltr'>liceat,</span> <span class='ocrx_word' id='word_1_108' title='bbox 2017 1392 2126 1442; x_wconf 91' lang='lat' dir='ltr'>quo</span> 
     </span>
     <span class='ocr_line' id='line_1_18' title="bbox 427 1445 2126 1518; baseline -0.001 -19"><span class='ocrx_word' id='word_1_109' title='bbox 427 1454 672 1518; x_wconf 87' lang='lat' dir='ltr'>tempore</span> <span class='ocrx_word' id='word_1_110' title='bbox 719 1447 934 1517; x_wconf 88' lang='lat' dir='ltr'>potiora</span> <span class='ocrx_word' id='word_1_111' title='bbox 998 1448 1113 1502; x_wconf 86' lang='lat' dir='ltr'>eius</span> <span class='ocrx_word' id='word_1_112' title='bbox 1162 1447 1368 1517; x_wconf 88' lang='lat' dir='ltr'>scripta</span> <span class='ocrx_word' id='word_1_113' title='bbox 1417 1446 1474 1498; x_wconf 90' lang='lat' dir='ltr'>in</span> <span class='ocrx_word' id='word_1_114' title='bbox 1519 1445 1696 1498; x_wconf 90' lang='lat' dir='ltr'>lucem</span> <span class='ocrx_word' id='word_1_115' title='bbox 1745 1445 1943 1499; x_wconf 89' lang='lat' dir='ltr'>emissa</span> <span class='ocrx_word' id='word_1_116' title='bbox 1990 1445 2126 1509; x_wconf 82' lang='lat' dir='ltr'>siut3</span> 
     </span>
     <span class='ocr_line' id='line_1_19' title="bbox 427 1517 2127 1589; baseline 0 -19"><span class='ocrx_word' id='word_1_117' title='bbox 427 1538 553 1570; x_wconf 90' lang='lat' dir='ltr'>nam</span> <span class='ocrx_word' id='word_1_118' title='bbox 591 1517 658 1571; x_wconf 91' lang='lat' dir='ltr'>de</span> <span class='ocrx_word' id='word_1_119' title='bbox 697 1517 948 1572; x_wconf 90' lang='lat' dir='ltr'>omnibus</span> <span class='ocrx_word' id='word_1_120' title='bbox 978 1519 1265 1589; x_wconf 84' lang='lat' dir='ltr'>quominus</span> <span class='ocrx_word' id='word_1_121' title='bbox 1293 1517 1528 1571; x_wconf 88' lang='lat' dir='ltr'>fidenter</span> <span class='ocrx_word' id='word_1_122' title='bbox 1549 1517 1810 1571; x_wconf 89' lang='lat' dir='ltr'>faciamus</span> <span class='ocrx_word' id='word_1_123' title='bbox 1848 1517 2127 1570; x_wconf 86' lang='lat' dir='ltr'>coniectu-</span> 
     </span>
     <span class='ocr_line' id='line_1_20' title="bbox 426 1588 2127 1661; baseline -0.002 -17"><span class='ocrx_word' id='word_1_124' title='bbox 426 1608 571 1658; x_wconf 83' lang='lat' dir='ltr'>ram,</span> <span class='ocrx_word' id='word_1_125' title='bbox 611 1589 750 1642; x_wconf 90' lang='lat' dir='ltr'>illud</span> <span class='ocrx_word' id='word_1_126' title='bbox 783 1589 1029 1661; x_wconf 88' lang='lat' dir='ltr'>impedit,</span> <span class='ocrx_word' id='word_1_127' title='bbox 1071 1590 1220 1660; x_wconf 90' lang='lat' dir='ltr'>quod</span> <span class='ocrx_word' id='word_1_128' title='bbox 1258 1588 1551 1643; x_wconf 89' lang='lat' dir='ltr'>admodum</span> <span class='ocrx_word' id='word_1_129' title='bbox 1587 1608 1767 1659; x_wconf 88' lang='lat' dir='ltr'>pauca</span> <span class='ocrx_word' id='word_1_130' title='bbox 1804 1607 1976 1659; x_wconf 88' lang='lat' dir='ltr'>eaque</span> <span class='ocrx_word' id='word_1_131' title='bbox 2015 1607 2127 1641; x_wconf 88' lang='lat' dir='ltr'>ma-</span> 
     </span>
     <span class='ocr_line' id='line_1_21' title="bbox 425 1657 2128 1733; baseline -0.001 -20"><span class='ocrx_word' id='word_1_132' title='bbox 425 1680 590 1733; x_wconf 86' lang='lat' dir='ltr'>gnam</span> <span class='ocrx_word' id='word_1_133' title='bbox 636 1669 847 1732; x_wconf 89' lang='lat' dir='ltr'>partem</span> <span class='ocrx_word' id='word_1_134' title='bbox 894 1661 1102 1715; x_wconf 85' lang='lat' dir='ltr'>ineerta</span> <span class='ocrx_word' id='word_1_135' title='bbox 1149 1662 1217 1715; x_wconf 88' lang='lat' dir='ltr'>de</span> <span class='ocrx_word' id='word_1_136' title='bbox 1267 1661 1382 1714; x_wconf 89' lang='lat' dir='ltr'>eius</span> <span class='ocrx_word' id='word_1_137' title='bbox 1430 1661 1544 1714; x_wconf 85' lang='lat' dir='ltr'>vita</span> <span class='ocrx_word' id='word_1_138' title='bbox 1597 1661 1888 1717; x_wconf 86' lang='lat' dir='ltr'>memoriae</span> <span class='ocrx_word' id='word_1_139' title='bbox 1924 1657 2128 1713; x_wconf 83' lang='lat' dir='ltr'>tradita</span> 
     </span>
     <span class='ocr_line' id='line_1_22' title="bbox 425 1732 2125 1805; baseline -0.002 -19"><span class='ocrx_word' id='word_1_140' title='bbox 425 1740 586 1802; x_wconf 87' lang='lat' dir='ltr'>sunt,</span> <span class='ocrx_word' id='word_1_141' title='bbox 638 1732 899 1803; x_wconf 86' lang='lat' dir='ltr'>quodque</span> <span class='ocrx_word' id='word_1_142' title='bbox 936 1734 1094 1787; x_wconf 89' lang='lat' dir='ltr'>multi</span> <span class='ocrx_word' id='word_1_143' title='bbox 1131 1733 1305 1805; x_wconf 90' lang='lat' dir='ltr'>ipsius</span> <span class='ocrx_word' id='word_1_144' title='bbox 1345 1732 1549 1804; x_wconf 87' lang='lat' dir='ltr'>dialogi</span> <span class='ocrx_word' id='word_1_145' title='bbox 1588 1732 1723 1784; x_wconf 92' lang='lat' dir='ltr'>nihil</span> <span class='ocrx_word' id='word_1_146' title='bbox 1755 1732 1868 1785; x_wconf 75' lang='lat' dir='ltr'>fere</span> <span class='ocrx_word' id='word_1_147' title='bbox 1904 1732 2125 1796; x_wconf 88' lang='lat' dir='ltr'>habent,</span> 
     </span>
     <span class='ocr_line' id='line_1_23' title="bbox 423 1803 2126 1876; baseline -0.001 -19"><span class='ocrx_word' id='word_1_148' title='bbox 423 1803 569 1858; x_wconf 88' lang='lat' dir='ltr'>unde</span> <span class='ocrx_word' id='word_1_149' title='bbox 609 1803 675 1857; x_wconf 89' lang='lat' dir='ltr'>de</span> <span class='ocrx_word' id='word_1_150' title='bbox 710 1812 975 1876; x_wconf 87' lang='lat' dir='ltr'>tempore,</span> <span class='ocrx_word' id='word_1_151' title='bbox 1017 1825 1124 1876; x_wconf 92' lang='lat' dir='ltr'>quo</span> <span class='ocrx_word' id='word_1_152' title='bbox 1164 1804 1352 1876; x_wconf 89' lang='lat' dir='ltr'>scripti</span> <span class='ocrx_word' id='word_1_153' title='bbox 1375 1804 1502 1874; x_wconf 87' lang='lat' dir='ltr'>sint,</span> <span class='ocrx_word' id='word_1_154' title='bbox 1544 1804 1744 1857; x_wconf 89' lang='lat' dir='ltr'>certius</span> <span class='ocrx_word' id='word_1_155' title='bbox 1784 1803 1916 1872; x_wconf 88' lang='lat' dir='ltr'>quid</span> <span class='ocrx_word' id='word_1_156' title='bbox 1955 1803 2126 1857; x_wconf 90' lang='lat' dir='ltr'>conii-</span> 
     </span>
     <span class='ocr_line' id='line_1_24' title="bbox 423 1877 615 1929; baseline 0.005 -1"><span class='ocrx_word' id='word_1_157' title='bbox 423 1877 615 1929; x_wconf 87' lang='lat' dir='ltr'>ciatur.</span> 
     </span>
    </p>

    <p class='ocr_par' dir='ltr' id='par_1_3' title="bbox 420 1945 2126 3090">
     <span class='ocr_line' id='line_1_25' title="bbox 568 1945 2126 2020; baseline -0.002 -20"><span class='ocrx_word' id='word_1_158' title='bbox 568 1946 751 2015; x_wconf 77' lang='lat' dir='ltr'>Quum</span> <span class='ocrx_word' id='word_1_159' title='bbox 790 1948 962 2020; x_wconf 84' lang='lat' dir='ltr'>igitur</span> <span class='ocrx_word' id='word_1_160' title='bbox 999 1945 1187 1999; x_wconf 87' lang='lat' dir='ltr'>decem</span> <span class='ocrx_word' id='word_1_161' title='bbox 1210 1948 1377 2001; x_wconf 85' lang='lat' dir='ltr'>ferme</span> <span class='ocrx_word' id='word_1_162' title='bbox 1414 1967 1585 2002; x_wconf 87' lang='lat' dir='ltr'>annos</span> <span class='ocrx_word' id='word_1_163' title='bbox 1615 1946 1860 2002; x_wconf 84' lang='lat' dir='ltr'>Socratis</span> <span class='ocrx_word' id='word_1_164' title='bbox 1898 1945 2126 1998; x_wconf 86' lang='lat' dir='ltr'>familia-</span> 
     </span>
     <span class='ocr_line' id='line_1_26' title="bbox 423 2018 2124 2089; baseline -0.001 -19"><span class='ocrx_word' id='word_1_165' title='bbox 423 2018 584 2072; x_wconf 81' lang='lat' dir='ltr'>ritate</span> <span class='ocrx_word' id='word_1_166' title='bbox 637 2027 692 2071; x_wconf 91' lang='lat' dir='ltr'>et</span> <span class='ocrx_word' id='word_1_167' title='bbox 737 2018 1134 2074; x_wconf 88' lang='lat' dir='ltr'>consuetudine</span> <span class='ocrx_word' id='word_1_168' title='bbox 1181 2039 1312 2074; x_wconf 91' lang='lat' dir='ltr'>usus</span> <span class='ocrx_word' id='word_1_169' title='bbox 1365 2032 1512 2074; x_wconf 90' lang='lat' dir='ltr'>esset</span> <span class='ocrx_word' id='word_1_170' title='bbox 1548 2020 1637 2089; x_wconf 63' lang='lat'>³¹³),</span> <span class='ocrx_word' id='word_1_171' title='bbox 1700 2018 1947 2089; x_wconf 86' lang='lat' dir='ltr'>magistri</span> <span class='ocrx_word' id='word_1_172' title='bbox 1995 2036 2124 2070; x_wconf 89' lang='lat' dir='ltr'>con·</span> 
     </span>
     <span class='ocr_line' id='line_1_27' title="bbox 425 2087 2125 2162; baseline 0 -20"><span class='ocrx_word' id='word_1_173' title='bbox 425 2089 702 2144; x_wconf 85' lang='lat' dir='ltr'>demnatio</span> <span class='ocrx_word' id='word_1_174' title='bbox 753 2099 916 2161; x_wconf 88' lang='lat' dir='ltr'>atque</span> <span class='ocrx_word' id='word_1_175' title='bbox 965 2091 1291 2162; x_wconf 86' lang='lat' dir='ltr'>supplicium</span> <span class='ocrx_word' id='word_1_176' title='bbox 1339 2090 1559 2144; x_wconf 83' lang='lat' dir='ltr'>videtur</span> <span class='ocrx_word' id='word_1_177' title='bbox 1594 2090 1870 2157; x_wconf 87' lang='lat' dir='ltr'>effecisse,</span> <span class='ocrx_word' id='word_1_178' title='bbox 1921 2095 1984 2142; x_wconf 90' lang='lat' dir='ltr'>ut</span> <span class='ocrx_word' id='word_1_179' title='bbox 2021 2087 2125 2143; x_wconf 87' lang='lat' dir='ltr'>So-</span> 
     </span>
     <span class='ocr_line' id='line_1_28' title="bbox 425 2159 2124 2234; baseline -0.001 -20"><span class='ocrx_word' id='word_1_180' title='bbox 425 2162 752 2216; x_wconf 88' lang='lat' dir='ltr'>craticorum</span> <span class='ocrx_word' id='word_1_181' title='bbox 788 2163 1006 2234; x_wconf 89' lang='lat' dir='ltr'>plurimi</span> <span class='ocrx_word' id='word_1_182' title='bbox 1030 2162 1402 2232; x_wconf 88' lang='lat' dir='ltr'>relinquerent</span> <span class='ocrx_word' id='word_1_183' title='bbox 1431 2162 1684 2216; x_wconf 88' lang='lat' dir='ltr'>Athenas</span> <span class='ocrx_word' id='word_1_184' title='bbox 1711 2180 1878 2231; x_wconf 90' lang='lat' dir='ltr'>seque</span> <span class='ocrx_word' id='word_1_185' title='bbox 1905 2161 1962 2213; x_wconf 91' lang='lat' dir='ltr'>in</span> <span class='ocrx_word' id='word_1_186' title='bbox 1990 2159 2124 2213; x_wconf 88' lang='lat' dir='ltr'>alias</span> 
     </span>
     <span class='ocr_line' id='line_1_29' title="bbox 423 2232 2124 2303; baseline -0.002 -17"><span class='ocrx_word' id='word_1_187' title='bbox 423 2233 584 2287; x_wconf 89' lang='lat' dir='ltr'>urbes</span> <span class='ocrx_word' id='word_1_188' title='bbox 626 2235 953 2303; x_wconf 87' lang='lat' dir='ltr'>conferrent,</span> <span class='ocrx_word' id='word_1_189' title='bbox 993 2234 1107 2288; x_wconf 85' lang='lat' dir='ltr'>sive</span> <span class='ocrx_word' id='word_1_190' title='bbox 1150 2234 1278 2303; x_wconf 90' lang='lat' dir='ltr'>quia</span> <span class='ocrx_word' id='word_1_191' title='bbox 1314 2234 1558 2303; x_wconf 89' lang='lat' dir='ltr'>iniquam</span> <span class='ocrx_word' id='word_1_192' title='bbox 1594 2233 1740 2286; x_wconf 90' lang='lat' dir='ltr'>illam</span> <span class='ocrx_word' id='word_1_193' title='bbox 1779 2240 1832 2285; x_wconf 91' lang='lat' dir='ltr'>et</span> <span class='ocrx_word' id='word_1_194' title='bbox 1866 2232 2124 2284; x_wconf 89' lang='lat' dir='ltr'>iniustam</span> 
     </span>
     <span class='ocr_line' id='line_1_30' title="bbox 420 2303 2122 2370; baseline -0.002 -13"><span class='ocrx_word' id='word_1_195' title='bbox 420 2304 843 2359; x_wconf 89' lang='lat' dir='ltr'>Atheniensium</span> <span class='ocrx_word' id='word_1_196' title='bbox 900 2306 967 2360; x_wconf 89' lang='lat' dir='ltr'>de</span> <span class='ocrx_word' id='word_1_197' title='bbox 1006 2304 1234 2360; x_wconf 88' lang='lat' dir='ltr'>Socrate</span> <span class='ocrx_word' id='word_1_198' title='bbox 1272 2306 1594 2359; x_wconf 88' lang='lat' dir='ltr'>sententiam</span> <span class='ocrx_word' id='word_1_199' title='bbox 1629 2305 1859 2358; x_wconf 87' lang='lat' dir='ltr'>moleste</span> <span class='ocrx_word' id='word_1_200' title='bbox 1896 2303 2122 2370; x_wconf 87' lang='lat' dir='ltr'>ferrent,</span> 
     </span>
     <span class='ocr_line' id='line_1_31' title="bbox 422 2375 2123 2449; baseline -0.002 -20"><span class='ocrx_word' id='word_1_201' title='bbox 422 2376 538 2429; x_wconf 83' lang='lat' dir='ltr'>sive</span> <span class='ocrx_word' id='word_1_202' title='bbox 586 2376 736 2445; x_wconf 92' lang='lat' dir='ltr'>quod</span> <span class='ocrx_word' id='word_1_203' title='bbox 789 2385 841 2430; x_wconf 90' lang='lat' dir='ltr'>et</span> <span class='ocrx_word' id='word_1_204' title='bbox 889 2378 996 2449; x_wconf 90' lang='lat' dir='ltr'>ipsi</span> <span class='ocrx_word' id='word_1_205' title='bbox 1044 2385 1354 2430; x_wconf 88' lang='lat' dir='ltr'>metuerent</span> <span class='ocrx_word' id='word_1_206' title='bbox 1402 2397 1588 2430; x_wconf 87' lang='lat' dir='ltr'>eorum</span> <span class='ocrx_word' id='word_1_207' title='bbox 1649 2375 1912 2428; x_wconf 86' lang='lat' dir='ltr'>invidiam</span> <span class='ocrx_word' id='word_1_208' title='bbox 1959 2382 2123 2444; x_wconf 88' lang='lat' dir='ltr'>atque</span> 
     </span>
     <span class='ocr_line' id='line_1_32' title="bbox 422 2444 2124 2519; baseline -0.002 -19"><span class='ocrx_word' id='word_1_209' title='bbox 422 2447 622 2500; x_wconf 91' lang='lat' dir='ltr'>odium.</span> <span class='ocrx_word' id='word_1_210' title='bbox 709 2449 785 2500; x_wconf 87' lang='lat' dir='ltr'>Et</span> <span class='ocrx_word' id='word_1_211' title='bbox 834 2449 994 2502; x_wconf 89' lang='lat' dir='ltr'>Plato</span> <span class='ocrx_word' id='word_1_212' title='bbox 1045 2447 1263 2516; x_wconf 91' lang='lat' dir='ltr'>quidem</span> <span class='ocrx_word' id='word_1_213' title='bbox 1314 2449 1599 2519; x_wconf 86' lang='lat' dir='ltr'>Megaram</span> <span class='ocrx_word' id='word_1_214' title='bbox 1656 2465 1714 2500; x_wconf 90' lang='lat' dir='ltr'>se</span> <span class='ocrx_word' id='word_1_215' title='bbox 1773 2445 2006 2499; x_wconf 87' lang='lat' dir='ltr'>contulit</span> <span class='ocrx_word' id='word_1_216' title='bbox 2052 2444 2124 2498; x_wconf 90' lang='lat' dir='ltr'>ad</span> 
     </span>
     <span class='ocr_line' id='line_1_33' title="bbox 421 2518 2123 2590; baseline 0 -20"><span class='ocrx_word' id='word_1_217' title='bbox 421 2518 710 2571; x_wconf 84' lang='lat' dir='ltr'>Euclidem</span> <span class='ocrx_word' id='word_1_218' title='bbox 732 2559 748 2586; x_wconf 90' lang='lat'>,</span> <span class='ocrx_word' id='word_1_219' title='bbox 790 2519 883 2587; x_wconf 92' lang='lat' dir='ltr'>qui</span> <span class='ocrx_word' id='word_1_220' title='bbox 924 2539 952 2572; x_wconf 91' lang='lat' dir='ltr'>e</span> <span class='ocrx_word' id='word_1_221' title='bbox 992 2518 1275 2574; x_wconf 86' lang='lat' dir='ltr'>Socratica</span> <span class='ocrx_word' id='word_1_222' title='bbox 1313 2518 1603 2590; x_wconf 84' lang='lat' dir='ltr'>disciplina</span> <span class='ocrx_word' id='word_1_223' title='bbox 1640 2535 1894 2590; x_wconf 88' lang='lat' dir='ltr'>egressus</span> <span class='ocrx_word' id='word_1_224' title='bbox 1931 2524 2123 2588; x_wconf 88' lang='lat' dir='ltr'>postea</span> 
     </span>
     <span class='ocr_line' id='line_1_34' title="bbox 423 2588 2120 2659; baseline 0.001 -19"><span class='ocrx_word' id='word_1_225' title='bbox 423 2596 616 2642; x_wconf 91' lang='lat' dir='ltr'>auctor</span> <span class='ocrx_word' id='word_1_226' title='bbox 666 2590 948 2643; x_wconf 86' lang='lat' dir='ltr'>exstiterat</span> <span class='ocrx_word' id='word_1_227' title='bbox 996 2608 1169 2643; x_wconf 86' lang='lat' dir='ltr'>novae</span> <span class='ocrx_word' id='word_1_228' title='bbox 1216 2590 1481 2659; x_wconf 79' lang='lat' dir='ltr'>familiae,</span> <span class='ocrx_word' id='word_1_229' title='bbox 1535 2609 1673 2659; x_wconf 89' lang='lat' dir='ltr'>quae</span> <span class='ocrx_word' id='word_1_230' title='bbox 1723 2596 1953 2643; x_wconf 86' lang='lat' dir='ltr'>vocatur</span> <span class='ocrx_word' id='word_1_231' title='bbox 1993 2588 2120 2642; x_wconf 88' lang='lat' dir='ltr'>Me-</span> 
     </span>
     <span class='ocr_line' id='line_1_35' title="bbox 423 2659 2121 2730; baseline 0.001 -19"><span class='ocrx_word' id='word_1_232' title='bbox 423 2661 607 2730; x_wconf 83' lang='lat' dir='ltr'>garica</span> <span class='ocrx_word' id='word_1_233' title='bbox 662 2661 748 2713; x_wconf 86' lang='lat' dir='ltr'>vel</span> <span class='ocrx_word' id='word_1_234' title='bbox 797 2661 1051 2715; x_wconf 88' lang='lat' dir='ltr'>Eristica.</span> <span class='ocrx_word' id='word_1_235' title='bbox 1135 2660 1295 2728; x_wconf 76' lang='lat' dir='ltr'>Quae</span> <span class='ocrx_word' id='word_1_236' title='bbox 1341 2680 1427 2715; x_wconf 88' lang='lat' dir='ltr'>res</span> <span class='ocrx_word' id='word_1_237' title='bbox 1477 2660 1707 2715; x_wconf 88' lang='lat' dir='ltr'>multum</span> <span class='ocrx_word' id='word_1_238' title='bbox 1766 2659 1983 2714; x_wconf 86' lang='lat' dir='ltr'>videtur</span> <span class='ocrx_word' id='word_1_239' title='bbox 2025 2679 2121 2713; x_wconf 85' lang='lat' dir='ltr'>va-</span> 
     </span>
     <span class='ocr_line' id='line_1_36' title="bbox 421 2731 2121 2803; baseline 0.001 -20"><span class='ocrx_word' id='word_1_240' title='bbox 421 2731 590 2784; x_wconf 89' lang='lat' dir='ltr'>luisse</span> <span class='ocrx_word' id='word_1_241' title='bbox 641 2750 736 2801; x_wconf 90' lang='lat' dir='ltr'>e0,</span> <span class='ocrx_word' id='word_1_242' title='bbox 788 2740 850 2785; x_wconf 90' lang='lat' dir='ltr'>ut</span> <span class='ocrx_word' id='word_1_243' title='bbox 896 2732 1140 2786; x_wconf 83' lang='lat' dir='ltr'>idearum</span> <span class='ocrx_word' id='word_1_244' title='bbox 1189 2732 1493 2786; x_wconf 84' lang='lat' dir='ltr'>doctrinam</span> <span class='ocrx_word' id='word_1_245' title='bbox 1546 2731 1615 2786; x_wconf 90' lang='lat' dir='ltr'>ad</span> <span class='ocrx_word' id='word_1_246' title='bbox 1653 2732 1910 2786; x_wconf 89' lang='lat' dir='ltr'>maiorem</span> <span class='ocrx_word' id='word_1_247' title='bbox 1946 2731 2121 2803; x_wconf 85' lang='lat' dir='ltr'>perfe-</span> 
     </span>
     <span class='ocr_line' id='line_1_37' title="bbox 423 2802 2121 2875; baseline 0 -21"><span class='ocrx_word' id='word_1_248' title='bbox 423 2803 658 2856; x_wconf 89' lang='lat' dir='ltr'>ctionem</span> <span class='ocrx_word' id='word_1_249' title='bbox 711 2803 1007 2874; x_wconf 83' lang='lat' dir='ltr'>explicaret</span> <span class='ocrx_word' id='word_1_250' title='bbox 1054 2812 1111 2857; x_wconf 89' lang='lat' dir='ltr'>et</span> <span class='ocrx_word' id='word_1_251' title='bbox 1149 2805 1367 2875; x_wconf 87' lang='lat' dir='ltr'>scriptis</span> <span class='ocrx_word' id='word_1_252' title='bbox 1403 2805 1715 2858; x_wconf 87' lang='lat' dir='ltr'>illustraret.</span> <span class='ocrx_word' id='word_1_253' title='bbox 1790 2802 2121 2872; x_wconf 76' lang='lat' dir='ltr'>Quanquam</span> 
     </span>
     <span class='ocr_line' id='line_1_38' title="bbox 422 2874 2120 2930; baseline 0 -4"><span class='ocrx_word' id='word_1_254' title='bbox 422 2874 564 2926; x_wconf 90' lang='lat' dir='ltr'>enim</span> <span class='ocrx_word' id='word_1_255' title='bbox 623 2874 884 2929; x_wconf 81' lang='lat' dir='ltr'>Euclides</span> <span class='ocrx_word' id='word_1_256' title='bbox 941 2876 1076 2929; x_wconf 90' lang='lat' dir='ltr'>miro</span> <span class='ocrx_word' id='word_1_257' title='bbox 1139 2894 1320 2930; x_wconf 88' lang='lat' dir='ltr'>amore</span> <span class='ocrx_word' id='word_1_258' title='bbox 1381 2884 1436 2929; x_wconf 91' lang='lat' dir='ltr'>et</span> <span class='ocrx_word' id='word_1_259' title='bbox 1483 2876 1791 2929; x_wconf 81' lang='lat' dir='ltr'>reverentia</span> <span class='ocrx_word' id='word_1_260' title='bbox 1839 2874 2120 2930; x_wconf 84' lang='lat' dir='ltr'>Socratem</span> 
     </span>
     <span class='ocr_line' id='line_1_39' title="bbox 421 2945 2118 3031; baseline 0.001 -35"><span class='ocrx_word' id='word_1_261' title='bbox 421 2946 741 3016; x_wconf 87' lang='lat' dir='ltr'>magistrum</span> <span class='ocrx_word' id='word_1_262' title='bbox 777 2955 1098 3018; x_wconf 86' lang='lat' dir='ltr'>prosecutus</span> <span class='ocrx_word' id='word_1_263' title='bbox 1138 2956 1270 3016; x_wconf 89' lang='lat' dir='ltr'>erat,</span> <span class='ocrx_word' id='word_1_264' title='bbox 1310 2956 1492 3001; x_wconf 88' lang='lat' dir='ltr'>tamen</span> <span class='ocrx_word' id='word_1_265' title='bbox 1518 2955 1732 3031; x_wconf 85' lang='lat' dir='ltr'>postea,</span> <span class='ocrx_word' id='word_1_266' title='bbox 1770 2945 1962 3000; x_wconf 80' lang='lat' dir='ltr'>relicta</span> <span class='ocrx_word' id='word_1_267' title='bbox 2000 2945 2118 2998; x_wconf 90' lang='lat' dir='ltr'>eius</span> 
     </span>
     <span class='ocr_line' id='line_1_40' title="bbox 424 3015 2119 3090; baseline 0.001 -22"><span class='ocrx_word' id='word_1_268' title='bbox 424 3015 745 3087; x_wconf 89' lang='lat' dir='ltr'>disciplina,</span> <span class='ocrx_word' id='word_1_269' title='bbox 793 3018 1133 3073; x_wconf 88' lang='lat' dir='ltr'>Parmenidis</span> <span class='ocrx_word' id='word_1_270' title='bbox 1181 3019 1385 3089; x_wconf 85' lang='lat' dir='ltr'>placita</span> <span class='ocrx_word' id='word_1_271' title='bbox 1432 3019 1537 3073; x_wconf 86' lang='lat' dir='ltr'>sib1</span> <span class='ocrx_word' id='word_1_272' title='bbox 1574 3017 1898 3090; x_wconf 83' lang='lat' dir='ltr'>explicanda</span> <span class='ocrx_word' id='word_1_273' title='bbox 1934 3024 1989 3070; x_wconf 87' lang='lat' dir='ltr'>et</span> <span class='ocrx_word' id='word_1_274' title='bbox 2025 3015 2119 3069; x_wconf 91' lang='lat' dir='ltr'>de-</span> 
     </span>
    </p>
   </div>
   <div class='ocr_carea' id='block_1_3' title="bbox 422 3170 640 3179">
    <p class='ocr_par' dir='ltr' id='par_1_4' title="bbox 422 3170 640 3179">
     <span class='ocr_line' id='line_1_41' title="bbox 422 3170 640 3179; baseline 0 583"><span class='ocrx_word' id='word_1_275' title='bbox 422 3170 640 3179; x_wconf 95' lang='lat' dir='ltr'> </span> 
     </span>
    </p>
   </div>
   <div class='ocr_carea' id='block_1_4' title="bbox 490 3266 2117 3438">
    <p class='ocr_par' dir='ltr' id='par_1_5' title="bbox 490 3266 2117 3438">
     <span class='ocr_line' id='line_1_42' title="bbox 490 3266 2117 3325; baseline 0.004 -18"><span class='ocrx_word' id='word_1_276' title='bbox 490 3266 535 3321; x_wconf 69' lang='lat'>⁴⁸)</span> <span class='ocrx_word' id='word_1_277' title='bbox 568 3267 729 3319; x_wconf 88' lang='lat' dir='ltr'>Diog.</span> <span class='ocrx_word' id='word_1_278' title='bbox 769 3268 949 3309; x_wconf 84' lang='lat' dir='ltr'>Laert.</span> <span class='ocrx_word' id='word_1_279' title='bbox 990 3268 1051 3311; x_wconf 91' lang='lat'>11.</span> <span class='ocrx_word' id='word_1_280' title='bbox 1095 3269 1193 3313; x_wconf 88' lang='lat'>106.</span> <span class='ocrx_word' id='word_1_281' title='bbox 1236 3276 1279 3310; x_wconf 87' lang='lat' dir='ltr'>et</span> <span class='ocrx_word' id='word_1_282' title='bbox 1319 3271 1526 3321; x_wconf 68' lang='lat' dir='ltr'>Menag.</span> <span class='ocrx_word' id='word_1_283' title='bbox 1564 3286 1605 3325; x_wconf 87' lang='lat' dir='ltr'>p.</span> <span class='ocrx_word' id='word_1_284' title='bbox 1641 3272 1736 3316; x_wconf 81' lang='lat'>121.</span> <span class='ocrx_word' id='word_1_285' title='bbox 1806 3272 2011 3313; x_wconf 80' lang='lat' dir='ltr'>Mortuus</span> <span class='ocrx_word' id='word_1_286' title='bbox 2052 3278 2117 3313; x_wconf 83' lang='lat' dir='ltr'>est</span> 
     </span>
     <span class='ocr_line' id='line_1_43' title="bbox 566 3323 2115 3379; baseline 0.004 -14"><span class='ocrx_word' id='word_1_287' title='bbox 566 3323 773 3366; x_wconf 82' lang='lat' dir='ltr'>Socrates</span> <span class='ocrx_word' id='word_1_288' title='bbox 817 3325 988 3379; x_wconf 86' lang='lat' dir='ltr'>Olymp.</span> <span class='ocrx_word' id='word_1_289' title='bbox 1027 3326 1163 3368; x_wconf 88' lang='lat' dir='ltr'>XCV.</span> <span class='ocrx_word' id='word_1_290' title='bbox 1198 3327 1262 3378; x_wconf 85' lang='grc'>2.,</span> <span class='ocrx_word' id='word_1_291' title='bbox 1293 3327 1378 3373; x_wconf 88' lang='grc'>399</span> <span class='ocrx_word' id='word_1_292' title='bbox 1410 3342 1450 3371; x_wconf 79' lang='lat' dir='ltr'>a.</span> <span class='ocrx_word' id='word_1_293' title='bbox 1483 3329 1588 3371; x_wconf 87' lang='lat' dir='ltr'>Chr.</span> <span class='ocrx_word' id='word_1_294' title='bbox 1621 3343 1666 3371; x_wconf 89' lang='lat' dir='ltr'>n.</span> <span class='ocrx_word' id='word_1_295' title='bbox 1699 3329 1827 3372; x_wconf 78' lang='lat' dir='ltr'>Conf.</span> <span class='ocrx_word' id='word_1_296' title='bbox 1866 3329 2115 3371; x_wconf 85' lang='lat' dir='ltr'>Olinton.</span> 
     </span>
     <span class='ocr_line' id='line_1_44' title="bbox 563 3383 1342 3438; baseline 0.005 -15"><span class='ocrx_word' id='word_1_297' title='bbox 563 3383 685 3424; x_wconf 76' lang='lat' dir='ltr'>Fasti</span> <span class='ocrx_word' id='word_1_298' title='bbox 719 3384 890 3425; x_wconf 86' lang='lat' dir='ltr'>Hellen.</span> <span class='ocrx_word' id='word_1_299' title='bbox 919 3398 962 3437; x_wconf 88' lang='lat' dir='ltr'>p.</span> <span class='ocrx_word' id='word_1_300' title='bbox 999 3385 1070 3428; x_wconf 81' lang='lat'>99.</span> <span class='ocrx_word' id='word_1_301' title='bbox 1104 3387 1172 3427; x_wconf 88' lang='lat' dir='ltr'>ed.</span> <span class='ocrx_word' id='word_1_302' title='bbox 1204 3386 1342 3438; x_wconf 81' lang='lat' dir='ltr'>Kriig.</span> 
     </span>
    </p>
   </div>
  </div>
 </body>
</html>
