2158 3718
264 119 372 172 300
995 79 1316 163 PLAToMs
1337 99 1341 102 ’

262 277 444 327 τωνα,
485 259 593 327 ἔφη
606 298 622 327 ,
660 256 764 329 τὴν
805 259 1068 313 ἐναντίαν
1108 256 1320 326 ἐγγύην
1356 257 1392 326 ἢ
1428 257 1501 327 ἣν
1539 249 1704 320 οὗτος
1740 255 1883 327 πρὸς
1917 255 2056 322 τούς

264 339 529 404 δικαστὰς
575 340 840 411 ἠγγυᾶτο.
921 334 1086 403 οὗτος
1132 340 1235 410 μὲν
1279 339 1388 411 γὰρ
1434 335 1472 411 ἦ
1516 341 1629 411 μὴν
1676 351 2048 412 παραμενεῖν·

263 424 422 496 ὑμεῖς
476 425 538 479 δὲ
592 419 628 494 ἦ
683 424 794 494 μὴν
848 424 922 496 μὴ
978 433 1324 495 παραμενεῖν
1383 426 1769 496 ἐγγυήσασθε,
1821 423 2052 480 ἐπειδὰν

199 517 232 558 Ε
265 509 569 578 άποθάνω,
622 507 765 562 ἀλλὰ
811 509 1142 579 οἰχήσεσθαι
1187 508 1452 578 ἀπιόντα,
1499 510 1595 563 ἵνα
1632 513 1860 580 Κρίτων
1912 511 2068 581 ῥᾷον.

264 595 430 665 φέρῃ,
469 595 562 647 καὶ
599 592 671 663 μὴ
713 591 865 663 ὁρῶν
903 614 1013 664 μου
1039 591 1102 647 τὸ
1126 596 1288 662 σῶμα
1313 591 1349 662 ἢ
1386 592 1667 663 καόμενον
1703 594 1740 664 ἢ
1777 614 2055 665 κατορυτ-

264 679 507 748 τόμενον
547 675 833 748 ἀγανακτῇ
873 676 1018 748 ὑπὲρ
1060 678 1221 748 ἐμοῦ,
1261 676 1335 739 ὠς
1360 675 1518 730 δεινοὶ
1543 679 1874 748 πάσχοντος,
1913 677 2053 748 μηδὲ

263 765 397 834 λέγῃ
439 763 503 816 ἐν
539 766 607 831 τῇ
644 766 825 832 ταφῇ,
875 761 950 825 (ὃς
994 762 1030 832 ἢ
1068 764 1398 833 προτίθεται
1436 763 1713 863 Σωκράτη
1751 762 1787 832 ἢ
1827 763 2054 832 ἐκφέρει

249 847 285 917 ἢ
324 847 674 916 κατορύττει.
754 849 817 899 εὐ
855 845 962 917 γὰρ
1002 851 1153 915 ἴσθι,
1192 840 1227 915 ἧ
1269 845 1322 898 δ’
1365 866 1445 914 ος,
1489 867 1530 899 ω
1574 845 1768 915 άριστε
1805 849 2057 916 Κρίτων,

250 930 312 985 τὸ
351 929 425 1001 μὴ
466 933 652 993 καλῶς
690 932 876 999 λέγειν
902 930 972 985 οὐ
998 931 1176 1001 μόνον
1218 931 1295 993 εἰς
1333 928 1473 983 αὐτὸ
1512 950 1680 984 τουτο
1718 931 2054 1000 πλημμελές,

251 1014 395 1070 ἀλλὰ
442 1016 536 1069 καὶ
583 1015 763 1070 κακόν
808 1035 861 1069 τι
912 1017 1135 1086 ἐμποιεῖ
1178 1023 1297 1077 ταῖς
1333 1024 1556 1083 ψυχαῖς.
1634 1012 1777 1068 ἀλλὰ
1813 1013 2058 1084 θαρῤεἴν

265 1120 324 1154 τε
370 1097 474 1170 χρὴ
523 1100 617 1153 καὶ
667 1101 844 1170 φάναι
889 1098 1102 1170 τούμὸν
1151 1103 1309 1169 σῶμα
1354 1100 1625 1168 θάπτειν,
1675 1099 1770 1151 καὶ
1815 1098 2061 1152 θάπτειν

380 1274 431 1315 D.
466 1266 748 1321 δικαστὰς
790 1266 1068 1327 ἠγγυᾶτο]
1114 1265 1392 1327 ἠγγυήσατο
1427 1271 1525 1311 Vat.
1556 1272 1686 1314 Vind.
1721 1271 1808 1313 ΤΦ
1847 1282 1887 1313 et
1921 1284 2055 1326 marg.

264 1330 428 1427 BOdlE.
462 1379 774 1441 καόμενον]
799 1387 852 1427 V.
874 1379 1158 1440 καιόμενον,
1182 1386 1297 1437 quod
1321 1398 1343 1424 e
1363 1384 1475 1424 Ven.
1496 1386 1537 1426 Λ
1565 1385 1691 1425 Vind.
1718 1384 1758 1424 Φ
1779 1385 1872 1429 Par
1899 1384 2060 1426 CEHIL

267 1444 380 1497 Aug.
412 1443 523 1487 Flor.
546 1455 571 1483 a
595 1445 617 1483 b
639 1456 661 1483 c
682 1446 695 1484 i
715 1455 757 1482 m
787 1451 1011 1483 mutatum
1061 1443 1271 1482 Nimirum
1299 1434 1436 1482 κάειν
1465 1450 1507 1481 et
1534 1434 1701 1483 κλάειν
1727 1453 1804 1494 pro
1826 1441 1988 1483 καίειν
2018 1446 2060 1481 et

267 1498 456 1541 κλαίειν
485 1500 641 1539 veteris
673 1500 838 1540 dialecti
868 1501 1035 1539 Atticae
1059 1500 1277 1552 propiium
1307 1506 1393 1550 est,
1426 1505 1471 1537 ut
1496 1498 1659 1538 Platoni
1687 1498 1847 1550 ubique
1875 1498 2058 1539 redden·

269 1557 369 1596 dum
400 1558 469 1599 sit.
498 1569 539 1596 v.
569 1555 759 1596 Pierson.
792 1557 844 1597 ad
875 1556 1007 1600 Moer.
1032 1569 1075 1609 p.
1104 1557 1200 1597 231.
1242 1556 1372 1594 Koen.
1405 1555 1459 1594 ad
1488 1552 1614 1606 Greg.
1645 1566 1688 1607 p.
1709 1555 1778 1599 75
1801 1555 1854 1596 cf.
1879 1567 1978 1597 ann.
2002 1554 2058 1595 ad

265 1626 314 1666 p
338 1614 552 1710 Πιξεῒνά
593 1632 939 1734 ndoxossvo'g]
981 1669 1096 1711 Vett.
1127 1668 1244 1710 editt
1278 1662 1417 1708 δεινὰ
1447 1679 1570 1708 αττα
1601 1662 1881 1722 πάσχοντος.
1923 1668 2059 1709 Bekk.

269 1717 398 1766 δεῖν’
430 1717 549 1766 ὅὶττα
577 1737 624 1765 π.
667 1725 815 1765 Abieci
844 1716 966 1766 ἅττα
996 1738 1090 1765 cum
1112 1724 1231 1767 Bod1
1266 1724 1391 1765 Coisl.
1417 1725 1512 1764 Vat.
1536 1725 1644 1768 Tub.
1668 1726 1777 1765 Ven.
1801 1724 2058 1772 EHVind.

272 1781 360 1822 ΤΦ
382 1781 479 1824 Par.
504 1779 708 1825 GAmbr.
733 1782 843 1823 Flor.
867 1782 1012 1823 dZitt.
1037 1781 1091 1821 cf.
1115 1795 1157 1834 p.
1182 1781 1330 1823 116B.

267 1935 354 1988 ρας
384 1915 499 1986 ὑμῖν
527 1915 917 1991 παρασχήσομαι,
948 1916 1009 1971 ὡς
1032 1936 1118 1964 ουκ

267 1971 586 2033 ἠγγυησάμην
617 1972 706 2033 ἔγω
737 1992 821 2020 τον
844 1977 1121 2044 Παρμένον-

266 2049 343 2076 τα.
377 2036 484 2077 Ibid.
526 2049 569 2089 p.
601 2037 710 2077 1349
748 2029 1014 2104 ἐγγυῶντα
1033 2030 1120 2101 τὰς

269 2084 440 2144 ετέρων
457 2088 733 2146 θυγατέρας
756 2106 817 2140 ως
840 2105 1016 2134 εαυτου
1040 2084 1122 2134 ου’-

269 2159 370 2196 σας.
414 2148 779 2196 Quemadmodum
810 2156 953 2189 autem
976 2149 1122 2191 Glaeci

1208 1934 1309 1964 τειν
1350 1932 1391 1964 et
1430 1922 1758 1976 προτίθεσθαι
1798 1930 1900 1963 sunt
1927 1923 2059 1963 verba

1207 1979 1285 2018 hac
1306 1979 1349 2018 in
1370 1993 1415 2019 re
1446 1981 1630 2034 propria,
1665 1993 1703 2023 v.
1725 1979 2061 2020 Kirchmann.

1207 2037 1268 2076 De
1297 2035 1481 2078 funerib.
1505 2037 1684 2078 Roman.
1706 2036 1798 2078 libr.
1823 2037 1874 2077 ΙΙ.
1904 2048 1939 2079 c.
1964 2037 1986 2076 1
2019 2046 2059 2075 et

1210 2095 1247 2132 1.
1282 2093 1349 2138 12,
1393 2093 1578 2133 Medium
1619 2095 1795 2134 verbum
1837 2105 1892 2133 ne
1931 2104 2059 2144 quem

1209 2149 1415 2199 offendat,
1456 2150 1637 2190 refertur
1676 2150 1783 2190 illud
1823 2149 1877 2189 ad
1916 2149 2058 2202 ipsum

269 2205 416 2245 dicunt
454 2198 613 2263 μάχην
652 2199 922 2270 μάχεσθαι,
975 2201 1120 2259 ἔχθος
1210 2205 1420 2248 Critonem
1462 2212 1679 2258 tamquam
1719 2206 1882 2246 funeris
1919 2205 2059 2246 domi-

269 2253 522 2326 ἐχθαίρειν
542 2259 640 2312 alia,
671 2263 731 2302 ita
756 2262 824 2301 hic
847 2256 1119 2316 ἐγγυᾶσθαι

269 2310 449 2382 ἐγγύην
470 2318 666 2370 legimus.
691 2319 898 2367 Quoniam
921 2332 1021 2360 vero
1045 2313 1118 2373 ἐγ·

269 2371 488 2427 γυὸισθαι
505 2376 795 2416 accusativum
814 2388 1026 2444 personae
1048 2377 1121 2416 ad-

270 2431 427 2482 sciscit,
471 2431 596 2471 etiam
640 2424 816 2486 ἐγγύην
849 2425 1126 2488 ἐγγυᾶσθαί

270 2499 379 2527 τινα
420 2493 534 2527 recte
580 2488 665 2527 dici
706 2489 843 2542 potuit
887 2489 1121 2540 eademque

268 2555 444 2609 prorsus
473 2543 637 2583 ratione
668 2545 750 2584 dici
779 2545 950 2585 solitum
976 2541 1121 2599 ἔχθος

270 2597 522 2652 εχθαίρειν
551 2594 676 2653 τινά,
707 2602 843 2654 μῖσος
872 2605 1031 2654 μισεῖν
1052 2615 1120 2642 τι·

270 2668 332 2694 να
377 2661 417 2694 et
435 2668 562 2706 -quae
593 2657 700 2695 aliae
740 2664 839 2697 suut
875 2657 1121 2698 huiusmodi

270 2711 475 2760 loquendi
515 2712 737 2753 formulae.
780 2714 839 2752 De
880 2725 926 2752 1e
955 2714 1049 2765 ipsa
1081 2727 1120 2753 V.

271 2766 456 2831 Apolog.
480 2779 523 2819 p.
549 2769 667 2810 38Β.

329 2810 495 2870 οὗτος
527 2837 629 2875 μεν
658 2818 762 2877 γὰρ
803 2812 834 2877 ἦ
848 2818 989 2890 μὴν
1019 2838 1123 2864 πα-

271 2877 571 2944 ραμενεῖν]
636 2881 768 2921 Intell.
831 2872 1119 2935 ἠγγυησατο.

317 2935 365 2978 Ε.
379 2927 704 2989 αγανακτῇ,
728 2937 943 2989 indigne
963 2937 1123 2989 fervit

271 3003 449 3056 aegre
475 2991 633 3040 ferat,
677 2993 871 3035 doleat.
928 2993 1040 3034 Infra
1080 3008 1122 3047 p.

274 3049 352 3089 117
375 3048 410 3088 D
437 3025 779 3114 Ἀπολλόδωρος
804 3044 857 3090 ὁὲ
878 3043 1006 3090 καὶ’
985 3063 1035 3092 εν
1059 3049 1121 3107 τῷ

273 3099 545 3169 ἔμπροσθεν
568 3099 718 3170 χρόνῳ
749 3100 896 3147 οὐδὲν
918 3094 1121 3147 ἐπαύετο

272 3153 511 3227 δακρύων,
542 3159 625 3202 καὶ
655 3156 716 3214 δὴ
747 3158 831 3203 καὶ
861 3155 967 3204 τότε
1004 3155 1120 3203 άνα-

272 3212 651 3284 βρυχησάμενος
649 3211 807 3260 κλάων
827 3215 912 3259 καὶ
940 3211 1122 3273 άγανα-

271 3271 397 3315 κτῶν
421 3267 651 3316 affigam*
622 3288 789 3318 οντινα
812 3287 868 3316 ου
891 3274 1120 3317 κατέκλα-

273 3341 368 3371 σεν.

329 3379 398 3434 ὡς
445 3376 477 3441 ἦ
513 3387 870 3456 προτίθεται
906 3409 959 3417 —-
989 3402 1121 3430 κατ-

271 3437 524 3498 ορύττει]
574 3438 846 3499 Ἐκφέρειν,
895 3438 1123 3498 κατορύτ-

1211 2275 1325 2310 num‚
1354 2270 1402 2303 ut
1431 2263 1503 2315 qui
1533 2263 1797 2317 suscepisset
1825 2273 1969 2303 curam
1990 2273 2060 2302 se-

1207 2320 1420 2374 pulturae.
1465 2320 1562 2360 Eur.
1588 2320 1745 2360 Alcest
1769 2320 1853 2361 664
1874 2330 1938 2369 sq.
1930 2350 1956 2372 .,
1987 2318 2059 2358 ubi

1208 2377 1416 2417 Admetus
1445 2384 1621 2417 mortem
1659 2377 1854 2417 obiturus
1894 2383 2060 2428 patrem

1209 2433 1316 2474 1n01i
1345 2444 1420 2486 pio
1453 2445 1498 2473 se
1526 2442 1794 2473 recusantem
1822 2431 1889 2472 his
1920 2431 2062 2473 verbis

1208 2489 1500 2556 reprehendit.
1511 2503 1690 2558 τοιγαρ
1696 2482 1930 2560 φυτεύων
1946 2489 2059 2529 παῖ-

1211 2545 1300 2594 δας
1323 2538 1484 2587 ουκέτ’
1506 2560 1567 2587 αν
1596 2540 1898 2611 φθάνοις,οἳ
1918 2557 2060 2600 γηρο-

1211 2597 1497 2655 βοσκήσουσι
1515 2600 1598 2644 καὶ
1615 2595 1836 2644 θανόντα
1855 2613 1906 2642 σε
1926 2613 2060 2654 περι-

1210 2657 1429 2699 στελοῦσι
1469 2657 1552 2699 καὶ
1600 2653 1934 2722 προθήσονται
1985 2669 2059 2699 νε-

1208 2712 1338 2767 κρόν.
1379 2714 1469 2753 Lex
1502 2715 1640 2754 Attica
1669 2727 1737 2779 ap.
1760 2714 1879 2757 Dem
1903 2715 1946 2753 in
1970 2714 2062 2753 Ma-

1210 2780 1312 2812 cart
1342 2783 1381 2822 p.
1407 2771 1586 2812 1071R.
1631 2766 1713 2813 τὸν
1736 2763 2060 2812 ἀποθανόντα

1210 2825 1539 2890 προτίθεσθαι
1590 2823 1752 2876 ε’,νὸον
1815 2818 1942 2876 ὅπως
1997 2840 2060 2867 αν

1211 2876 1458 2948 βούληται.
1502 2884 1675 2923 lucian.
1710 2885 1770 2924 De
1803 2884 1981 2950 luctUS.
2003 2885 2058 2924 27

1211 2952 1329 2993 μετα
1362 2938 1515 2980 ταῦτα
1545 2935 1598 2981 δε
1632 2935 1887 2993 λούσαντες
1910 2932 2060 2981 αὐτὸν

1210 2993 1293 3037 καὶ
1315 2989 1446 3050 μύρῳ
1469 2994 1531 3053 τῷ
1554 2996 1789 3039 καλλίστω
1811 2996 2059 3051 χρίσαντες

1210 3046 1262 3092 τὸ
1288 3051 1420 3106 σῶμα
1443 3041 1525 3093 καὶ
1543 3064 1936 3107 στεφανωσαντες
1959 3055 2060 3100 τοῖς

1211 3101 1405 3174 ὡραίοις
1429 3100 1607 3151 ανθεσι
1628 3109 1962 3177 προτίθενται.

1267 3178 1332 3206 ου
1363 3159 1542 3219 μόνον
1573 3162 1654 3215 εἰς
1689 3159 1830 3208 αὐτὸ
1868 3162 2058 3215 τοῦτο]

1209 3222 1300 3261 Nou
1334 3223 1470 3262 solum
1501 3223 1615 3274 quod
1645 3224 1688 3263 id
1724 3224 1867 3287 ipsum
1897 3223 2064 3269 attinet,

1209 3291 1268 3319 sc.
1311 3272 1362 3318 τὸ
1404 3272 1469 3333 μὴ
1510 3277 1666 3328 καλῶς
1709 3274 1758 3320 λε’
1793 3291 1877 3320 ειν.
1908 3299 1962 3308 —-
1991 3278 2059 3317 Ad

1208 3332 1539 3389 πλημμελές
1580 3335 1713 3375 intell.
1780 3346 1899 3376 στιν.
1951 3333 2058 3374 Nam

1210 3392 1325 3442 quod
1374 3391 1700 3433 Schaeferus
1748 3392 1905 3432 Melett.
1948 3403 1990 3455 p.
2031 3390 2060 3428 4

1209 3447 1482 3502 πλημμελεῖ
1537 3448 1805 3489 scribendum
1866 3445 2057 3493 coniecit,
