2158 3718
724 154 806 191 AD
848 154 1209 194 SYMPOSIUM.
1652 171 1656 174 ·
1730 160 1794 196 XI

100 279 498 350 Eryximachus
534 278 790 344 medicus,
838 299 1062 349 eumque
1106 280 1404 337 rationibus
1442 300 1509 334 ex
1546 292 1658 335 arte
1697 303 1793 337 sua

101 350 394 432 depromtis
430 350 720 413 confirmat,
765 358 923 419 atque
959 359 1143 404 auctor
1182 351 1276 422 [de
1314 353 1578 405 sententia
1613 353 1790 406 Phae-

100 420 209 492 dr1]
261 429 342 474 est
384 420 622 488 reliquis,
671 428 730 472 ut
778 421 972 491 singuli
1019 422 1271 492 deinceps
1319 423 1555 476 oratione
1604 425 1791 477 laudes

99 490 319 544 Amoris
356 490 636 544 celebrent.
692 489 996 543 Dimittitur
1032 491 1332 561 tibicina*).

169 560 383 614 Primus
420 561 488 614 de
524 560 726 614 Amore
766 561 895 614 dicit
930 562 1212 615 Phaedrus
1252 561 1463 634 [utpote
1506 563 1794 632 primarius

100 631 305 684 consilii
328 629 572 702 'auctor],
613 649 840 699 eumque
876 631 1117 685 Hesiodo
1140 632 1568 702 Parmenideque
1606 643 1791 687 aucto-

98 700 246 754 ribus
284 701 502 754 deorum
538 702 774 753 omnium
810 702 1238 770 antiquissimum
1288 723 1408 757 esse
1446 704 1694 768 ostendit,
1742 716 1796 757 et

98 771 279 824 multis
316 791 384 826 ex
418 772 587 825 veteri
610 772 833 824 historia
856 773 1144 841 propositis
1171 774 1429 843 exemplis
1460 775 1653 845 probat
1677 775 1792 827 eius

99 840 332 900 divinam
370 861 487 895 esse
524 842 633 895 vim
670 843 738 893 ad
775 842 1048 895 hominum
1090 844 1293 897 animos
1331 846 1400 897 ad
1438 864 1647 898 omnem
1681 845 1792 898 vir-

96 920 267 965 tutem
308 912 607 966 incitandos
619 912 718 981 **)
754 911 1214 984 [quandoquidem
1256 915 1546 968 amantium
1604 916 1793 968 animis

97 983 377 1055 ingeneret
429 983 707 1036 honestam
768 983 1161 1048 verecundiam,
1217 985 1795 1054 praestantissimarum

98 1053 357 1106 virtutum
393 1053 717 1125 parentem].
1390 1120 1392 1124 f

169 1120 452 1176 Secundus
493 1122 640 1194 [post
676 1123 806 1188 alios
845 1124 1061 1188 scilicet,
1097 1142 1324 1193 quorum
1361 1126 1628 1179 orationes
1663 1126 1794 1178 Ari-

99 1192 369 1246 stodemus
407 1193 699 1246 transmisit
737 1193 972 1265 silentio]
1015 1203 1096 1247 est
1119 1194 1434 1258 PausaniaS,
1473 1196 1555 1249 vir
1589 1197 1645 1249 in
1681 1197 1793 1267 pri-

96 1263 198 1316 mis
220 1263 450 1333 ἐρωτικὸς
476 1272 531 1317 et
554 1272 759 1316 amator
775 1263 1093 1336 Agathonis.
1131 1264 1240 1318 Hic
1263 1266 1607 1336 reprehendit
1624 1266 1796 1319 Phae-

97 1334 270 1398 drum,
308 1333 452 1402 quod
476 1334 787 1404 simpliciter
810 1335 1109 1388 laudaverit
1130 1335 1405 1400 Amorem,
1445 1356 1506 1390 ac
1533 1338 1578 1390 si
1602 1337 1795 1390 unicus

98 1413 305 1457 tantum
341 1413 483 1457 esset
518 1402 705 1458 Amor.
743 1404 966 1469 Verum,
1004 1405 1192 1474 inquit,
1230 1415 1292 1459 ut
1328 1407 1526 1477 duplex
1564 1416 1644 1460 est
1679 1407 1793 1460 Ve-

96 1493 215 1539 nuS,
236 1474 403 1527 altera
426 1475 686 1538 coelestis,
713 1475 880 1529 altera
903 1476 1158 1548 vulgariS,
1177 1477 1254 1529 ita
1278 1477 1477 1548 duplex
1503 1486 1585 1530 est
1602 1477 1791 1542 Amor,

97 1545 231 1598 alter
267 1545 529 1610 coelestis,
567 1546 807 1618 vulgaris
844 1546 993 1600 alter.
1043 1546 1230 1616 Atque
1266 1557 1460 1601 natura
1497 1548 1656 1602 etiam
1691 1548 1795 1600 hu-

96 1634 374 1669 manarum
410 1615 680 1670 actionum
716 1616 835 1669 talis
873 1625 969 1681 est,
1008 1626 1068 1670 ut
1102 1618 1247 1670 nulla
1282 1618 1339 1671 in
1377 1638 1434 1672 se
1471 1620 1589 1690 ipsa
1616 1619 1686 1672 sit
1708 1620 1796 1673 vel

97 1686 267 1756 turpis
304 1685 391 1739 vel
425 1685 664 1740 honesta.
695 1732 762 1739 .-.
803 1685 917 1741 Sed
951 1687 1311 1742 Athenienses
1350 1698 1403 1742 et
1425 1689 1794 1743 Lacedaemo-

97 1755 174 1808 nii
209 1756 442 1826 reliquas
478 1766 667 1828 gentes
703 1776 868 1827 quum
905 1759 1128 1812 aliarum
1164 1759 1346 1831 legum
1383 1761 1639 1830 sapientia
1675 1761 1794 1813 vin-

98 1835 243 1891 cunt,
283 1835 397 1880 tum
434 1846 619 1881 earum
653 1827 903 1893 maxime,
940 1847 1078 1898 quae
1115 1830 1182 1883 de
1219 1830 1423 1882 Amore
1462 1839 1599 1882 sunt.
1655 1830 1796 1882 Nam

95 1897 244 1968 apud
276 1896 475 1951 Persas
522 1907 577 1952 et
614 1896 869 1963 GraecOS,
917 1900 1011 1968 qui
1053 1899 1245 1952 horum
1294 1900 1519 1969 imperio
1570 1899 1796 1953 subiecti

99 1976 240 2032 sunt,
291 1968 468 2039 turpis
514 1969 744 2023 habetur
827 1988 1077 2022 uerorum
1126 1989 1289 2034 amor,
1341 1971 1485 2038 quod
1522 1971 1792 2039 tyrannidi

94 2038 327 2092 maxime
364 2039 446 2092 est
479 2039 722 2093 infestus,
816 2041 930 2109 pud
953 2039 1189 2094 Boeotos
1223 2048 1275 2093 et
1297 2039 1460 2093 Eleos
1485 2049 1668 2094 contra
1692 2041 1793 2093 im-

96 2109 286 2179 punita
322 2109 437 2162 eius
473 2118 556 2163 est
590 2109 823 2163 licentia.
861 2109 1030 2180 Apud
1065 2129 1162 2164 nos
1199 2129 1324 2163 vero
1352 2120 1403 2164 et
1427 2110 1794 2164 Lacedaemo-

96 2180 214 2231 nios
250 2179 398 2250 leges
436 2198 559 2232 eum
593 2199 693 2233 nec
737 2181 1052 2250 permittunt
1098 2180 1407 2251 simpliciter
1449 2200 1550 2234 nec
1593 2190 1795 2245 vetant,

100 2249 198 2302 sed
236 2249 573 2302 cautionibus
612 2258 666 2303 et
701 2258 844 2304 certa
878 2250 1083 2304 ratione
1110 2250 1563 2304 circumscribunt.
1601 2251 1796 2319 Itaque

98 2319 288 2383 Amor,
327 2320 374 2373 si
400 2339 467 2374 ex
492 2321 683 2373 mentis
719 2321 1079 2391 pulcritudine
1119 2330 1172 2374 et
1207 2321 1421 2374 virtutis
1460 2322 1635 2374 studio
1674 2341 1794 2374 sus-

97 2389 310 2461 cipitur,
346 2390 622 2453 laudatur3
665 2390 710 2444 si
747 2410 873 2445 vero
910 2391 980 2443 ad
1012 2391 1247 2462 corporis
1281 2392 1509 2444 formam
1544 2393 1793 2455 refertur,

97 2479 292 2532 magna
342 2469 396 2513 et
442 2461 693 2515 amatoris
742 2470 796 2515 et
841 2462 1002 2514 amati
1048 2462 1343 2532 ignominia
1378 2482 1410 2514 a
1444 2462 1658 2533 legibus
1694 2482 1793 2515 no-

98 2539 242 2584 tatur
258 2531 389 2601 ***).

167 2600 456 2655 Proximus
493 2602 542 2655 ei
581 2611 662 2656 est
685 2603 1107 2674 Aristophanes3
1150 2603 1244 2658 sed
1269 2604 1480 2658 dicendi
1504 2604 1796 2675 provincia,

98 2690 235 2740 quae
271 2673 455 2725 ordine
492 2673 562 2725 ad
599 2693 720 2727 eum
757 2683 991 2738 venerat,
1030 2675 1312 2744 quominus
1348 2676 1621 2746 fungatur,
1667 2693 1795 2745 pro-

95 2741 310 2811 hibetur
350 2743 603 2815 singultu,
644 2763 711 2797 ex
747 2745 908 2799 nimio
946 2745 1062 2798 cibo
1099 2754 1339 2816 potuque
1372 2747 1458 2798 vel
1481 2746 1584 2798 alia
1608 2764 1798 2798 caussa

98 2821 228 2866 orto.
288 2812 478 2882 Itaque
528 2814 597 2866 ad
644 2815 949 2885 proximum
987 2834 1043 2869 se
1081 2816 1343 2870 convertit
1376 2815 1796 2885 Eryximachum

97 2882 380 2946 medicum,
431 2884 498 2938 ab
537 2903 705 2954 eoque
741 2887 994 2955 postulat,
1044 2894 1105 2938 ut
1141 2886 1227 2939 vel
1271 2905 1304 2939 a
1342 2885 1582 2958 singultu
1618 2886 1794 2958 ipsum

98 2951 289 3004 liberet
341 2953 427 3006 vel
471 2972 570 3023 pro
619 2973 676 3007 se
715 2956 925 3009 dicendi
973 2955 1301 3026 provinciam
1341 2956 1611 3027 suscipiat.
1673 2955 1794 3026 Ego

99 3041 244 3086 vem,
294 3022 469 3090 inquit
514 3022 926 3092 Eryximachus„
973 3035 1256 3097 utrumque
1304 3027 1523 3080 faciam:
1576 3045 1698 3079 nam
1746 3033 1796 3076 et

171 3180 215 3231 *)
248 3194 378 3232 usquc
408 3183 460 3221 ad
493 3194 531 3233 p.
560 3186 650 3222 178.
671 3184 725 3223 A.

142 3249 209 3302 **)
241 3263 282 3302 p.
309 3254 399 3292 178.
420 3253 460 3292 A
487 3286 534 3291 -.
567 3257 654 3292 180.
678 3253 724 3293 c.

118 3320 210 3374 ***)
241 3335 280 3372 p.
310 3327 398 3363 180.
421 3322 456 3363 C
480 3358 527 3362 -.
557 3328 647 3363 185.
672 3323 717 3363 C.
