2222 3762
291 177 689 235 PLATONIS
726 176 1215 232 APOLOGIAM
1254 175 1655 232 SOCRATIS.
1762 181 1825 231 115

130 330 194 374 ut
242 321 514 375 Platonici
567 320 810 376 Socratis
861 321 1100 390 speciem
1146 328 1311 388 atque
1361 319 1652 391 imaginem
1698 339 1826 372 vere

131 392 505 446 adumbratam
554 411 672 446 esse
728 392 1005 445 luculente
1052 391 1391 444 testificetur.
1498 391 1682 460 Atque
1741 391 1824 444 his

131 463 380 516 omnibus
429 464 507 516 ita
555 463 817 534 expositis
871 463 1104 533 primum
1155 461 1374 532 quidem
1420 461 1668 514 videmur
1714 481 1826 515 non

128 534 325 587 iniuria
370 534 448 587 ita
500 542 769 602 statuere,
821 542 882 587 ut
929 534 1214 587 universae
1262 533 1525 586 orationis
1586 533 1824 586 indolem

127 604 292 658 talem
337 623 457 658 esse
518 605 816 659 existimari
861 612 1138 675 oporteat,
1190 604 1334 657 unde
1387 603 1670 659 Socratem
1714 624 1824 658 non

129 676 294 729 alium
318 706 322 725 -‚
343 695 504 746 quam
550 677 735 730 vivum
786 695 1210 749 germanumque
1250 694 1664 747 cognoscamus.

265 788 389 843 Nec
426 809 555 843 vero
605 790 759 842 aliter
805 788 1157 843 iudicandum
1207 788 1426 842 videtur
1445 828 1459 855 ,
1515 789 1609 842 ubi
1660 790 1823 842 etiam

125 859 274 928 ipsas
325 879 446 928 res,
499 880 637 930 quae
683 861 740 913 in
777 860 1057 932 Apologia
1107 859 1337 913 traditae
1386 866 1542 927 sunt,
1594 862 1826 931 propius

126 929 666 989 consideraverimus.
743 931 1117 1000 Quaecunque
1174 931 1316 993 enim
1355 930 1421 983 de
1457 930 1825 1002 philosophia,

126 1020 290 1071 quam
315 1002 543 1057 coluerit
565 1001 838 1070 SocrateS,
879 1001 946 1055 de
968 1001 1254 1072 religione,
1294 1021 1456 1070 quam
1482 1003 1816 1072 probaverit,

124 1073 197 1135 de¹
229 1073 342 1140 vita
377 1073 555 1136 civili,
594 1093 758 1143 quam
790 1073 991 1144 egerit,
1033 1072 1100 1125 de
1140 1073 1348 1125 caussis
1389 1072 1529 1142 odii,
1579 1074 1636 1126 in
1674 1074 1824 1143 quod

121 1144 445 1213 incurrerit,
486 1143 722 1214 denique
761 1144 828 1198 de
867 1143 1018 1198 varia
1054 1142 1495 1212 necessitudine,
1554 1164 1662 1216 qua
1699 1164 1823 1199 cum

122 1214 333 1270 civibus
368 1216 482 1274 suis
506 1215 832 1270 coniunctus
870 1215 1083 1284 vixerit,
1123 1215 1211 1268 vel
1233 1215 1510 1285 copiosius
1534 1216 1622 1269 vel
1659 1216 1822 1270 etiam

120 1285 341 1346 brevius
380 1294 760 1357 exponuntur,
802 1306 866 1341 ea
901 1287 1150 1357 profecto
1190 1287 1371 1339 omnia
1404 1287 1590 1340 valent
1627 1306 1721 1356 eo,
1760 1296 1826 1341 ut.

121 1357 190 1412 iis
227 1357 494 1430 cognitis,
535 1357 828 1413 dummodo
867 1358 1157 1429 diligenter
1192 1357 1614 1429 perpendantur,
1650 1359 1821 1413 vitam

121 1427 225 1481 viri
263 1429 650 1500 sapientissimi
686 1437 944 1499 tanquam
979 1431 1037 1482 in
1074 1429 1261 1484 tabula
1299 1428 1533 1497 quadam
1571 1429 1641 1483 ad
1677 1431 1819 1486 veri-

121 1499 252 1553 tatis
289 1519 534 1554 normam
573 1499 902 1573 descriptam
940 1519 1161 1555 cernere
1200 1499 1496 1554 videamur.

188 1625 191 1629 ·
260 1601 405 1654 Nam
454 1600 522 1654 de
573 1599 768 1654 studiis
805 1600 1185 1672 philosophiae
1222 1601 1396 1672 ipsius
1433 1602 1480 1655 si
1519 1601 1817 1670 quaeritur,

118 1672 351 1744 primum
388 1670 609 1742 quidem
643 1671 762 1742 ipse
798 1693 851 1743 p.
879 1673 960 1725 18.
985 1672 1052 1725 Β.
1078 1703 1147 1711 —-
1174 1674 1258 1726 20.
1284 1671 1346 1726 C.
1380 1671 1629 1726 vostendit
1663 1692 1819 1725 num-

125 1762 288 1813 quam
332 1761 393 1797 se
445 1750 540 1797 aut
587 1743 1001 1812 quaestionibus
1055 1744 1299 1816 physicis
1340 1743 1558 1798 dedisse
1595 1762 1818 1814 operam

118 1822 213 1868 aut
249 1821 421 1868 artem
460 1813 680 1868 dicendi
717 1814 1087 1886 sophisticam,
1127 1834 1267 1885 quae
1293 1815 1539 1869 veritatis
1575 1815 1817 1868 rationes

116 1893 426 1958 pervertere
473 1886 675 1955 soleat,
741 1886 974 1940 coluisse
1028 1894 1192 1956 atque
1242 1887 1565 1941 exercuisse.
1650 1885 1818 1954 Quod

114 1958 277 2028 plane
313 1963 434 2011 6886
462 1958 682 2011 veritati
706 1965 1151 2026 consentaneum,
1177 1958 1326 2011 nullo
1347 1959 1572 2030 negotio
1603 1956 1818 2011 ostendi

113 2031 314 2100 pctest.
403 2027 692 2099 Quotquot
753 2030 897 2082 enim
946 2028 1013 2082 de
1075 2029 1268 2083 studiis
1316 2028 1560 2083 Socratis
1628 2036 1820 2082 extant

114 2107 359 2153 veterum
397 2101 724 2170 scriptorum
758 2100 1103 2168 testimonia,
1152 2100 1218 2153 iis
1267 2100 1564 2154 certissime
1615 2099 1816 2152 confir-

114 2177 292 2223 matur
311 2171 489 2223 virum
513 2171 972 2240 sapientissimum
1009 2190 1042 2222 a
1063 2171 1415 2241 physicorum
1441 2171 1816 2242 occupationi-

112 2241 217 2294 bus
264 2241 436 2294 fuisse
483 2241 713 2293 maxime
767 2242 1018 2294 alienum.
1092 2242 1255 2295 Licet
1293 2242 1434 2294 enim
1469 2242 1811 2311 superiorum

113 2311 561 2383 philosophorum
613 2311 679 2364 de
729 2313 930 2366 talibus
983 2313 1145 2367 rebus
1199 2313 1484 2384 opiniones
1547 2313 1653 2384 ipsi
1703 2331 1814 2366 non

114 2382 276 2452 plane
312 2383 537 2455 ignotae
574 2383 888 2452 manserint,
925 2383 984 2435 id
1022 2384 1171 2453 quod
1204 2403 1362 2438 nemo
1399 2391 1599 2436 temere
1630 2384 1688 2436 in
1711 2384 1816 2438 du·-

113 2454 429 2507 bitationem
465 2455 775 2521 vocaverit,
816 2454 1260 2524 quandoquidem
1296 2455 1383 2508 vel
1423 2474 1490 2507 ex
1526 2474 1620 2523 e0,
1661 2457 1811 2525 quod

112 2524 514 2596 philosophiam
561 2525 628 2579 de
677 2525 834 2578 coelo
873 2526 931 2578 in
978 2541 1149 2580 terras
1194 2526 1491 2580 devocasse
1530 2533 1584 2578 et
1616 2527 1674 2578 in
1710 2527 1811 2581 ho-

112 2595 316 2649 minum
366 2595 557 2650 domos
607 2596 975 2650 introduxisse
1013 2606 1295 2666 narratur,
1342 2598 1502 2650 facile
1551 2596 1810 2671 intelligi-

111 2674 202 2719 tur
252 2686 374 2720 eum
421 2667 823 2740 philosophiam
867 2669 1124 2722 moralem
1169 2670 1242 2741 ph
1285 2669 1414 2722 sicis
1463 2669 1808 2740 opposuisse,

111 2758 163 2791 v.
214 2738 501 2811 Diogen.
549 2738 779 2795 Laert.
816 2739 893 2792 II.
935 2742 1016 2793 19.
1054 2690 1387 2813 Porphyr.
1427 2759 1514 2811 ap.
1555 2740 1810 2796 Theodo-

110 2807 362 2862 ret..Gr.·
388 2811 507 2862 Att.
548 2808 678 2863 Cur.
703 2810 842 2864 XII.
879 2831 932 2881 p.
966 2813 1084 2865 174.
1134 2810 1337 2864 Clem.
1377 2811 1478 2864 Al.
1517 2811 1561 2864 I.
1601 2831 1655 2881 p.
1686 2812 1808 2866 301.

110 2880 206 2934 ubi
282 2882 671 2952 Anaxagoram
742 2881 1017 2937 audivisse
1093 2890 1148 2936 et
1209 2883 1485 2936 Archelao
1543 2883 1807 2954 magistro

110 2970 241 3005 usus
280 2970 399 3005 esse
449 2961 724 3017 narratur3
774 2961 957 3006 tamen
992 2953 1156 3026 longe
1194 2954 1341 3007 aliud
1380 2953 1511 3023 quid
1549 2961 1659 3020 est,
1711 2954 1809 3008 do-

110 3022 317 3076 ctrinae
368 3023 596 3077 alicuius
643 3024 893 3077 notitiam
943 3025 1047 3078 sibi
1092 3043 1404 3096 comparare
1424 3065 1438 3093 ,
1492 3025 1640 3078 aliud
1689 3044 1809 3078 eam

111 3094 464 3163 comprobare
499 3112 727 3150 assensu
764 3115 863 3150 suo
903 3103 958 3148 et
995 3114 1162 3167 opera
1198 3115 1297 3150 sua
1327 3096 1601 3149 adiuvare.
1642 3095 1810 3164 Quod

110 3163 330 3232 quidem
377 3164 634 3220 Socrates
697 3166 844 3237 apud
899 3167 1185 3220 Platonem
1233 3187 1266 3220 a
1317 3186 1375 3221 se
1423 3168 1629 3226 factum
1686 3186 1806 3222 esse

108 3235 391 3289 verissime
441 3245 636 3308 negat,
686 3238 983 3309 obiurgans
1032 3238 1194 3292 etiam
1243 3253 1297 3292 et
1342 3239 1657 3310 vituperans
1696 3238 1806 3293 Co-

110 3306 279 3360 micos
316 3307 687 3378 imprimisque
723 3309 1178 3380 Aristophanem,
1235 3310 1328 3380 qui
1375 3310 1554 3380 ipsum
1603 3316 1803 3363 temere

111 3376 176 3429 inv
216 3377 332 3432 eius
381 3379 457 3432 rei
506 3379 874 3449 suspicionem
921 3379 1069 3451 apud
1115 3400 1365 3452 magnam
1402 3380 1802 3434 multitudinem
