2222 3762
414 143 482 194 88
1012 139 1486 194 PLATONIS

418 309 512 356 μοι
560 291 795 342 ἐπέθετο
851 292 937 342 καὶ
971 286 1209 351 ’Ἄνυτος
1262 281 1353 341 καὶ
1396 287 1633 351 Λύκων,
1696 289 1954 351 Μέλητος,
2011 291 2112 356 μὲν

422 369 560 441 ὑπὲρ
607 373 717 426 τῶν
761 375 1006 439 ποιητῶν
1051 370 1413 443 ἀχθόμενος,
1442 369 1679 435 ’ἷΑνυτος
1719 374 1775 424 δὲ
1818 369 1956 442 ὑπὲρ
2003 373 2112 425 τῶν

421 550 519 589 σφ.,
569 542 741 590 praeter
791 536 917 578 fidem
960 537 1241 590 piurimorum
1289 538 1507 580 librorum.

564 609 591 631 α

1578 536 1624 577 ln
1667 534 1791 576 Bodl.
1838 546 1891 575 ex
1931 533 2002 573 καὶ
2038 538 2114 575 νῦν

417 627 626 704 σφοδρῶξ.
659 651 772 691 conf.
807 664 848 702 p.
878 650 944 693 18.
984 650 1031 692 Β.
1062 650 1132 688 καὶ
1164 648 1298 690 πάλαι
1328 649 1461 691 πολλὰ
1495 651 1570 702 ἔιη
1600 650 1672 690 καὶ
1701 648 1825 692 οὐδὲν
1855 646 2019 701 ἀληθὲς
2048 649 2114 688 λέ-

414 722 577 760 γοντες.

413 853 562 887 Amor.
599 846 637 898 ξ.
676 846 717 888 1.
759 844 813 886 Τ.
856 846 910 886 V.
953 860 994 899 p.
1032 846 1114 890 256
1154 849 1219 889 ed.

419 903 534 956 Rip-2
569 906 772 959 ἐρωτικῆς
804 904 983 950 παιδιᾶς
1013 907 1055 949 ἐξ
1086 907 1222 946 ἑωθι-

415 965 495 1000 νοῦ
526 960 803 1015 πεπλήρωκας
832 960 884 1000 τὰ
923 957 1029 1003 ὦτα.

474 1017 725 1071 Μέλητος
782 1021 873 1070 μὲν
930 1019 1062 1073 ὑπὲρ
1123 1025 1222 1060 τῶν

415 1091 480 1116 πο
496 1077 677 1131 ιητῶν]
702 1076 905 1128 Meletos,
931 1078 1075 1119 Meieti
1096 1078 1221 1130 filius,

412 1147 527 1186 pago
548 1134 951 1187 Pitthensis(Plat.
983 1135 1220 1190 Euthyphr.

415 1206 453 1245 p.
474 1193 511 1235 2.
541 1193 589 1234 Β.
613 1193 844 1244 Diogen.
872 1192 1015 1234 Laert.
1037 1195 1089 1234 11.
1111 1193 1221 1244 40.),

415 1249 470 1289 de
514 1251 638 1290 cuius
687 1251 859 1292 nomine
909 1264 944 1292 ν.
988 1264 1086 1292 ann.
1126 1253 1220 1293 crit.

412 1306 466 1347 ad
499 1321 540 1360 p.
574 1308 643 1351 19.
680 1308 745 1359 B„
789 1313 1092 1350 accusatorum
1135 1310 1219 1350 So·

415 1368 547 1405 cratis
595 1366 794 1418 princeps
845 1366 940 1408 fuit.
1023 1367 1223 1408 Tradidit

415 1423 524 1464 enim
557 1424 747 1465 libellum
791 1424 1107 1475 accusationis,
1153 1426 1220 1465 cui

414 1481 564 1532 reliqui
606 1486 811 1533 tanquam
866 1479 1099 1534 συνήγοροι
1142 1495 1219 1523 no-

415 1538 525 1578 mina
567 1551 642 1578 sua
695 1540 1056 1590 subscripserunt.
1128 1540 1222 1580 Ita-

414 1609 500 1648 que
530 1595 710 1639 Theaet.
745 1597 917 1656 P„210·
959 1599 1012 1639 D.
1055 1597 1221 1638 Socra-

415 1659 504 1694 tes:
540 1657 613 1694 νῦν
641 1655 716 1707 μὲν
745 1658 825 1693 οὖν
845 1654 1114 1706 ἀπαντητέον
1144 1671 1222 1708 μοι

416 1711 472 1757 εἰς
517 1709 596 1760 τὴν
637 1715 718 1751 τοῦ
747 1713 953 1764 βασιλέως
993 1711 1127 1753 στοὰν
1158 1713 1227 1752 ἐπὶ

413 1767 494 1820 τὴν
534 1769 747 1821 Μελήτου
785 1769 1025 1823 γραφήν,
1083 1767 1134 1822 ἧν
1171 1786 1224 1823 με

411 1832 725 1880 γέγραπται.
782 1830 907 1881 Apol.
962 1843 1002 1883 p.
1043 1829 1112 1872 ]9.
1168 1830 1222 1869 Bt

412 1882 621 1936 Μέλητιῖς
661 1900 715 1938 με
746 1884 971 1939 ἐγράψατο
1005 1886 1083 1938 τὴν
1113 1902 1216 1939 γρα-

412 1940 498 1995 φήν
537 1939 714 1994 ταύτην.
773 1943 876 1987 ibid.
916 1944 976 1984 C:
1020 1942 1081 1997 μή
1133 1960 1221 1988 πως

411 1999 490 2053 ἐγὼ
527 1998 612 2039 ὑπὸ
649 2000 863 2053 Μελήτου
902 2001 1127 2044 τοσαύτας
1158 2004 1220 2040 δι’-

411 2072 487 2102 κας
535 2055 737 2112 φύγοιμι.
791 2074 830 2113 ρ.
870 2059 940 2103 26.
983 2060 1050 2108 B„
1103 2059 1213 2102 Rem

411 2115 664 2156 confirmant
705 2117 856 2166 etiam,
905 2118 941 2158 si
988 2130 1076 2170 qua
1120 2118 1216 2158 istis

409 2173 672 2214 testimoniis
708 2187 817 2228 opus
858 2182 948 2227 est,
999 2175 1214 2219 Maxim.

411 2231 528 2284 Tyr.
579 2231 651 2273 IX.
699 2232 727 2275 2
794 2233 835 2276 3.
885 2241 929 2274 et
981 2233 1216 2286 Diogen.

409 2289 597 2331 Laert.
649 2289 698 2332 11.
747 2290 818 2335 36.
869 2289 943 2335 39.
991 2292 1043 2332 ai.
1118 2290 1218 2332 Fuit

409 2353 551 2387 autem
591 2347 659 2388 iiie
690 2361 777 2400 quo
823 2347 1022 2402 tempore
1061 2348 1217 2389 Socra-

409 2405 466 2456 ti,
500 2404 658 2446 homini
688 2406 960 2458 grandaevo,
999 2407 1115 2447 litem
1153 2407 1215 2446 in-

410 2461 549 2502 tendit
597 2462 693 2514 ipso
741 2464 924 2504 Platone
973 2467 1086 2505 teste
1122 2464 1215 2503 Eu-

412 2518 578 2571 thynhr.
615 2533 655 2572 p.
686 2519 726 2562 2.
769 2520 817 2562 Β.
854 2519 903 2562 C.
948 2522 1129 2573 Apolog.
1174 2535 1216 2573 p.

412 2576 481 2620 25.
516 2577 566 2616 D.
600 2582 643 2617 et
673 2576 741 2620 26.
767 2577 816 2621 E.
850 2577 1082 2618 admodum
1108 2576 1220 2618 ado-

412 2636 581 2675 lescens
617 2647 667 2674 ac
699 2647 836 2686 paene
875 2635 1104 2686 imberbis,
1146 2641 1212 2676 at-

412 2704 498 2743 que
548 2690 658 2731 adeo
708 2691 836 2733 homo
886 2693 1116 2743 obscurus,
1171 2698 1218 2733 ut

413 2748 619 2789 Socrates
658 2749 715 2790 ibi
757 2748 945 2790 fateatur
988 2763 1088 2790 sese
1123 2750 1216 2790 eius

413 2806 483 2847 vix
518 2807 646 2846 uuam
687 2805 786 2847 dum
831 2807 1052 2858 accepisse
1103 2808 1215 2848 noii-

413 2863 531 2904 tiam.
575 2862 871 2912 Quamobrem
907 2863 1037 2905 videri
1071 2870 1216 2916 potest

411 2921 466 2962 ab
496 2919 589 2961 aliis
620 2928 864 2964 commotus
895 2927 1025 2974 atque
1057 2923 1213 2964 subor-

412 2982 536 3020 natus
568 2992 692 3028 esse,
731 2986 777 3019 ut
818 2979 1046 3020 accusandi
1080 2993 1211 3033 nego-

413 3037 520 3077 tium
560 3035 606 3076 in
645 3049 694 3076 se
733 3038 964 3090 reciperet.
1029 3036 1082 3077 Et
1113 3050 1211 3079 nar—

411 3099 508 3134 rant
555 3107 658 3134 sane
718 3093 861 3137 Schoi.
928 3095 1096 3138 Platon.
1157 3095 1210 3136 ad

413 3151 536 3204 Apol.
569 3165 609 3204 p.
642 3149 710 3194 18.
746 3152 793 3192 Β.
826 3158 868 3192 et
898 3151 969 3194 23.
1004 3151 1051 3191 E.
1088 3153 1210 3194 Dio-

409 3220 528 3262 gen.
570 3207 754 3253 Laert.
792 3209 852 3251 11.
893 3208 963 3253 38.
1004 3209 1071 3253 39.
1125 3210 1208 3251 Li-

406 3261 519 3307 b'an.
562 3267 685 3319 Apol.
718 3266 843 3308 Socr.
878 3265 949 3310 ΙΙΙ.
984 3281 1025 3321 p.
1044 3268 1112 3311 11.
1139 3269 1208 3310 ed.

407 3322 561 3367 Reisk.
595 3336 692 3366 eum
724 3324 779 3365 ab
813 3325 968 3378 Anyto,
995 3326 1208 3369 acerrimo

411 3380 605 3434 Socratis
643 3381 843 3435 inimico,
892 3382 1033 3437 pretio
1084 3383 1207 3426 indu-

1309 854 1419 890 ctum
1455 861 1576 898 esse,
1614 852 1663 887 ut
1694 847 1917 887 Socratem
1960 847 2111 900 impie-

1308 908 1410 947 tatis
1448 910 1694 947 accusaret.
1765 903 1856 946 Sed
1905 903 2111 956 quidquid

1309 965 1371 1005 rei
1402 967 1491 1014 est,
1522 963 1576 1003 ab
1610 962 1702 1016 ipso
1734 961 1921 1003 Platone
1955 962 2113 1015 Euthy-

1307 1021 1456 1075 phron.
1501 1022 1525 1063 Ι.
1571 1033 1609 1059 c.
1661 1019 1865 1059 discimus
1916 1018 2112 1061 iuvenem

1307 1080 1439 1119 fuisse
1468 1076 1700 1117 admodum
1744 1076 2016 1125 fastuosum,
2061 1090 2113 1118 ac

1307 1142 1581 1189 praematura
1623 1135 1776 1183 ingenii
1815 1136 1878 1174 sui
1912 1135 2114 1186 opinione

1307 1196 1525 1237 inflatum.
1560 1198 1608 1232 ut
1640 1193 1717 1232 sibi
1753 1205 1863 1232 unus
1896 1194 1977 1233 iam
2012 1205 2112 1244 per-

1308 1252 1506 1305 spexisse
1540 1251 1782 1295 videretur,
1829 1250 1942 1291 unde
1973 1251 2111 1303 potis-

1308 1312 1464 1350 simum
1486 1309 1675 1349 civitatis
1701 1307 1995 1349 emendandae
2025 1309 2113 1347 sci-

1306 1369 1407 1408 licet
1437 1371 1572 1417 atque
1611 1366 1909 1418 repurgandae
1946 1365 2112 1406 initium

1307 1423 1555 1466 faciendum
1593 1427 1726 1465 esset.
1761 1422 2112 1476 v.Enthyp{n-on.

1307 1485 1331 1525 1.
1372 1495 1408 1523 c.
1479 1481 1651 1521 Prodiit
1694 1486 1838 1521 autem
1879 1486 2112 1522 accusator

1303 1541 1478 1581 nomine
1510 1545 1735 1592 poetarum
1759 1549 1783 1578 a
1803 1538 1991 1580 Socrate
2020 1540 2113 1578 vin·

1304 1599 1460 1638 dictam
1512 1601 1762 1645 sumturus,
1825 1596 1988 1649 quippe
2038 1597 2111 1648 qui

1304 1661 1459 1709 poetas
1490 1667 1662 1706 quoque
1697 1653 1823 1693 sicuti
1855 1654 1972 1694 viros
2003 1654 2108 1694 civi-

1305 1716 1368 1754 les
1399 1720 1442 1753 et
1484 1714 1664 1763 opifices
1705 1711 1902 1751 veritatis
1931 1711 2111 1752 scientia

1303 1784 1453 1812 carere
1471 1782 1656 1814 arguero
1670 1771 1972 1810 consuevisset
1984 1765 2111 1821 (ὑπὲρ

1304 1829 1478 1882 ποητιῦν
1496 1822 1781 1879 ἀχθόμενος).
1816 1826 1948 1868 Quod
1978 1840 2111 1880 quor-

1305 1900 1397 1927 sum
1434 1888 1670 1939 pertineat,
1712 1885 1845 1936 ipsius
1881 1885 2026 1926 Meleti
2075 1885 2111 1925 si

1304 1945 1416 1986 ratio
1463 1943 1665 1994 liabetur,
1707 1954 1794 1982 non
1839 1944 2015 1983 omnino
2058 1943 2108 1983 ii—

1304 2007 1420 2054 quet.
1480 2000 1588 2043 Nam
1621 2003 1801 2041 vocatur
1818 1998 1990 2052 quidem
2011 1997 2110 2042 Me-

1303 2061 1412 2101 letus
1462 2074 1485 2100 a
1531 2057 1770 2099 Scholiasta
1821 2056 1874 2098 ad
1915 2058 2107 2110 Apolog.

1304 2132 1342 2171 p.
1365 2117 1433 2161 18.
1462 2115 1703 2171 τραγῳδίας
1723 2115 1894 2168 φαῦλος
1914 2112 2108 2170 ποιητής,

1302 2188 1488 2228 quocum
1543 2175 1644 2229 facit
1696 2174 1824 2214 etiam
1868 2171 2012 2217 Schol.
2054 2174 2111 2214 ad

1306 2233 1588 2287 Aristoph.
1623 2231 1762 2274 Rann.
1790 2243 1828 2273 v.
1853 2230 1982 2274 1302.
2015 2234 2113 2274 coll.

1305 2289 1460 2331 Suid.
1493 2289 1546 2330 T.
1581 2290 1642 2330 ΙΙ.
1676 2303 1714 2342 p.
1747 2287 1846 2332 526.
1908 2287 1996 2329 Sed
2031 2290 2111 2330 du·

1303 2350 1417 2389 bium
1452 2361 1534 2389 non
1569 2354 1650 2398 est,
1683 2348 1780 2400 quin
1814 2347 1870 2387 iili
1902 2346 2108 2387 Meletum

1303 2410 1448 2447 aetate
1472 2406 1696 2447 maiorem.
1720 2404 1790 2457 qui
1811 2404 1925 2456 apud
1945 2404 2108 2445 Aristo·

1302 2464 1482 2516 phanem
1516 2464 1773 2515 exagitatur,
1805 2466 1971 2503 temere
2004 2474 2109 2502 con-

1301 2520 1490 2561 fuderint
1543 2532 1637 2560 cum
1699 2518 1863 2559 Meieto
1912 2519 2108 2560 Socratis

1302 2586 1576 2619 accusatore.
1630 2577 1834 2627 Arguitur
1866 2577 1976 2618 enim
2011 2577 2106 2618 Eu-

1301 2633 1460 2688 ripides
1474 2635 1584 2687 apud
1602 2632 1930 2687 Aristophanem
1943 2635 2104 2687 (Rsnn.

1302 2706 1338 2731 v.
1381 2692 1532 2745 1337.)
1571 2706 1596 2733 a
1639 2691 1801 2733 Meleto
1838 2704 1923 2732 non
1965 2705 2105 2746 pauca

1301 2751 1511 2792 sumsisse
1544 2755 1708 2792 mutua.
1770 2749 1899 2791 Quod
1920 2750 2013 2802 quis
2037 2755 2106 2791 est

1299 2809 1372 2860 qui
1405 2808 1482 2849 sibi
1515 2807 1778 2860 persuadeat
1817 2808 1857 2847 in
1894 2807 2104 2849 Maletum

1299 2866 1424 2907 istum
1465 2867 1718 2914 convenire,
1758 2866 1828 2919 qui
1870 2877 1956 2917 quo
1988 2869 2101 2908 tem-

1299 2937 1406 2975 pore
1427 2923 1635 2964 Socrates
1663 2924 1703 2964 in
1736 2922 1936 2964 iudicium
1971 2935 2102 2965 voca·

1298 2987 1367 3022 tus
1407 2987 1496 3034 est,
1549 2995 1686 3035 prope
1736 2981 1875 3023 adhuc
1925 2979 2102 3022 adoles-

1297 3040 1492 3080 centulus
1524 3039 1603 3080 fuit
1635 3038 1835 3081 necdum
1857 3038 1988 3090 vulgo
2020 3051 2100 3080 no-

1296 3096 1398 3137 tus?
1457 3097 1613 3150 Itaque
1657 3101 1816 3150 sponte
1847 3095 2099 3148 intelligitur

1296 3155 1334 3195 in
1381 3153 1443 3195 his
1483 3154 1749 3196 Sciioiiastas
1793 3152 1990 3194 diversos
2021 3152 2099 3195 ho-

1294 3212 1447 3263 mines,
1480 3214 1578 3266 quia
1601 3213 1773 3253 suerunt
1798 3211 2098 3264 cognomines,

1294 3272 1406 3311 maio
1439 3284 1587 3313 errore
1626 3267 1887 3311 confudisse.
1947 3270 2097 3321 Atque

1292 3326 1405 3368 idem
1446 3329 1574 3382 piane
1613 3328 1742 3369 etiam
1788 3326 1873 3366 alio
1922 3327 2095 3368 nominc

1290 3384 1348 3426 ita
1381 3385 1542 3428 factum
1585 3390 1666 3428 est.
1727 3383 1940 3425 Pntarunt
1984 3384 2095 3426 enim
