<?xml version="1.0" encoding="UTF-8"?>
<!DOCTYPE html PUBLIC "-//W3C//DTD XHTML 1.0 Transitional//EN"
    "http://www.w3.org/TR/xhtml1/DTD/xhtml1-transitional.dtd">
<html xmlns="http://www.w3.org/1999/xhtml" xml:lang="en" lang="en">
 <head>
  <title>
</title>
<meta http-equiv="Content-Type" content="text/html;charset=utf-8" />
  <meta name='ocr-system' content='tesseract 3.04.00' />
  <meta name='ocr-capabilities' content='ocr_page ocr_carea ocr_par ocr_line ocrx_word'/>
</head>
<body>
  <div class='ocr_page' id='page_1' title='image "./operaomniarecens01platuoft/operaomniarecens01platuoft_0217.png"; bbox 0 0 2158 3718; ppageno 0'>
   <div class='ocr_carea' id='block_1_1' title="bbox 74 490 347 558">
    <p class='ocr_par' dir='ltr' id='par_1_1' title="bbox 74 490 347 558">
     <span class='ocr_line' id='line_1_1' title="bbox 74 490 347 558; baseline -0.011 -9"><span class='ocrx_word' id='word_1_1' title='bbox 74 490 80 499; x_wconf 33' lang='lat'><strong>‘¹</strong></span> <span class='ocrx_word' id='word_1_2' title='bbox 153 514 264 558; x_wconf 84' lang='grc' dir='ltr'><em>νος,</em></span> <span class='ocrx_word' id='word_1_3' title='bbox 307 514 347 546; x_wconf 91' lang='grc' dir='ltr'>ω</span> 
     </span>
    </p>
   </div>
   <div class='ocr_carea' id='block_1_2' title="bbox 389 169 1597 230">
    <p class='ocr_par' dir='ltr' id='par_1_2' title="bbox 389 169 1597 230">
     <span class='ocr_line' id='line_1_2' title="bbox 389 169 1597 230; baseline -0.005 0"><span class='ocrx_word' id='word_1_4' title='bbox 389 174 803 230; x_wconf 83' lang='lat' dir='ltr'>APOLOGIA</span> <span class='ocrx_word' id='word_1_5' title='bbox 843 171 1246 229; x_wconf 80' lang='lat' dir='ltr'><strong>SOCRATIS.</strong></span> <span class='ocrx_word' id='word_1_6' title='bbox 1286 172 1349 226; x_wconf 91' lang='lat' dir='ltr'><strong>P.</strong></span> <span class='ocrx_word' id='word_1_7' title='bbox 1392 175 1473 225; x_wconf 75' lang='lat'><strong>34.</strong></span> <span class='ocrx_word' id='word_1_8' title='bbox 1517 169 1597 225; x_wconf 77' lang='lat' dir='ltr'><strong>St.</strong></span> 
     </span>
    </p>
   </div>
   <div class='ocr_carea' id='block_1_3' title="bbox 1750 173 1850 224">
    <p class='ocr_par' dir='ltr' id='par_1_3' title="bbox 1750 173 1850 224">
     <span class='ocr_line' id='line_1_3' title="bbox 1750 173 1850 224; baseline 0 -1"><span class='ocrx_word' id='word_1_9' title='bbox 1750 173 1850 224; x_wconf 81' lang='lat'><strong>139</strong></span> 
     </span>
    </p>
   </div>
   <div class='ocr_carea' id='block_1_4' title="bbox 151 318 1853 475">
    <p class='ocr_par' dir='ltr' id='par_1_4' title="bbox 151 318 1853 475">
     <span class='ocr_line' id='line_1_4' title="bbox 151 318 1853 396; baseline -0.006 -16"><span class='ocrx_word' id='word_1_10' title='bbox 151 327 312 396; x_wconf 84' lang='grc' dir='ltr'><em>δεῦρο</em></span> <span class='ocrx_word' id='word_1_11' title='bbox 355 321 846 395; x_wconf 75' lang='grc' dir='ltr'><em>ἀναβιβασάμενος</em></span> <span class='ocrx_word' id='word_1_12' title='bbox 869 319 1134 391; x_wconf 86' lang='grc' dir='ltr'><em>δεήσομαι</em></span> <span class='ocrx_word' id='word_1_13' title='bbox 1155 318 1311 390; x_wconf 82' lang='grc' dir='ltr'><em>ὑμῶν</em></span> <span class='ocrx_word' id='word_1_14' title='bbox 1340 318 1853 395; x_wconf 75' lang='grc' dir='ltr'><em>ἀποψηφίσασθαι.</em></span> 
     </span>
     <span class='ocr_line' id='line_1_5' title="bbox 159 399 1852 475; baseline -0.005 -13"><span class='ocrx_word' id='word_1_15' title='bbox 159 413 226 464; x_wconf 85' lang='grc' dir='ltr'><strong>Τί</strong></span> <span class='ocrx_word' id='word_1_16' title='bbox 269 404 336 475; x_wconf 83' lang='grc' dir='ltr'><strong>δὴ</strong></span> <span class='ocrx_word' id='word_1_17' title='bbox 381 399 482 463; x_wconf 73' lang='grc' dir='ltr'><em>οὖν</em></span> <span class='ocrx_word' id='word_1_18' title='bbox 527 407 691 463; x_wconf 80' lang='grc' dir='ltr'><em>οὐδὲν</em></span> <span class='ocrx_word' id='word_1_19' title='bbox 735 405 950 461; x_wconf 82' lang='grc' dir='ltr'><em>τούτων</em></span> <span class='ocrx_word' id='word_1_20' title='bbox 991 404 1235 471; x_wconf 77' lang='grc' dir='ltr'><em>ποιήσως</em></span> <span class='ocrx_word' id='word_1_21' title='bbox 1308 402 1422 458; x_wconf 83' lang='grc' dir='ltr'><strong>Οὐκ</strong></span> <span class='ocrx_word' id='word_1_22' title='bbox 1466 399 1852 471; x_wconf 75' lang='grc' dir='ltr'><em>αὐθαδιζόμε-</em></span> 
     </span>
    </p>
   </div>
   <div class='ocr_carea' id='block_1_5' title="bbox 322 485 346 508">
    <p class='ocr_par' dir='ltr' id='par_1_5' title="bbox 322 485 346 508">
     <span class='ocr_line' id='line_1_6' title="bbox 322 485 346 508; baseline 0 0"><span class='ocrx_word' id='word_1_23' title='bbox 322 485 346 508; x_wconf 78' lang='lat'><strong>&#39;5&#39;</strong></span> 
     </span>
    </p>
   </div>
   <div class='ocr_carea' id='block_1_6' title="bbox 399 462 1958 562">
    <p class='ocr_par' dir='ltr' id='par_1_6' title="bbox 399 462 1958 562">
     <span class='ocr_line' id='line_1_7' title="bbox 399 462 1958 562; baseline -0.005 -17"><span class='ocrx_word' id='word_1_24' title='bbox 399 487 598 562; x_wconf 78' lang='grc' dir='ltr'><em>ἄνδρες</em></span> <span class='ocrx_word' id='word_1_25' title='bbox 635 490 956 558; x_wconf 79' lang='grc' dir='ltr'><em>Ἀθηναῖοι,</em></span> <span class='ocrx_word' id='word_1_26' title='bbox 1000 488 1122 544; x_wconf 80' lang='grc' dir='ltr'><em>οὐδ’</em></span> <span class='ocrx_word' id='word_1_27' title='bbox 1172 486 1320 560; x_wconf 80' lang='grc' dir='ltr'><em>ὑμᾶς</em></span> <span class='ocrx_word' id='word_1_28' title='bbox 1366 486 1681 557; x_wconf 74' lang='grc' dir='ltr'><em>ἀτιμάζων·</em></span> <span class='ocrx_word' id='word_1_29' title='bbox 1727 482 1844 539; x_wconf 68' lang='grc' dir='ltr'><em>’ἀλλ’</em></span> <span class='ocrx_word' id='word_1_30' title='bbox 1909 462 1958 516; x_wconf 80' lang='lat' dir='ltr'><strong>E</strong></span> 
     </span>
    </p>
   </div>
   <div class='ocr_carea' id='block_1_7' title="bbox 153 567 1860 1068">
    <p class='ocr_par' dir='ltr' id='par_1_7' title="bbox 153 567 1860 1068">
     <span class='ocr_line' id='line_1_8' title="bbox 153 567 1852 651; baseline -0.005 -20"><span class='ocrx_word' id='word_1_31' title='bbox 153 583 199 632; x_wconf 84' lang='grc' dir='ltr'><strong>εὶ</strong></span> <span class='ocrx_word' id='word_1_32' title='bbox 240 579 340 648; x_wconf 79' lang='grc' dir='ltr'><em>μὲν</em></span> <span class='ocrx_word' id='word_1_33' title='bbox 386 575 719 651; x_wconf 77' lang='grc' dir='ltr'><em>θαρῥαλέως</em></span> <span class='ocrx_word' id='word_1_34' title='bbox 763 572 862 645; x_wconf 78' lang='grc' dir='ltr'><strong>ἐγώ</strong></span> <span class='ocrx_word' id='word_1_35' title='bbox 913 578 1011 645; x_wconf 76' lang='grc' dir='ltr'><strong>ἔχω</strong></span> <span class='ocrx_word' id='word_1_36' title='bbox 1057 571 1197 645; x_wconf 76' lang='grc' dir='ltr'><strong><em>πρὸς</em></strong></span> <span class='ocrx_word' id='word_1_37' title='bbox 1234 570 1503 627; x_wconf 73' lang='grc' dir='ltr'><em>θάνατον</em></span> <span class='ocrx_word' id='word_1_38' title='bbox 1543 569 1576 636; x_wconf 80' lang='grc' dir='ltr'>ἢ</span> <span class='ocrx_word' id='word_1_39' title='bbox 1621 567 1717 639; x_wconf 86' lang='grc' dir='ltr'><strong>μή,</strong></span> <span class='ocrx_word' id='word_1_40' title='bbox 1753 568 1852 622; x_wconf 80' lang='grc' dir='ltr'><strong>ἄλ-</strong></span> 
     </span>
     <span class='ocr_line' id='line_1_9' title="bbox 153 651 1857 734; baseline -0.005 -19"><span class='ocrx_word' id='word_1_41' title='bbox 153 665 252 725; x_wconf 86' lang='grc' dir='ltr'><strong>λος</strong></span> <span class='ocrx_word' id='word_1_42' title='bbox 294 658 482 730; x_wconf 80' lang='grc' dir='ltr'><em>λόγος·</em></span> <span class='ocrx_word' id='word_1_43' title='bbox 530 658 671 734; x_wconf 78' lang='grc' dir='ltr'><strong><em>πρὸς</em></strong></span> <span class='ocrx_word' id='word_1_44' title='bbox 715 660 761 714; x_wconf 86' lang='grc' dir='ltr'><strong>δ’</strong></span> <span class='ocrx_word' id='word_1_45' title='bbox 819 651 920 715; x_wconf 81' lang='grc' dir='ltr'><em>οὗν</em></span> <span class='ocrx_word' id='word_1_46' title='bbox 964 656 1134 724; x_wconf 78' lang='grc' dir='ltr'><em>δόξαν</em></span> <span class='ocrx_word' id='word_1_47' title='bbox 1177 661 1268 712; x_wconf 86' lang='grc' dir='ltr'><strong>καὶ</strong></span> <span class='ocrx_word' id='word_1_48' title='bbox 1313 659 1433 727; x_wconf 82' lang='grc' dir='ltr'><em>ἐμοὶ</em></span> <span class='ocrx_word' id='word_1_49' title='bbox 1478 658 1570 710; x_wconf 86' lang='grc' dir='ltr'><strong>καὶ</strong></span> <span class='ocrx_word' id='word_1_50' title='bbox 1598 651 1732 724; x_wconf 82' lang='grc' dir='ltr'><em>ὑμῖν</em></span> <span class='ocrx_word' id='word_1_51' title='bbox 1763 656 1857 706; x_wconf 83' lang='grc' dir='ltr'><strong>καὶ</strong></span> 
     </span>
     <span class='ocr_line' id='line_1_10' title="bbox 155 734 1856 822; baseline -0.006 -21"><span class='ocrx_word' id='word_1_52' title='bbox 155 743 257 822; x_wconf 81' lang='grc' dir='ltr'><strong>ὅλῃ</strong></span> <span class='ocrx_word' id='word_1_53' title='bbox 317 748 383 821; x_wconf 79' lang='grc' dir='ltr'><strong>τῇ</strong></span> <span class='ocrx_word' id='word_1_54' title='bbox 445 744 601 800; x_wconf 87' lang='grc' dir='ltr'><em>πόλει</em></span> <span class='ocrx_word' id='word_1_55' title='bbox 646 743 713 800; x_wconf 79' lang='grc' dir='ltr'><strong>οὕ</strong></span> <span class='ocrx_word' id='word_1_56' title='bbox 770 766 866 814; x_wconf 83' lang='grc' dir='ltr'><strong>μοι</strong></span> <span class='ocrx_word' id='word_1_57' title='bbox 912 746 1062 798; x_wconf 86' lang='grc' dir='ltr'><em>δοκεῖ</em></span> <span class='ocrx_word' id='word_1_58' title='bbox 1107 741 1279 796; x_wconf 84' lang='grc' dir='ltr'><em>καλὸν</em></span> <span class='ocrx_word' id='word_1_59' title='bbox 1324 741 1463 796; x_wconf 86' lang='grc' dir='ltr'><em>εἶναι</em></span> <span class='ocrx_word' id='word_1_60' title='bbox 1507 742 1597 810; x_wconf 75' lang='grc' dir='ltr'><strong>ἐμὲ</strong></span> <span class='ocrx_word' id='word_1_61' title='bbox 1641 734 1856 810; x_wconf 78' lang='grc' dir='ltr'><em>τούτων</em></span> 
     </span>
     <span class='ocr_line' id='line_1_11' title="bbox 157 820 1855 896; baseline -0.006 -11"><span class='ocrx_word' id='word_1_62' title='bbox 157 829 320 884; x_wconf 81' lang='grc' dir='ltr'><em>οὐδὲν</em></span> <span class='ocrx_word' id='word_1_63' title='bbox 364 841 544 885; x_wconf 82' lang='grc' dir='ltr'><strong><em>ποιεῖν</em></strong></span> <span class='ocrx_word' id='word_1_64' title='bbox 585 833 680 884; x_wconf 84' lang='grc' dir='ltr'><strong>καὶ</strong></span> <span class='ocrx_word' id='word_1_65' title='bbox 722 828 1004 896; x_wconf 83' lang='grc' dir='ltr'><em>τηλικόνδε</em></span> <span class='ocrx_word' id='word_1_66' title='bbox 1052 824 1194 882; x_wconf 81' lang='grc' dir='ltr'><em>ὄντα</em></span> <span class='ocrx_word' id='word_1_67' title='bbox 1240 830 1333 880; x_wconf 86' lang='grc' dir='ltr'><strong>καὶ</strong></span> <span class='ocrx_word' id='word_1_68' title='bbox 1378 827 1552 880; x_wconf 82' lang='grc' dir='ltr'><em>τοῦτο</em></span> <span class='ocrx_word' id='word_1_69' title='bbox 1601 820 1855 892; x_wconf 76' lang='grc' dir='ltr'><em>τοῦνομα</em></span> 
     </span>
     <span class='ocr_line' id='line_1_12' title="bbox 156 899 1860 985; baseline -0.005 -15"><span class='ocrx_word' id='word_1_70' title='bbox 156 919 382 985; x_wconf 75' lang='grc' dir='ltr'><em>ἔχοντα,</em></span> <span class='ocrx_word' id='word_1_71' title='bbox 425 913 526 969; x_wconf 75' lang='grc' dir='ltr'><strong>εἴτ’</strong></span> <span class='ocrx_word' id='word_1_72' title='bbox 582 906 683 970; x_wconf 78' lang='grc' dir='ltr'><em>οὖν</em></span> <span class='ocrx_word' id='word_1_73' title='bbox 726 913 943 980; x_wconf 75' lang='grc' dir='ltr'><em>ἀληθὲς</em></span> <span class='ocrx_word' id='word_1_74' title='bbox 986 910 1082 965; x_wconf 80' lang='grc' dir='ltr'><strong>εἴτ’</strong></span> <span class='ocrx_word' id='word_1_75' title='bbox 1137 902 1239 965; x_wconf 79' lang='grc' dir='ltr'><em>οὖν</em></span> <span class='ocrx_word' id='word_1_76' title='bbox 1284 912 1529 985; x_wconf 70' lang='grc' dir='ltr'><em>ψεῦδος·</em></span> <span class='ocrx_word' id='word_1_77' title='bbox 1575 903 1707 961; x_wconf 77' lang='grc' dir='ltr'><em>ἀλλ’</em></span> <span class='ocrx_word' id='word_1_78' title='bbox 1757 899 1860 962; x_wconf 78' lang='grc' dir='ltr'><em>οὖν</em></span> 
     </span>
     <span class='ocr_line' id='line_1_13' title="bbox 157 994 1859 1068; baseline -0.005 -14"><span class='ocrx_word' id='word_1_79' title='bbox 157 1002 487 1068; x_wconf 75' lang='grc' dir='ltr'><em>δεδογμένον</em></span> <span class='ocrx_word' id='word_1_80' title='bbox 529 1002 585 1067; x_wconf 78' lang='grc' dir='ltr'><strong>γέ</strong></span> <span class='ocrx_word' id='word_1_81' title='bbox 625 1001 740 1052; x_wconf 77' lang='grc' dir='ltr'><strong>ἐστὶ</strong></span> <span class='ocrx_word' id='word_1_82' title='bbox 797 995 895 1051; x_wconf 82' lang='grc' dir='ltr'><em>τὸν</em></span> <span class='ocrx_word' id='word_1_83' title='bbox 940 994 1223 1065; x_wconf 72' lang='grc' dir='ltr'><em>Σωκράτη</em></span> <span class='ocrx_word' id='word_1_84' title='bbox 1271 998 1550 1067; x_wconf 79' lang='grc' dir='ltr'><em>διαφέρειν</em></span> <span class='ocrx_word' id='word_1_85' title='bbox 1593 994 1702 1045; x_wconf 82' lang='grc' dir='ltr'><em>τινὶ</em></span> <span class='ocrx_word' id='word_1_86' title='bbox 1747 995 1859 1045; x_wconf 83' lang='grc' dir='ltr'><em>τῶν</em></span> 
     </span>
    </p>
   </div>
   <div class='ocr_carea' id='block_1_8' title="bbox 159 1071 1965 1152">
    <p class='ocr_par' dir='ltr' id='par_1_8' title="bbox 159 1071 1965 1152">
     <span class='ocr_line' id='line_1_14' title="bbox 159 1071 1965 1152; baseline -0.004 -15"><span class='ocrx_word' id='word_1_87' title='bbox 159 1085 379 1137; x_wconf 80' lang='grc' dir='ltr'><em>πολλῶν</em></span> <span class='ocrx_word' id='word_1_88' title='bbox 420 1081 768 1152; x_wconf 77' lang='grc' dir='ltr'><em>ἀνθρώπων.</em></span> <span class='ocrx_word' id='word_1_89' title='bbox 812 1086 858 1135; x_wconf 84' lang='grc' dir='ltr'><strong>εὶ</strong></span> <span class='ocrx_word' id='word_1_90' title='bbox 906 1071 1008 1135; x_wconf 78' lang='grc' dir='ltr'><em>οὖν</em></span> <span class='ocrx_word' id='word_1_91' title='bbox 1052 1080 1208 1148; x_wconf 77' lang='grc' dir='ltr'><em>υμῶν</em></span> <span class='ocrx_word' id='word_1_92' title='bbox 1252 1082 1304 1132; x_wconf 82' lang='grc' dir='ltr'><strong>οἱ</strong></span> <span class='ocrx_word' id='word_1_93' title='bbox 1348 1079 1651 1139; x_wconf 83' lang='grc' dir='ltr'><em>δοκοῦντες</em></span> <span class='ocrx_word' id='word_1_94' title='bbox 1673 1078 1862 1149; x_wconf 77' lang='grc' dir='ltr'><em>διαφέ-</em></span> <span class='ocrx_word' id='word_1_95' title='bbox 1897 1077 1965 1130; x_wconf 85' lang='grc'><strong>35</strong></span> 
     </span>
    </p>
   </div>
   <div class='ocr_carea' id='block_1_9' title="bbox 159 1291 1862 1410">
    <p class='ocr_par' dir='ltr' id='par_1_9' title="bbox 159 1291 1862 1410">
     <span class='ocr_line' id='line_1_15' title="bbox 159 1291 1862 1355; baseline -0.002 -12"><span class='ocrx_word' id='word_1_96' title='bbox 159 1300 384 1354; x_wconf 82' lang='lat' dir='ltr'><strong>Phrynich.</strong></span> <span class='ocrx_word' id='word_1_97' title='bbox 431 1307 474 1343; x_wconf 90' lang='lat' dir='ltr'><strong>et</strong></span> <span class='ocrx_word' id='word_1_98' title='bbox 515 1303 623 1343; x_wconf 85' lang='lat' dir='ltr'><strong>Lob.</strong></span> <span class='ocrx_word' id='word_1_99' title='bbox 664 1318 704 1355; x_wconf 86' lang='lat' dir='ltr'><strong>p.</strong></span> <span class='ocrx_word' id='word_1_100' title='bbox 734 1303 804 1347; x_wconf 90' lang='lat'><strong>66.</strong></span> <span class='ocrx_word' id='word_1_101' title='bbox 845 1301 1004 1343; x_wconf 76' lang='lat' dir='ltr'><strong>Thon..</strong></span> <span class='ocrx_word' id='word_1_102' title='bbox 1038 1299 1098 1341; x_wconf 92' lang='lat' dir='ltr'><strong>M.</strong></span> <span class='ocrx_word' id='word_1_103' title='bbox 1131 1314 1172 1354; x_wconf 90' lang='lat' dir='ltr'><strong>p.</strong></span> <span class='ocrx_word' id='word_1_104' title='bbox 1206 1297 1264 1342; x_wconf 72' lang='lat'><strong>84</strong></span> <span class='ocrx_word' id='word_1_105' title='bbox 1293 1311 1361 1350; x_wconf 88' lang='lat' dir='ltr'><strong>sq.</strong></span> <span class='ocrx_word' id='word_1_106' title='bbox 1424 1298 1469 1338; x_wconf 88' lang='lat' dir='ltr'><strong>ln</strong></span> <span class='ocrx_word' id='word_1_107' title='bbox 1514 1291 1551 1337; x_wconf 67' lang='grc' dir='ltr'><em>ὦ</em></span> <span class='ocrx_word' id='word_1_108' title='bbox 1578 1297 1731 1353; x_wconf 74' lang='grc' dir='ltr'><em>ἄνδρες</em></span> <span class='ocrx_word' id='word_1_109' title='bbox 1757 1297 1862 1340; x_wconf 76' lang='grc' dir='ltr'><strong>Ἀθ.</strong></span> 
     </span>
     <span class='ocr_line' id='line_1_16' title="bbox 159 1354 1622 1410; baseline -0.005 -9"><span class='ocrx_word' id='word_1_110' title='bbox 159 1372 308 1401; x_wconf 88' lang='lat' dir='ltr'><strong>rursus</strong></span> <span class='ocrx_word' id='word_1_111' title='bbox 343 1372 428 1402; x_wconf 92' lang='lat' dir='ltr'><strong>om.</strong></span> <span class='ocrx_word' id='word_1_112' title='bbox 458 1358 606 1410; x_wconf 68' lang='grc' dir='ltr'><em>ἄνδρες</em></span> <span class='ocrx_word' id='word_1_113' title='bbox 631 1362 744 1402; x_wconf 75' lang='lat' dir='ltr'><strong>Ven-</strong></span> <span class='ocrx_word' id='word_1_114' title='bbox 775 1361 815 1403; x_wconf 92' lang='lat' dir='ltr'><strong>b.</strong></span> <span class='ocrx_word' id='word_1_115' title='bbox 848 1365 893 1402; x_wconf 92' lang='lat' dir='ltr'><strong>et</strong></span> <span class='ocrx_word' id='word_1_116' title='bbox 922 1357 1052 1400; x_wconf 88' lang='lat' dir='ltr'><strong>Viud.</strong></span> <span class='ocrx_word' id='word_1_117' title='bbox 1084 1358 1127 1402; x_wconf 88' lang='grc'><strong>6.</strong></span> <span class='ocrx_word' id='word_1_118' title='bbox 1161 1356 1276 1397; x_wconf 83' lang='lat' dir='ltr'><strong>conf.</strong></span> <span class='ocrx_word' id='word_1_119' title='bbox 1309 1355 1362 1395; x_wconf 80' lang='lat' dir='ltr'><strong>ad</strong></span> <span class='ocrx_word' id='word_1_120' title='bbox 1396 1369 1436 1408; x_wconf 84' lang='lat' dir='ltr'><strong>p.</strong></span> <span class='ocrx_word' id='word_1_121' title='bbox 1466 1354 1539 1398; x_wconf 82' lang='lat'><strong>32.</strong></span> <span class='ocrx_word' id='word_1_122' title='bbox 1571 1355 1622 1396; x_wconf 89' lang='grc' dir='ltr'><strong>Β.</strong></span> 
     </span>
    </p>
   </div>
   <div class='ocr_carea' id='block_1_10' title="bbox 277 1417 925 1475">
    <p class='ocr_par' dir='ltr' id='par_1_10' title="bbox 277 1417 925 1475">
     <span class='ocr_line' id='line_1_17' title="bbox 277 1417 925 1475; baseline -0.003 -17"><span class='ocrx_word' id='word_1_123' title='bbox 277 1417 328 1458; x_wconf 85' lang='grc' dir='ltr'><strong>Ε.</strong></span> <span class='ocrx_word' id='word_1_124' title='bbox 391 1417 483 1455; x_wconf 76' lang='grc' dir='ltr'><strong>καὶ</strong></span> <span class='ocrx_word' id='word_1_125' title='bbox 517 1417 614 1475; x_wconf 76' lang='grc' dir='ltr'><strong>δ’λῃ</strong></span> <span class='ocrx_word' id='word_1_126' title='bbox 645 1423 704 1470; x_wconf 82' lang='grc' dir='ltr'><strong>τῇ</strong></span> <span class='ocrx_word' id='word_1_127' title='bbox 737 1417 925 1469; x_wconf 81' lang='grc' dir='ltr'><em>πόλει]</em></span> 
     </span>
    </p>
   </div>
   <div class='ocr_carea' id='block_1_11' title="bbox 972 1411 1859 1468">
    <p class='ocr_par' dir='ltr' id='par_1_11' title="bbox 972 1411 1859 1468">
     <span class='ocr_line' id='line_1_18' title="bbox 972 1411 1859 1468; baseline -0.001 -12"><span class='ocrx_word' id='word_1_128' title='bbox 972 1416 1020 1457; x_wconf 92' lang='lat' dir='ltr'><strong>V.</strong></span> <span class='ocrx_word' id='word_1_129' title='bbox 1051 1415 1121 1455; x_wconf 85' lang='grc' dir='ltr'><strong>καὶ</strong></span> <span class='ocrx_word' id='word_1_130' title='bbox 1153 1413 1262 1461; x_wconf 69' lang='grc' dir='ltr'><strong>ὅλως</strong></span> <span class='ocrx_word' id='word_1_131' title='bbox 1293 1417 1346 1468; x_wconf 78' lang='grc' dir='ltr'><strong>τῇ</strong></span> <span class='ocrx_word' id='word_1_132' title='bbox 1378 1411 1521 1464; x_wconf 81' lang='grc' dir='ltr'><em>πόλει,</em></span> <span class='ocrx_word' id='word_1_133' title='bbox 1556 1413 1676 1466; x_wconf 90' lang='lat' dir='ltr'><strong>quod</strong></span> <span class='ocrx_word' id='word_1_134' title='bbox 1708 1426 1859 1455; x_wconf 89' lang='lat' dir='ltr'><strong>corre-</strong></span> 
     </span>
    </p>
   </div>
   <div class='ocr_carea' id='block_1_12' title="bbox 160 1471 1861 1590">
    <p class='ocr_par' dir='ltr' id='par_1_12' title="bbox 160 1471 1861 1590">
     <span class='ocr_line' id='line_1_19' title="bbox 160 1471 1728 1525; baseline -0.004 -9"><span class='ocrx_word' id='word_1_135' title='bbox 160 1479 275 1517; x_wconf 90' lang='lat' dir='ltr'><strong>ctum</strong></span> <span class='ocrx_word' id='word_1_136' title='bbox 308 1488 333 1516; x_wconf 89' lang='lat' dir='ltr'><strong>e</strong></span> <span class='ocrx_word' id='word_1_137' title='bbox 362 1474 488 1515; x_wconf 91' lang='lat' dir='ltr'><strong>Bodl.</strong></span> <span class='ocrx_word' id='word_1_138' title='bbox 518 1477 622 1519; x_wconf 85' lang='lat' dir='ltr'><strong>Vat.</strong></span> <span class='ocrx_word' id='word_1_139' title='bbox 651 1477 763 1520; x_wconf 88' lang='lat' dir='ltr'><strong>Ven.</strong></span> <span class='ocrx_word' id='word_1_140' title='bbox 796 1476 836 1516; x_wconf 93' lang='lat' dir='ltr'><strong>b.</strong></span> <span class='ocrx_word' id='word_1_141' title='bbox 869 1474 1001 1516; x_wconf 74' lang='lat' dir='ltr'><strong>Vinci.</strong></span> <span class='ocrx_word' id='word_1_142' title='bbox 1031 1474 1072 1517; x_wconf 88' lang='lat'><strong>1.</strong></span> <span class='ocrx_word' id='word_1_143' title='bbox 1102 1473 1143 1517; x_wconf 88' lang='lat'><strong>3.</strong></span> <span class='ocrx_word' id='word_1_144' title='bbox 1175 1471 1216 1515; x_wconf 89' lang='lat'><strong>4.</strong></span> <span class='ocrx_word' id='word_1_145' title='bbox 1246 1471 1287 1515; x_wconf 88' lang='lat'><strong>6.</strong></span> <span class='ocrx_word' id='word_1_146' title='bbox 1320 1475 1364 1511; x_wconf 85' lang='lat' dir='ltr'><strong>et</strong></span> <span class='ocrx_word' id='word_1_147' title='bbox 1395 1471 1486 1511; x_wconf 78' lang='lat' dir='ltr'><strong>aliis</strong></span> <span class='ocrx_word' id='word_1_148' title='bbox 1520 1471 1728 1525; x_wconf 77' lang='lat' dir='ltr'><strong>plurimis,</strong></span> 
     </span>
     <span class='ocr_line' id='line_1_20' title="bbox 279 1528 1861 1590; baseline -0.003 -18"><span class='ocrx_word' id='word_1_149' title='bbox 279 1531 376 1573; x_wconf 77' lang='grc' dir='ltr'><strong>τὸν</strong></span> <span class='ocrx_word' id='word_1_150' title='bbox 422 1531 686 1590; x_wconf 72' lang='grc' dir='ltr'><em>Σωκράτη</em></span> <span class='ocrx_word' id='word_1_151' title='bbox 739 1532 1058 1587; x_wconf 74' lang='grc' dir='ltr'><em>διαφέρειν]</em></span> <span class='ocrx_word' id='word_1_152' title='bbox 1111 1535 1170 1585; x_wconf 77' lang='grc' dir='ltr'><strong>τῷ</strong></span> <span class='ocrx_word' id='word_1_153' title='bbox 1222 1528 1348 1570; x_wconf 81' lang='lat' dir='ltr'><strong>Bodl.</strong></span> <span class='ocrx_word' id='word_1_154' title='bbox 1391 1529 1489 1572; x_wconf 83' lang='lat' dir='ltr'><strong>Par.</strong></span> <span class='ocrx_word' id='word_1_155' title='bbox 1536 1531 1583 1569; x_wconf 86' lang='lat' dir='ltr'><strong>A.</strong></span> <span class='ocrx_word' id='word_1_156' title='bbox 1618 1529 1669 1570; x_wconf 90' lang='lat' dir='ltr'><strong>D.</strong></span> <span class='ocrx_word' id='word_1_157' title='bbox 1703 1528 1757 1569; x_wconf 87' lang='grc' dir='ltr'><strong>Τ.</strong></span> <span class='ocrx_word' id='word_1_158' title='bbox 1802 1533 1861 1584; x_wconf 78' lang='grc' dir='ltr'><strong>τῷ</strong></span> 
     </span>
    </p>
   </div>
   <div class='ocr_carea' id='block_1_13' title="bbox 162 1588 907 1645">
    <p class='ocr_par' dir='ltr' id='par_1_13' title="bbox 162 1588 907 1645">
     <span class='ocr_line' id='line_1_21' title="bbox 162 1588 907 1645; baseline -0.004 -12"><span class='ocrx_word' id='word_1_159' title='bbox 162 1588 382 1645; x_wconf 74' lang='grc' dir='ltr'><strong>Σωκράτει</strong></span> <span class='ocrx_word' id='word_1_160' title='bbox 415 1590 540 1633; x_wconf 90' lang='lat' dir='ltr'><strong>Vind.</strong></span> <span class='ocrx_word' id='word_1_161' title='bbox 572 1592 614 1635; x_wconf 84' lang='lat'><strong>1.</strong></span> <span class='ocrx_word' id='word_1_162' title='bbox 645 1591 686 1635; x_wconf 88' lang='lat'><strong>4.</strong></span> <span class='ocrx_word' id='word_1_163' title='bbox 717 1591 837 1633; x_wconf 87' lang='lat' dir='ltr'><strong>Flor.</strong></span> <span class='ocrx_word' id='word_1_164' title='bbox 869 1589 907 1630; x_wconf 89' lang='lat' dir='ltr'><strong>h.</strong></span> 
     </span>
    </p>
   </div>
   <div class='ocr_carea' id='block_1_14' title="bbox 978 1585 1863 1631">
    <p class='ocr_par' dir='ltr' id='par_1_14' title="bbox 978 1585 1863 1631">
     <span class='ocr_line' id='line_1_22' title="bbox 978 1585 1863 1631; baseline -0.003 0"><span class='ocrx_word' id='word_1_165' title='bbox 978 1588 1067 1631; x_wconf 85' lang='lat' dir='ltr'><strong>Sed</strong></span> <span class='ocrx_word' id='word_1_166' title='bbox 1109 1588 1158 1629; x_wconf 78' lang='grc' dir='ltr'><strong>τὸ</strong></span> <span class='ocrx_word' id='word_1_167' title='bbox 1197 1587 1253 1627; x_wconf 88' lang='grc' dir='ltr'><strong>Σ.</strong></span> <span class='ocrx_word' id='word_1_168' title='bbox 1297 1586 1399 1628; x_wconf 82' lang='lat' dir='ltr'><strong>Ven.</strong></span> <span class='ocrx_word' id='word_1_169' title='bbox 1432 1585 1471 1629; x_wconf 90' lang='lat' dir='ltr'><strong>b.</strong></span> <span class='ocrx_word' id='word_1_170' title='bbox 1504 1586 1638 1628; x_wconf 80' lang='lat' dir='ltr'><strong>vind.</strong></span> <span class='ocrx_word' id='word_1_171' title='bbox 1670 1586 1711 1627; x_wconf 92' lang='lat' dir='ltr'><strong>b.</strong></span> <span class='ocrx_word' id='word_1_172' title='bbox 1742 1585 1863 1628; x_wconf 88' lang='lat' dir='ltr'><strong>Flor.</strong></span> 
     </span>
    </p>
   </div>
   <div class='ocr_carea' id='block_1_15' title="bbox 164 1645 1207 1702">
    <p class='ocr_par' dir='ltr' id='par_1_15' title="bbox 164 1645 1207 1702">
     <span class='ocr_line' id='line_1_23' title="bbox 164 1645 1207 1702; baseline -0.005 -11"><span class='ocrx_word' id='word_1_173' title='bbox 164 1652 205 1691; x_wconf 90' lang='lat' dir='ltr'><strong>b.</strong></span> <span class='ocrx_word' id='word_1_174' title='bbox 237 1654 284 1690; x_wconf 82' lang='lat' dir='ltr'><strong>ut</strong></span> <span class='ocrx_word' id='word_1_175' title='bbox 314 1660 453 1702; x_wconf 85' lang='lat' dir='ltr'>nuper</span> <span class='ocrx_word' id='word_1_176' title='bbox 484 1649 758 1692; x_wconf 55' lang='lat' dir='ltr'><strong>&#39;l&#39;uricensem</strong></span> <span class='ocrx_word' id='word_1_177' title='bbox 823 1648 984 1689; x_wconf 89' lang='lat' dir='ltr'><strong>Verum</strong></span> <span class='ocrx_word' id='word_1_178' title='bbox 1017 1652 1086 1688; x_wconf 87' lang='lat' dir='ltr'><strong>est</strong></span> <span class='ocrx_word' id='word_1_179' title='bbox 1115 1645 1207 1686; x_wconf 79' lang='grc' dir='ltr'><strong>τόν.</strong></span> 
     </span>
    </p>
   </div>
   <div class='ocr_carea' id='block_1_16' title="bbox 164 1816 983 3483">
    <p class='ocr_par' dir='ltr' id='par_1_16' title="bbox 164 1816 972 2273">
     <span class='ocr_line' id='line_1_24' title="bbox 164 1816 971 1873; baseline 0 -15"><span class='ocrx_word' id='word_1_180' title='bbox 164 1834 244 1872; x_wconf 80' lang='grc' dir='ltr'><strong>μαι</strong></span> <span class='ocrx_word' id='word_1_181' title='bbox 275 1818 479 1873; x_wconf 82' lang='lat' dir='ltr'>pertinet,</span> <span class='ocrx_word' id='word_1_182' title='bbox 512 1816 689 1871; x_wconf 88' lang='lat' dir='ltr'><strong>perinde</strong></span> <span class='ocrx_word' id='word_1_183' title='bbox 720 1831 770 1858; x_wconf 82' lang='lat' dir='ltr'><strong>ac</strong></span> <span class='ocrx_word' id='word_1_184' title='bbox 800 1820 834 1858; x_wconf 90' lang='lat' dir='ltr'><strong>si</strong></span> <span class='ocrx_word' id='word_1_185' title='bbox 869 1818 971 1858; x_wconf 88' lang='lat' dir='ltr'><strong>scri—</strong></span> 
     </span>
     <span class='ocr_line' id='line_1_25' title="bbox 167 1873 971 1930; baseline -0.007 -12"><span class='ocrx_word' id='word_1_186' title='bbox 167 1882 290 1930; x_wconf 72' lang='lat' dir='ltr'><strong>ptum</strong></span> <span class='ocrx_word' id='word_1_187' title='bbox 320 1877 400 1920; x_wconf 84' lang='lat' dir='ltr'><strong>sit:</strong></span> <span class='ocrx_word' id='word_1_188' title='bbox 443 1874 542 1915; x_wconf 64' lang='grc' dir='ltr'><strong>ἀλλ’</strong></span> <span class='ocrx_word' id='word_1_189' title='bbox 587 1873 705 1926; x_wconf 69' lang='grc' dir='ltr'><strong>ὅμως</strong></span> <span class='ocrx_word' id='word_1_190' title='bbox 734 1874 785 1914; x_wconf 78' lang='grc' dir='ltr'><strong>ου’</strong></span> <span class='ocrx_word' id='word_1_191' title='bbox 822 1874 971 1926; x_wconf 70' lang='grc' dir='ltr'><em>δεήσο-</em></span> 
     </span>
     <span class='ocr_line' id='line_1_26' title="bbox 165 1932 972 1988; baseline 0 -16"><span class='ocrx_word' id='word_1_192' title='bbox 165 1935 247 1988; x_wconf 76' lang='grc' dir='ltr'><strong>μαί</strong></span> <span class='ocrx_word' id='word_1_193' title='bbox 283 1932 381 1974; x_wconf 72' lang='grc' dir='ltr'><em>τινά</em></span> <span class='ocrx_word' id='word_1_194' title='bbox 424 1933 568 1973; x_wconf 74' lang='grc' dir='ltr'><em>αὐτῶν</em></span> <span class='ocrx_word' id='word_1_195' title='bbox 598 1949 633 1974; x_wconf 87' lang='grc' dir='ltr'><strong>κ.</strong></span> <span class='ocrx_word' id='word_1_196' title='bbox 667 1949 706 1975; x_wconf 83' lang='grc' dir='ltr'><strong>τ.</strong></span> <span class='ocrx_word' id='word_1_197' title='bbox 739 1932 777 1974; x_wconf 84' lang='grc' dir='ltr'><strong>λ.</strong></span> <span class='ocrx_word' id='word_1_198' title='bbox 838 1933 972 1974; x_wconf 68' lang='lat' dir='ltr'><strong>Cuius</strong></span> 
     </span>
     <span class='ocr_line' id='line_1_27' title="bbox 166 1990 972 2044; baseline -0.004 -11"><span class='ocrx_word' id='word_1_199' title='bbox 166 2005 270 2033; x_wconf 80' lang='lat' dir='ltr'><strong>usus</strong></span> <span class='ocrx_word' id='word_1_200' title='bbox 304 1993 501 2044; x_wconf 81' lang='lat' dir='ltr'><strong>exempla</strong></span> <span class='ocrx_word' id='word_1_201' title='bbox 535 1990 760 2031; x_wconf 82' lang='lat' dir='ltr'><strong>attulimus</strong></span> <span class='ocrx_word' id='word_1_202' title='bbox 793 1990 845 2032; x_wconf 86' lang='lat' dir='ltr'><strong>ad</strong></span> <span class='ocrx_word' id='word_1_203' title='bbox 872 1990 972 2032; x_wconf 86' lang='lat' dir='ltr'><strong>Phi-</strong></span> 
     </span>
     <span class='ocr_line' id='line_1_28' title="bbox 167 2047 972 2103; baseline -0.004 -12"><span class='ocrx_word' id='word_1_204' title='bbox 167 2051 252 2091; x_wconf 75' lang='lat' dir='ltr'><strong>leb.</strong></span> <span class='ocrx_word' id='word_1_205' title='bbox 283 2063 324 2103; x_wconf 87' lang='lat' dir='ltr'><strong>p.</strong></span> <span class='ocrx_word' id='word_1_206' title='bbox 349 2049 419 2093; x_wconf 82' lang='lat'><strong>17.</strong></span> <span class='ocrx_word' id='word_1_207' title='bbox 457 2048 702 2091; x_wconf 80' lang='lat' dir='ltr'><strong>B.:120.</strong></span> <span class='ocrx_word' id='word_1_208' title='bbox 736 2047 804 2091; x_wconf 89' lang='lat' dir='ltr'><strong>ed.</strong></span> <span class='ocrx_word' id='word_1_209' title='bbox 839 2047 972 2088; x_wconf 85' lang='lat' dir='ltr'><strong>Goth.</strong></span> 
     </span>
     <span class='ocr_line' id='line_1_29' title="bbox 168 2105 970 2160; baseline -0.005 -11"><span class='ocrx_word' id='word_1_210' title='bbox 168 2109 319 2160; x_wconf 80' lang='lat' dir='ltr'><strong>ltaque</strong></span> <span class='ocrx_word' id='word_1_211' title='bbox 353 2106 627 2158; x_wconf 76' lang='lat' dir='ltr'><strong>Hirschig.</strong></span> <span class='ocrx_word' id='word_1_212' title='bbox 671 2107 857 2154; x_wconf 75' lang='lat' dir='ltr'><strong>erravit,</strong></span> <span class='ocrx_word' id='word_1_213' title='bbox 900 2105 970 2157; x_wconf 88' lang='lat' dir='ltr'><strong>qui</strong></span> 
     </span>
     <span class='ocr_line' id='line_1_30' title="bbox 168 2162 968 2219; baseline -0.006 -13"><span class='ocrx_word' id='word_1_214' title='bbox 168 2178 303 2219; x_wconf 85' lang='lat' dir='ltr'>nuper</span> <span class='ocrx_word' id='word_1_215' title='bbox 343 2163 392 2204; x_wconf 79' lang='grc' dir='ltr'><strong>οὗ</strong></span> <span class='ocrx_word' id='word_1_216' title='bbox 436 2170 535 2204; x_wconf 81' lang='lat' dir='ltr'><strong>ante</strong></span> <span class='ocrx_word' id='word_1_217' title='bbox 574 2162 786 2216; x_wconf 71' lang='grc' dir='ltr'><em>δεήσομαι</em></span> <span class='ocrx_word' id='word_1_218' title='bbox 824 2163 968 2203; x_wconf 87' lang='lat' dir='ltr'><strong>invitis</strong></span> 
     </span>
     <span class='ocr_line' id='line_1_31' title="bbox 169 2221 833 2273; baseline -0.006 -9"><span class='ocrx_word' id='word_1_219' title='bbox 169 2223 297 2264; x_wconf 87' lang='lat' dir='ltr'><strong>codd.</strong></span> <span class='ocrx_word' id='word_1_220' title='bbox 332 2221 531 2263; x_wconf 85' lang='lat' dir='ltr'><strong>omnibus</strong></span> <span class='ocrx_word' id='word_1_221' title='bbox 562 2221 833 2273; x_wconf 62' lang='lat' dir='ltr'><strong>interposuit.</strong></span> 
     </span>
    </p>

    <p class='ocr_par' dir='ltr' id='par_1_17' title="bbox 169 2276 983 3483">
     <span class='ocr_line' id='line_1_32' title="bbox 227 2276 972 2331; baseline -0.007 -11"><span class='ocrx_word' id='word_1_222' title='bbox 227 2280 277 2320; x_wconf 81' lang='lat' dir='ltr'><strong>E.</strong></span> <span class='ocrx_word' id='word_1_223' title='bbox 348 2277 474 2326; x_wconf 37' lang='grc' dir='ltr'><em>,ἀλλ’</em></span> <span class='ocrx_word' id='word_1_224' title='bbox 525 2278 568 2318; x_wconf 75' lang='grc' dir='ltr'><strong>εὶ</strong></span> <span class='ocrx_word' id='word_1_225' title='bbox 612 2278 708 2331; x_wconf 66' lang='grc' dir='ltr'><em>μὲν</em></span> <span class='ocrx_word' id='word_1_226' title='bbox 761 2276 972 2331; x_wconf 48' lang='lat' dir='ltr'><strong>&amp;arigiu-</strong></span> 
     </span>
     <span class='ocr_line' id='line_1_33' title="bbox 169 2333 974 2388; baseline -0.004 -11"><span class='ocrx_word' id='word_1_227' title='bbox 169 2338 297 2384; x_wconf 82' lang='grc' dir='ltr'><em>λέως</em></span> <span class='ocrx_word' id='word_1_228' title='bbox 332 2336 418 2388; x_wconf 92' lang='lat'><strong>—]</strong></span> <span class='ocrx_word' id='word_1_229' title='bbox 470 2334 567 2376; x_wconf 85' lang='lat' dir='ltr'><strong>sed</strong></span> <span class='ocrx_word' id='word_1_230' title='bbox 612 2347 724 2376; x_wconf 88' lang='lat' dir='ltr'><strong>num</strong></span> <span class='ocrx_word' id='word_1_231' title='bbox 773 2333 974 2376; x_wconf 85' lang='lat' dir='ltr'><strong>fidenti</strong></span> 
     </span>
     <span class='ocr_line' id='line_1_34' title="bbox 171 2395 971 2444; baseline -0.006 -7"><span class='ocrx_word' id='word_1_232' title='bbox 171 2395 352 2437; x_wconf 84' lang='lat' dir='ltr'><strong>animo</strong></span> <span class='ocrx_word' id='word_1_233' title='bbox 403 2399 627 2440; x_wconf 86' lang='lat' dir='ltr'><strong>mortem</strong></span> <span class='ocrx_word' id='word_1_234' title='bbox 685 2398 971 2444; x_wconf 82' lang='lat' dir='ltr'>expectem</span> 
     </span>
     <span class='ocr_line' id='line_1_35' title="bbox 170 2450 976 2502; baseline -0.007 -7"><span class='ocrx_word' id='word_1_235' title='bbox 170 2465 373 2502; x_wconf 86' lang='lat' dir='ltr'><strong>necne,</strong></span> <span class='ocrx_word' id='word_1_236' title='bbox 419 2452 527 2492; x_wconf 79' lang='lat' dir='ltr'><strong>alin</strong></span> <span class='ocrx_word' id='word_1_237' title='bbox 579 2450 840 2502; x_wconf 80' lang='lat' dir='ltr'><strong>quaestio</strong></span> <span class='ocrx_word' id='word_1_238' title='bbox 896 2454 976 2490; x_wconf 87' lang='lat' dir='ltr'><strong>est</strong></span> 
     </span>
     <span class='ocr_line' id='line_1_36' title="bbox 171 2505 975 2566; baseline -0.006 -14"><span class='ocrx_word' id='word_1_239' title='bbox 171 2512 301 2566; x_wconf 83' lang='lat' dir='ltr'><strong>(quae</strong></span> <span class='ocrx_word' id='word_1_240' title='bbox 340 2509 392 2551; x_wconf 80' lang='lat' dir='ltr'><strong>ad</strong></span> <span class='ocrx_word' id='word_1_241' title='bbox 433 2521 522 2549; x_wconf 90' lang='lat' dir='ltr'><strong>rem</strong></span> <span class='ocrx_word' id='word_1_242' title='bbox 566 2513 844 2561; x_wconf 84' lang='lat' dir='ltr'>praesentem</span> <span class='ocrx_word' id='word_1_243' title='bbox 877 2505 975 2547; x_wconf 77' lang='lat' dir='ltr'><strong>nihil</strong></span> 
     </span>
     <span class='ocr_line' id='line_1_37' title="bbox 170 2563 976 2623; baseline -0.007 -13"><span class='ocrx_word' id='word_1_244' title='bbox 170 2567 408 2623; x_wconf 74' lang='lat' dir='ltr'><strong>pertinet);</strong></span> <span class='ocrx_word' id='word_1_245' title='bbox 449 2578 631 2607; x_wconf 87' lang='lat' dir='ltr'><strong>verum</strong></span> <span class='ocrx_word' id='word_1_246' title='bbox 665 2563 767 2617; x_wconf 83' lang='lat' dir='ltr'><strong>(hac</strong></span> <span class='ocrx_word' id='word_1_247' title='bbox 800 2578 846 2606; x_wconf 90' lang='lat' dir='ltr'><strong>re</strong></span> <span class='ocrx_word' id='word_1_248' title='bbox 877 2565 976 2605; x_wconf 88' lang='lat' dir='ltr'><strong>mis-</strong></span> 
     </span>
     <span class='ocr_line' id='line_1_38' title="bbox 173 2623 978 2678; baseline -0.007 -11"><span class='ocrx_word' id='word_1_249' title='bbox 173 2627 240 2678; x_wconf 80' lang='lat' dir='ltr'><strong>sa)</strong></span> <span class='ocrx_word' id='word_1_250' title='bbox 265 2624 328 2667; x_wconf 80' lang='lat' dir='ltr'><strong>ad</strong></span> <span class='ocrx_word' id='word_1_251' title='bbox 364 2623 833 2665; x_wconf 82' lang='lat' dir='ltr'><strong>existimationem</strong></span> <span class='ocrx_word' id='word_1_252' title='bbox 868 2635 978 2662; x_wconf 89' lang='lat' dir='ltr'><strong>cer-</strong></span> 
     </span>
     <span class='ocr_line' id='line_1_39' title="bbox 174 2684 979 2725; baseline -0.006 0"><span class='ocrx_word' id='word_1_253' title='bbox 174 2689 230 2725; x_wconf 91' lang='lat' dir='ltr'><strong>te</strong></span> <span class='ocrx_word' id='word_1_254' title='bbox 271 2687 324 2724; x_wconf 91' lang='lat' dir='ltr'><strong>et</strong></span> <span class='ocrx_word' id='word_1_255' title='bbox 352 2694 516 2723; x_wconf 84' lang='lat' dir='ltr'><strong>meam</strong></span> <span class='ocrx_word' id='word_1_256' title='bbox 560 2685 612 2721; x_wconf 92' lang='lat' dir='ltr'><strong>et</strong></span> <span class='ocrx_word' id='word_1_257' title='bbox 650 2687 892 2721; x_wconf 83' lang='lat' dir='ltr'><strong>vestram</strong></span> <span class='ocrx_word' id='word_1_258' title='bbox 926 2684 979 2722; x_wconf 88' lang='lat' dir='ltr'><strong>et</strong></span> 
     </span>
     <span class='ocr_line' id='line_1_40' title="bbox 175 2737 978 2782; baseline -0.006 0"><span class='ocrx_word' id='word_1_259' title='bbox 175 2740 351 2782; x_wconf 89' lang='lat' dir='ltr'><strong>totius</strong></span> <span class='ocrx_word' id='word_1_260' title='bbox 396 2739 650 2780; x_wconf 84' lang='lat' dir='ltr'><strong>civitatis</strong></span> <span class='ocrx_word' id='word_1_261' title='bbox 686 2750 791 2778; x_wconf 90' lang='lat' dir='ltr'><strong>non</strong></span> <span class='ocrx_word' id='word_1_262' title='bbox 825 2737 978 2778; x_wconf 88' lang='lat' dir='ltr'><strong>dece-</strong></span> 
     </span>
     <span class='ocr_line' id='line_1_41' title="bbox 176 2795 977 2840; baseline -0.007 0"><span class='ocrx_word' id='word_1_263' title='bbox 176 2813 234 2840; x_wconf 89' lang='lat' dir='ltr'><strong>re</strong></span> <span class='ocrx_word' id='word_1_264' title='bbox 273 2797 408 2839; x_wconf 85' lang='lat' dir='ltr'><strong>mihi</strong></span> <span class='ocrx_word' id='word_1_265' title='bbox 453 2796 673 2838; x_wconf 87' lang='lat' dir='ltr'><strong>videtur</strong></span> <span class='ocrx_word' id='word_1_266' title='bbox 719 2800 801 2839; x_wconf 85' lang='lat' dir='ltr'><strong>etc.</strong></span> <span class='ocrx_word' id='word_1_267' title='bbox 864 2795 977 2835; x_wconf 87' lang='lat' dir='ltr'><strong>For—</strong></span> 
     </span>
     <span class='ocr_line' id='line_1_42' title="bbox 170 2852 979 2905; baseline -0.006 -7"><span class='ocrx_word' id='word_1_268' title='bbox 170 2857 314 2899; x_wconf 72' lang='lat' dir='ltr'><strong>&#39;mulat</strong></span> <span class='ocrx_word' id='word_1_269' title='bbox 361 2854 491 2900; x_wconf 79' lang='grc' dir='ltr'><em>ἄλλος</em></span> <span class='ocrx_word' id='word_1_270' title='bbox 531 2853 660 2905; x_wconf 81' lang='grc' dir='ltr'><em>λόγος</em></span> <span class='ocrx_word' id='word_1_271' title='bbox 686 2853 823 2904; x_wconf 63' lang='grc' dir='ltr'><em>ἐστίν,</em></span> <span class='ocrx_word' id='word_1_272' title='bbox 867 2852 979 2893; x_wconf 79' lang='lat' dir='ltr'><strong>alia</strong></span> 
     </span>
     <span class='ocr_line' id='line_1_43' title="bbox 170 2910 978 2967; baseline -0.006 -12"><span class='ocrx_word' id='word_1_273' title='bbox 170 2912 440 2967; x_wconf 76' lang='lat' dir='ltr'><strong>&#39;quaestio</strong></span> <span class='ocrx_word' id='word_1_274' title='bbox 473 2916 584 2962; x_wconf 87' lang='lat' dir='ltr'><strong>est,</strong></span> <span class='ocrx_word' id='word_1_275' title='bbox 617 2910 724 2951; x_wconf 80' lang='lat' dir='ltr'><strong>alia</strong></span> <span class='ocrx_word' id='word_1_276' title='bbox 760 2923 847 2952; x_wconf 91' lang='lat' dir='ltr'><strong>res</strong></span> <span class='ocrx_word' id='word_1_277' title='bbox 879 2914 978 2958; x_wconf 85' lang='lat' dir='ltr'><strong>est,</strong></span> 
     </span>
     <span class='ocr_line' id='line_1_44' title="bbox 178 2965 977 3021; baseline -0.006 -10"><span class='ocrx_word' id='word_1_278' title='bbox 178 2972 286 3013; x_wconf 84' lang='lat' dir='ltr'><strong>satis</strong></span> <span class='ocrx_word' id='word_1_279' title='bbox 325 2971 531 3021; x_wconf 81' lang='lat' dir='ltr'>frequens</span> <span class='ocrx_word' id='word_1_280' title='bbox 577 2972 658 3010; x_wconf 89' lang='lat' dir='ltr'><strong>est.</strong></span> <span class='ocrx_word' id='word_1_281' title='bbox 701 2965 977 3010; x_wconf 86' lang='lat' dir='ltr'><strong>Demosth.</strong></span> 
     </span>
     <span class='ocr_line' id='line_1_45' title="bbox 177 3024 978 3080; baseline -0.002 -10"><span class='ocrx_word' id='word_1_282' title='bbox 177 3029 245 3070; x_wconf 90' lang='lat' dir='ltr'><strong>De</strong></span> <span class='ocrx_word' id='word_1_283' title='bbox 276 3039 483 3080; x_wconf 89' lang='lat' dir='ltr'><strong>symmor.</strong></span> <span class='ocrx_word' id='word_1_284' title='bbox 518 3040 558 3079; x_wconf 90' lang='lat' dir='ltr'><strong>p.</strong></span> <span class='ocrx_word' id='word_1_285' title='bbox 589 3024 696 3076; x_wconf 84' lang='lat'>114,</span> <span class='ocrx_word' id='word_1_286' title='bbox 725 3025 782 3068; x_wconf 85' lang='lat'><strong>23</strong></span> <span class='ocrx_word' id='word_1_287' title='bbox 813 3025 881 3068; x_wconf 88' lang='lat' dir='ltr'><strong>ed.</strong></span> <span class='ocrx_word' id='word_1_288' title='bbox 899 3025 978 3068; x_wconf 82' lang='lat' dir='ltr'><strong>R.:</strong></span> 
     </span>
     <span class='ocr_line' id='line_1_46' title="bbox 179 3075 982 3136; baseline -0.006 -11"><span class='ocrx_word' id='word_1_289' title='bbox 179 3085 312 3129; x_wconf 71' lang='grc' dir='ltr'><em>ἄλλος</em></span> <span class='ocrx_word' id='word_1_290' title='bbox 342 3083 394 3124; x_wconf 72' lang='grc' dir='ltr'><em>ὃν</em></span> <span class='ocrx_word' id='word_1_291' title='bbox 425 3085 486 3136; x_wconf 86' lang='grc' dir='ltr'><strong>εἴη</strong></span> <span class='ocrx_word' id='word_1_292' title='bbox 518 3081 647 3134; x_wconf 80' lang='grc' dir='ltr'><em>λόγος</em></span> <span class='ocrx_word' id='word_1_293' title='bbox 682 3075 833 3128; x_wconf 61' lang='grc' dir='ltr'><strong>οὗτος.</strong></span> <span class='ocrx_word' id='word_1_294' title='bbox 871 3081 982 3124; x_wconf 79' lang='lat' dir='ltr'><strong>Ibid.</strong></span> 
     </span>
     <span class='ocr_line' id='line_1_47' title="bbox 181 3134 979 3198; baseline -0.008 -12"><span class='ocrx_word' id='word_1_295' title='bbox 181 3158 223 3198; x_wconf 83' lang='lat' dir='ltr'><strong>p.</strong></span> <span class='ocrx_word' id='word_1_296' title='bbox 255 3141 366 3192; x_wconf 83' lang='lat'><strong>168,</strong></span> <span class='ocrx_word' id='word_1_297' title='bbox 398 3142 480 3185; x_wconf 81' lang='lat'><strong>11:</strong></span> <span class='ocrx_word' id='word_1_298' title='bbox 511 3141 641 3185; x_wconf 78' lang='grc' dir='ltr'><em>ἄλλος</em></span> <span class='ocrx_word' id='word_1_299' title='bbox 670 3137 725 3180; x_wconf 72' lang='grc' dir='ltr'><em>ἂν</em></span> <span class='ocrx_word' id='word_1_300' title='bbox 752 3134 803 3191; x_wconf 69' lang='grc' dir='ltr'><strong>ἧν</strong></span> <span class='ocrx_word' id='word_1_301' title='bbox 836 3139 979 3194; x_wconf 83' lang='grc' dir='ltr'><em>λόγος.</em></span> 
     </span>
     <span class='ocr_line' id='line_1_48' title="bbox 183 3197 982 3253; baseline -0.006 -11"><span class='ocrx_word' id='word_1_302' title='bbox 183 3201 250 3242; x_wconf 89' lang='lat' dir='ltr'><strong>De</strong></span> <span class='ocrx_word' id='word_1_303' title='bbox 280 3199 451 3240; x_wconf 85' lang='lat' dir='ltr'><strong>Corona</strong></span> <span class='ocrx_word' id='word_1_304' title='bbox 483 3212 522 3253; x_wconf 89' lang='lat' dir='ltr'><strong>p.</strong></span> <span class='ocrx_word' id='word_1_305' title='bbox 556 3197 667 3246; x_wconf 82' lang='lat'>240,</span> <span class='ocrx_word' id='word_1_306' title='bbox 701 3197 772 3241; x_wconf 90' lang='grc'><strong>26.</strong></span> <span class='ocrx_word' id='word_1_307' title='bbox 803 3199 859 3239; x_wconf 78' lang='lat' dir='ltr'><strong>al.</strong></span> <span class='ocrx_word' id='word_1_308' title='bbox 917 3197 982 3237; x_wconf 89' lang='lat' dir='ltr'><strong>De</strong></span> 
     </span>
     <span class='ocr_line' id='line_1_49' title="bbox 183 3251 983 3312; baseline -0.008 -13"><span class='ocrx_word' id='word_1_309' title='bbox 183 3257 407 3312; x_wconf 75' lang='lat' dir='ltr'><strong>particulis</strong></span> <span class='ocrx_word' id='word_1_310' title='bbox 429 3255 477 3296; x_wconf 77' lang='grc' dir='ltr'><strong>’δ’</strong></span> <span class='ocrx_word' id='word_1_311' title='bbox 514 3251 596 3297; x_wconf 73' lang='grc' dir='ltr'><strong>οὖν</strong></span> <span class='ocrx_word' id='word_1_312' title='bbox 623 3255 685 3295; x_wconf 79' lang='lat' dir='ltr'><strong>ita</strong></span> <span class='ocrx_word' id='word_1_313' title='bbox 716 3255 893 3308; x_wconf 86' lang='lat' dir='ltr'><strong>positis,</strong></span> <span class='ocrx_word' id='word_1_314' title='bbox 936 3258 983 3294; x_wconf 88' lang='lat' dir='ltr'><strong>ut</strong></span> 
     </span>
     <span class='ocr_line' id='line_1_50' title="bbox 183 3311 982 3367; baseline -0.008 -10"><span class='ocrx_word' id='word_1_315' title='bbox 183 3316 275 3357; x_wconf 81' lang='lat' dir='ltr'>sere</span> <span class='ocrx_word' id='word_1_316' title='bbox 307 3314 508 3367; x_wconf 81' lang='lat' dir='ltr'><strong>explicari</strong></span> <span class='ocrx_word' id='word_1_317' title='bbox 538 3314 729 3367; x_wconf 84' lang='lat' dir='ltr'><strong>possint,</strong></span> <span class='ocrx_word' id='word_1_318' title='bbox 762 3312 855 3354; x_wconf 88' lang='lat' dir='ltr'><strong>sed</strong></span> <span class='ocrx_word' id='word_1_319' title='bbox 887 3311 982 3353; x_wconf 88' lang='lat' dir='ltr'><strong>hoc</strong></span> 
     </span>
     <span class='ocr_line' id='line_1_51' title="bbox 182 3374 981 3424; baseline -0.006 -11"><span class='ocrx_word' id='word_1_320' title='bbox 182 3377 466 3424; x_wconf 83' lang='lat' dir='ltr'><strong>utcunque</strong></span> <span class='ocrx_word' id='word_1_321' title='bbox 529 3375 641 3420; x_wconf 81' lang='lat' dir='ltr'><strong>est,</strong></span> <span class='ocrx_word' id='word_1_322' title='bbox 690 3375 847 3412; x_wconf 88' lang='lat' dir='ltr'><strong>certe</strong></span> <span class='ocrx_word' id='word_1_323' title='bbox 897 3374 981 3411; x_wconf 91' lang='lat' dir='ltr'><strong>etc.</strong></span> 
     </span>
     <span class='ocr_line' id='line_1_52' title="bbox 185 3427 983 3483; baseline -0.006 -12"><span class='ocrx_word' id='word_1_324' title='bbox 185 3429 367 3471; x_wconf 80' lang='lat' dir='ltr'><strong>diximus</strong></span> <span class='ocrx_word' id='word_1_325' title='bbox 405 3441 533 3483; x_wconf 84' lang='lat' dir='ltr'><strong>supra</strong></span> <span class='ocrx_word' id='word_1_326' title='bbox 574 3427 629 3469; x_wconf 84' lang='lat' dir='ltr'><strong>ad</strong></span> <span class='ocrx_word' id='word_1_327' title='bbox 671 3441 712 3480; x_wconf 87' lang='lat' dir='ltr'><strong>p.</strong></span> <span class='ocrx_word' id='word_1_328' title='bbox 744 3427 811 3470; x_wconf 79' lang='lat'><strong>17.</strong></span> <span class='ocrx_word' id='word_1_329' title='bbox 850 3432 896 3470; x_wconf 85' lang='grc' dir='ltr'><strong>Α.</strong></span> <span class='ocrx_word' id='word_1_330' title='bbox 939 3431 983 3467; x_wconf 87' lang='lat' dir='ltr'><strong>et</strong></span> 
     </span>
    </p>
   </div>
   <div class='ocr_carea' id='block_1_17' title="bbox 1053 1813 1871 3424">
    <p class='ocr_par' dir='ltr' id='par_1_18' title="bbox 1053 1813 1871 3424">
     <span class='ocr_line' id='line_1_53' title="bbox 1057 1813 1865 1871; baseline 0.004 -15"><span class='ocrx_word' id='word_1_331' title='bbox 1057 1814 1113 1856; x_wconf 81' lang='lat' dir='ltr'><strong>ad</strong></span> <span class='ocrx_word' id='word_1_332' title='bbox 1151 1815 1312 1871; x_wconf 81' lang='lat' dir='ltr'><strong>Cratyl.</strong></span> <span class='ocrx_word' id='word_1_333' title='bbox 1355 1828 1394 1868; x_wconf 89' lang='lat' dir='ltr'><strong>p.</strong></span> <span class='ocrx_word' id='word_1_334' title='bbox 1439 1813 1537 1858; x_wconf 83' lang='lat'><strong>415.</strong></span> <span class='ocrx_word' id='word_1_335' title='bbox 1573 1814 1624 1859; x_wconf 88' lang='lat' dir='ltr'><strong>C.</strong></span> <span class='ocrx_word' id='word_1_336' title='bbox 1671 1815 1770 1860; x_wconf 84' lang='grc'><strong>426.</strong></span> <span class='ocrx_word' id='word_1_337' title='bbox 1814 1815 1865 1859; x_wconf 90' lang='lat' dir='ltr'><strong>D.</strong></span> 
     </span>
     <span class='ocr_line' id='line_1_54' title="bbox 1057 1872 1864 1931; baseline 0 -17"><span class='ocrx_word' id='word_1_338' title='bbox 1057 1874 1172 1916; x_wconf 87' lang='lat' dir='ltr'><strong>Tim.</strong></span> <span class='ocrx_word' id='word_1_339' title='bbox 1206 1888 1247 1927; x_wconf 93' lang='lat' dir='ltr'><strong>p.</strong></span> <span class='ocrx_word' id='word_1_340' title='bbox 1279 1872 1351 1916; x_wconf 83' lang='lat'><strong>38.</strong></span> <span class='ocrx_word' id='word_1_341' title='bbox 1383 1873 1436 1931; x_wconf 75' lang='grc' dir='ltr'><strong>β.</strong></span> <span class='ocrx_word' id='word_1_342' title='bbox 1499 1873 1714 1915; x_wconf 79' lang='lat' dir='ltr'><strong>Similiter</strong></span> <span class='ocrx_word' id='word_1_343' title='bbox 1746 1874 1864 1915; x_wconf 89' lang='lat' dir='ltr'><strong>dein-</strong></span> 
     </span>
     <span class='ocr_line' id='line_1_55' title="bbox 1057 1930 1863 1983; baseline -0.002 -11"><span class='ocrx_word' id='word_1_344' title='bbox 1057 1932 1132 1973; x_wconf 83' lang='lat' dir='ltr'><strong>de:</strong></span> <span class='ocrx_word' id='word_1_345' title='bbox 1198 1930 1295 1972; x_wconf 70' lang='grc' dir='ltr'><strong>ἀλλ’</strong></span> <span class='ocrx_word' id='word_1_346' title='bbox 1345 1934 1425 1970; x_wconf 74' lang='grc' dir='ltr'><em>οὖν</em></span> <span class='ocrx_word' id='word_1_347' title='bbox 1481 1930 1741 1983; x_wconf 72' lang='grc' dir='ltr'><em>δεδογμένον</em></span> <span class='ocrx_word' id='word_1_348' title='bbox 1799 1945 1863 1982; x_wconf 78' lang='grc' dir='ltr'><strong>γε,</strong></span> 
     </span>
     <span class='ocr_line' id='line_1_56' title="bbox 1058 1987 1864 2040; baseline 0.001 -12"><span class='ocrx_word' id='word_1_349' title='bbox 1058 1987 1150 2030; x_wconf 90' lang='lat' dir='ltr'><strong>sed</strong></span> <span class='ocrx_word' id='word_1_350' title='bbox 1222 1989 1323 2030; x_wconf 82' lang='lat' dir='ltr'><strong>hoc</strong></span> <span class='ocrx_word' id='word_1_351' title='bbox 1392 1994 1685 2040; x_wconf 89' lang='lat' dir='ltr'><strong>utcunque</strong></span> <span class='ocrx_word' id='word_1_352' title='bbox 1751 1994 1864 2040; x_wconf 82' lang='lat' dir='ltr'><strong>est,</strong></span> 
     </span>
     <span class='ocr_line' id='line_1_57' title="bbox 1058 2047 1868 2099; baseline -0.001 -11"><span class='ocrx_word' id='word_1_353' title='bbox 1058 2051 1212 2088; x_wconf 90' lang='lat' dir='ltr'><strong>certe</strong></span> <span class='ocrx_word' id='word_1_354' title='bbox 1234 2047 1495 2087; x_wconf 83' lang='lat' dir='ltr'><strong>Socrates</strong></span> <span class='ocrx_word' id='word_1_355' title='bbox 1520 2051 1750 2099; x_wconf 78' lang='lat' dir='ltr'><strong>putatur</strong></span> <span class='ocrx_word' id='word_1_356' title='bbox 1779 2059 1868 2087; x_wconf 88' lang='lat' dir='ltr'><strong>ex-</strong></span> 
     </span>
     <span class='ocr_line' id='line_1_58' title="bbox 1061 2103 1868 2156; baseline -0.001 -12"><span class='ocrx_word' id='word_1_357' title='bbox 1061 2106 1274 2145; x_wconf 87' lang='lat' dir='ltr'><strong>cellere</strong></span> <span class='ocrx_word' id='word_1_358' title='bbox 1325 2103 1508 2155; x_wconf 79' lang='lat' dir='ltr'><strong>aliqua</strong></span> <span class='ocrx_word' id='word_1_359' title='bbox 1557 2116 1616 2145; x_wconf 89' lang='lat' dir='ltr'><strong>re</strong></span> <span class='ocrx_word' id='word_1_360' title='bbox 1664 2104 1868 2156; x_wconf 80' lang='lat' dir='ltr'><strong>pleris-</strong></span> 
     </span>
     <span class='ocr_line' id='line_1_59' title="bbox 1053 2160 1866 2214; baseline 0.001 -13"><span class='ocrx_word' id='word_1_361' title='bbox 1053 2173 1153 2213; x_wconf 88' lang='lat' dir='ltr'><strong>que</strong></span> <span class='ocrx_word' id='word_1_362' title='bbox 1185 2160 1518 2211; x_wconf 82' lang='lat' dir='ltr'><strong>hominibus,</strong></span> <span class='ocrx_word' id='word_1_363' title='bbox 1562 2174 1598 2200; x_wconf 90' lang='lat' dir='ltr'><strong>s.</strong></span> <span class='ocrx_word' id='word_1_364' title='bbox 1634 2173 1866 2214; x_wconf 75' lang='lat' dir='ltr'><strong>magnae</strong></span> 
     </span>
     <span class='ocr_line' id='line_1_60' title="bbox 1056 2217 1748 2271; baseline -0.003 -11"><span class='ocrx_word' id='word_1_365' title='bbox 1056 2217 1402 2260; x_wconf 84' lang='lat' dir='ltr'><strong>multitudini</strong></span> <span class='ocrx_word' id='word_1_366' title='bbox 1434 2223 1748 2271; x_wconf 78' lang='lat' dir='ltr'><strong>praestare.</strong></span> 
     </span>
     <span class='ocr_line' id='line_1_61' title="bbox 1112 2275 1867 2327; baseline -0.001 -12"><span class='ocrx_word' id='word_1_367' title='bbox 1112 2275 1398 2316; x_wconf 81' lang='grc' dir='ltr'><em>καὶτοῦτο</em></span> <span class='ocrx_word' id='word_1_368' title='bbox 1431 2275 1685 2327; x_wconf 72' lang='grc' dir='ltr'><em>τοῦνομα</em></span> <span class='ocrx_word' id='word_1_369' title='bbox 1716 2277 1867 2327; x_wconf 75' lang='grc' dir='ltr'><em>ἔχον-</em></span> 
     </span>
     <span class='ocr_line' id='line_1_62' title="bbox 1057 2331 1867 2386; baseline 0.001 -13"><span class='ocrx_word' id='word_1_370' title='bbox 1057 2334 1147 2386; x_wconf 82' lang='grc' dir='ltr'><strong>τα]</strong></span> <span class='ocrx_word' id='word_1_371' title='bbox 1191 2334 1218 2376; x_wconf 95' lang='lat' dir='ltr'><strong>i.</strong></span> <span class='ocrx_word' id='word_1_372' title='bbox 1262 2347 1299 2374; x_wconf 90' lang='lat' dir='ltr'><strong>e.</strong></span> <span class='ocrx_word' id='word_1_373' title='bbox 1341 2331 1630 2374; x_wconf 81' lang='lat' dir='ltr'><strong>florenten</strong></span> <span class='ocrx_word' id='word_1_374' title='bbox 1675 2337 1867 2374; x_wconf 82' lang='lat' dir='ltr'><strong>tantae</strong></span> 
     </span>
     <span class='ocr_line' id='line_1_63' title="bbox 1060 2389 1868 2444; baseline 0.001 -14"><span class='ocrx_word' id='word_1_375' title='bbox 1060 2391 1378 2444; x_wconf 79' lang='lat' dir='ltr'><strong>sapientiae</strong></span> <span class='ocrx_word' id='word_1_376' title='bbox 1411 2390 1589 2433; x_wconf 82' lang='lat' dir='ltr'><strong>laude.</strong></span> <span class='ocrx_word' id='word_1_377' title='bbox 1649 2389 1780 2434; x_wconf 82' lang='lat' dir='ltr'><strong>Quod</strong></span> <span class='ocrx_word' id='word_1_378' title='bbox 1813 2402 1868 2431; x_wconf 91' lang='lat' dir='ltr'><strong>ne</strong></span> 
     </span>
     <span class='ocr_line' id='line_1_64' title="bbox 1060 2447 1868 2500; baseline -0.001 -11"><span class='ocrx_word' id='word_1_379' title='bbox 1060 2455 1313 2500; x_wconf 80' lang='lat' dir='ltr'><strong>arroganter</strong></span> <span class='ocrx_word' id='word_1_380' title='bbox 1345 2447 1506 2488; x_wconf 90' lang='lat' dir='ltr'><strong>dictum</strong></span> <span class='ocrx_word' id='word_1_381' title='bbox 1540 2447 1750 2498; x_wconf 78' lang='lat' dir='ltr'><strong>videatur,</strong></span> <span class='ocrx_word' id='word_1_382' title='bbox 1787 2447 1868 2488; x_wconf 80' lang='lat' dir='ltr'><strong>ad-</strong></span> 
     </span>
     <span class='ocr_line' id='line_1_65' title="bbox 1062 2501 1867 2559; baseline 0 -13"><span class='ocrx_word' id='word_1_383' title='bbox 1062 2505 1125 2547; x_wconf 91' lang='lat' dir='ltr'><strong>dit</strong></span> <span class='ocrx_word' id='word_1_384' title='bbox 1155 2506 1285 2547; x_wconf 78' lang='lat' dir='ltr'><strong>verba</strong></span> <span class='ocrx_word' id='word_1_385' title='bbox 1315 2504 1399 2545; x_wconf 76' lang='grc' dir='ltr'><strong>εἴτ’</strong></span> <span class='ocrx_word' id='word_1_386' title='bbox 1441 2501 1776 2559; x_wconf 76' lang='grc' dir='ltr'><em>οὖν-ψεῦδος.</em></span> <span class='ocrx_word' id='word_1_387' title='bbox 1816 2505 1867 2546; x_wconf 88' lang='lat' dir='ltr'><strong>In</strong></span> 
     </span>
     <span class='ocr_line' id='line_1_66' title="bbox 1061 2562 1869 2616; baseline 0.001 -13"><span class='ocrx_word' id='word_1_388' title='bbox 1061 2563 1215 2616; x_wconf 86' lang='lat' dir='ltr'><strong>quibus</strong></span> <span class='ocrx_word' id='word_1_389' title='bbox 1260 2576 1312 2603; x_wconf 90' lang='lat' dir='ltr'><strong>ne</strong></span> <span class='ocrx_word' id='word_1_390' title='bbox 1349 2562 1446 2615; x_wconf 88' lang='lat' dir='ltr'><strong>quis</strong></span> <span class='ocrx_word' id='word_1_391' title='bbox 1484 2563 1637 2616; x_wconf 73' lang='grc' dir='ltr'><em>ψευδὲς</em></span> <span class='ocrx_word' id='word_1_392' title='bbox 1673 2563 1869 2604; x_wconf 88' lang='lat' dir='ltr'><strong>scriben-</strong></span> 
     </span>
     <span class='ocr_line' id='line_1_67' title="bbox 1063 2622 1869 2675; baseline -0.001 -14"><span class='ocrx_word' id='word_1_393' title='bbox 1063 2622 1162 2662; x_wconf 87' lang='lat' dir='ltr'><strong>dum</strong></span> <span class='ocrx_word' id='word_1_394' title='bbox 1207 2622 1436 2675; x_wconf 88' lang='lat' dir='ltr'><strong>opinetur,</strong></span> <span class='ocrx_word' id='word_1_395' title='bbox 1465 2631 1779 2674; x_wconf 79' lang='lat' dir='ltr'><strong>saepenumero</strong></span> <span class='ocrx_word' id='word_1_396' title='bbox 1809 2623 1869 2675; x_wconf 79' lang='grc' dir='ltr'><strong>τῷ</strong></span> 
     </span>
     <span class='ocr_line' id='line_1_68' title="bbox 1065 2677 1868 2733; baseline -0.002 -15"><span class='ocrx_word' id='word_1_397' title='bbox 1065 2677 1229 2731; x_wconf 69' lang='grc' dir='ltr'><em>ἀληθὲς</em></span> <span class='ocrx_word' id='word_1_398' title='bbox 1249 2679 1479 2732; x_wconf 88' lang='lat' dir='ltr'><strong>opponitur</strong></span> <span class='ocrx_word' id='word_1_399' title='bbox 1499 2691 1656 2720; x_wconf 90' lang='lat' dir='ltr'><strong>nomen</strong></span> <span class='ocrx_word' id='word_1_400' title='bbox 1681 2677 1868 2733; x_wconf 76' lang='grc' dir='ltr'><strong>ψεῦδος.</strong></span> 
     </span>
     <span class='ocr_line' id='line_1_69' title="bbox 1066 2733 1871 2789; baseline -0.004 -12"><span class='ocrx_word' id='word_1_401' title='bbox 1066 2737 1229 2789; x_wconf 77' lang='lat' dir='ltr'><strong>Cratyl.</strong></span> <span class='ocrx_word' id='word_1_402' title='bbox 1274 2749 1313 2789; x_wconf 91' lang='lat' dir='ltr'><strong>p.</strong></span> <span class='ocrx_word' id='word_1_403' title='bbox 1342 2735 1443 2780; x_wconf 81' lang='grc'><strong>430.</strong></span> <span class='ocrx_word' id='word_1_404' title='bbox 1475 2739 1526 2779; x_wconf 85' lang='grc' dir='ltr'><strong>Α.</strong></span> <span class='ocrx_word' id='word_1_405' title='bbox 1566 2734 1591 2788; x_wconf 79' lang='grc' dir='ltr'><em>ἢ</em></span> <span class='ocrx_word' id='word_1_406' title='bbox 1631 2733 1681 2776; x_wconf 69' lang='lat' dir='ltr'><strong>‘co</strong></span> <span class='ocrx_word' id='word_1_407' title='bbox 1714 2738 1795 2787; x_wconf 73' lang='grc' dir='ltr'><em>μέν</em></span> <span class='ocrx_word' id='word_1_408' title='bbox 1825 2751 1871 2774; x_wconf 84' lang='grc' dir='ltr'><strong>τι</strong></span> 
     </span>
     <span class='ocr_line' id='line_1_70' title="bbox 1063 2791 1871 2847; baseline 0.001 -15"><span class='ocrx_word' id='word_1_409' title='bbox 1063 2791 1207 2834; x_wconf 74' lang='grc' dir='ltr'><em>αὐτῶν</em></span> <span class='ocrx_word' id='word_1_410' title='bbox 1256 2792 1535 2847; x_wconf 73' lang='grc' dir='ltr'><em>ἀληθές,”τό</em></span> <span class='ocrx_word' id='word_1_411' title='bbox 1587 2794 1630 2834; x_wconf 69' lang='grc' dir='ltr'><strong>δὲ</strong></span> <span class='ocrx_word' id='word_1_412' title='bbox 1679 2793 1871 2847; x_wconf 72' lang='grc' dir='ltr'><em>ψεῦδοςς</em></span> 
     </span>
     <span class='ocr_line' id='line_1_71' title="bbox 1062 2848 1870 2904; baseline -0.006 -12"><span class='ocrx_word' id='word_1_413' title='bbox 1062 2850 1320 2904; x_wconf 85' lang='lat' dir='ltr'><strong>Euthydem.</strong></span> <span class='ocrx_word' id='word_1_414' title='bbox 1349 2854 1423 2894; x_wconf 85' lang='lat' dir='ltr'><strong>in.=</strong></span> <span class='ocrx_word' id='word_1_415' title='bbox 1455 2850 1684 2904; x_wconf 72' lang='grc' dir='ltr'><em>ἐξελέγχειν</em></span> <span class='ocrx_word' id='word_1_416' title='bbox 1713 2848 1764 2891; x_wconf 76' lang='grc' dir='ltr'><em>τό</em></span> <span class='ocrx_word' id='word_1_417' title='bbox 1798 2848 1870 2889; x_wconf 70' lang='grc' dir='ltr'><strong>ἀεὶ</strong></span> 
     </span>
     <span class='ocr_line' id='line_1_72' title="bbox 1065 2907 1869 2963; baseline -0.001 -15"><span class='ocrx_word' id='word_1_418' title='bbox 1065 2907 1295 2963; x_wconf 74' lang='grc' dir='ltr'><em>λεγόμενον</em></span> <span class='ocrx_word' id='word_1_419' title='bbox 1336 2907 1522 2963; x_wconf 82' lang='grc' dir='ltr'><em>ὁμοίως,</em></span> <span class='ocrx_word' id='word_1_420' title='bbox 1563 2907 1637 2949; x_wconf 74' lang='grc' dir='ltr'><strong>ἐάν</strong></span> <span class='ocrx_word' id='word_1_421' title='bbox 1675 2922 1722 2948; x_wconf 81' lang='grc' dir='ltr'><strong>τε</strong></span> <span class='ocrx_word' id='word_1_422' title='bbox 1754 2911 1869 2962; x_wconf 76' lang='grc' dir='ltr'><strong>ψεῦ-</strong></span> 
     </span>
     <span class='ocr_line' id='line_1_73' title="bbox 1064 2961 1870 3019; baseline 0 -14"><span class='ocrx_word' id='word_1_423' title='bbox 1064 2966 1138 3012; x_wconf 80' lang='grc' dir='ltr'><strong>δος</strong></span> <span class='ocrx_word' id='word_1_424' title='bbox 1168 2964 1241 3006; x_wconf 75' lang='grc' dir='ltr'><strong>ἐάν</strong></span> <span class='ocrx_word' id='word_1_425' title='bbox 1279 2981 1325 3006; x_wconf 82' lang='grc' dir='ltr'><strong>τε</strong></span> <span class='ocrx_word' id='word_1_426' title='bbox 1367 2966 1528 3018; x_wconf 66' lang='grc' dir='ltr'><em>ἀληθὲς</em></span> <span class='ocrx_word' id='word_1_427' title='bbox 1558 2961 1609 3018; x_wconf 67' lang='grc' dir='ltr'><strong>ᾗς</strong></span> <span class='ocrx_word' id='word_1_428' title='bbox 1650 2978 1762 3019; x_wconf 78' lang='lat' dir='ltr'><strong>quae</strong></span> <span class='ocrx_word' id='word_1_429' title='bbox 1803 2965 1870 3005; x_wconf 80' lang='lat' dir='ltr'><strong>in-</strong></span> 
     </span>
     <span class='ocr_line' id='line_1_74' title="bbox 1066 3023 1871 3066; baseline -0.004 -2"><span class='ocrx_word' id='word_1_430' title='bbox 1066 3023 1227 3066; x_wconf 85' lang='lat' dir='ltr'><strong>dicavit</strong></span> <span class='ocrx_word' id='word_1_431' title='bbox 1280 3024 1664 3066; x_wconf 84' lang='lat' dir='ltr'><strong>Heindorfius.</strong></span> <span class='ocrx_word' id='word_1_432' title='bbox 1734 3023 1871 3064; x_wconf 84' lang='lat' dir='ltr'><strong>Plura</strong></span> 
     </span>
     <span class='ocr_line' id='line_1_75' title="bbox 1068 3080 1870 3134; baseline -0.006 -12"><span class='ocrx_word' id='word_1_433' title='bbox 1068 3082 1240 3134; x_wconf 84' lang='lat' dir='ltr'><strong>collegit</strong></span> <span class='ocrx_word' id='word_1_434' title='bbox 1270 3083 1466 3123; x_wconf 86' lang='lat' dir='ltr'><strong>Astius</strong></span> <span class='ocrx_word' id='word_1_435' title='bbox 1507 3080 1559 3122; x_wconf 82' lang='lat' dir='ltr'><strong>ad</strong></span> <span class='ocrx_word' id='word_1_436' title='bbox 1595 3081 1791 3122; x_wconf 75' lang='lat' dir='ltr'><strong>Politiam</strong></span> <span class='ocrx_word' id='word_1_437' title='bbox 1828 3092 1870 3132; x_wconf 91' lang='lat' dir='ltr'><strong>p.</strong></span> 
     </span>
     <span class='ocr_line' id='line_1_76' title="bbox 1066 3137 1868 3192; baseline -0.006 -12"><span class='ocrx_word' id='word_1_438' title='bbox 1066 3138 1167 3182; x_wconf 85' lang='lat'><strong>358.</strong></span> <span class='ocrx_word' id='word_1_439' title='bbox 1207 3138 1492 3192; x_wconf 82' lang='lat' dir='ltr'><strong>Aristoph.</strong></span> <span class='ocrx_word' id='word_1_440' title='bbox 1539 3138 1654 3179; x_wconf 87' lang='lat' dir='ltr'><strong>Ran.</strong></span> <span class='ocrx_word' id='word_1_441' title='bbox 1697 3151 1736 3178; x_wconf 91' lang='lat' dir='ltr'><strong>v.</strong></span> <span class='ocrx_word' id='word_1_442' title='bbox 1769 3137 1868 3180; x_wconf 87' lang='grc'><strong>628.</strong></span> 
     </span>
     <span class='ocr_line' id='line_1_77' title="bbox 1065 3194 1869 3255; baseline -0.004 -19"><span class='ocrx_word' id='word_1_443' title='bbox 1065 3195 1220 3250; x_wconf 80' lang='grc' dir='ltr'><em>χῶπως</em></span> <span class='ocrx_word' id='word_1_444' title='bbox 1250 3198 1359 3252; x_wconf 72' lang='grc' dir='ltr'><em>ἐρεῖς</em></span> <span class='ocrx_word' id='word_1_445' title='bbox 1376 3199 1577 3255; x_wconf 44' lang='grc' dir='ltr'><em>ἐντναῦθα</em></span> <span class='ocrx_word' id='word_1_446' title='bbox 1602 3194 1733 3248; x_wconf 74' lang='grc' dir='ltr'><em>μηδὲν</em></span> <span class='ocrx_word' id='word_1_447' title='bbox 1755 3199 1869 3254; x_wconf 58' lang='grc' dir='ltr'><strong>ψεῦ-</strong></span> 
     </span>
     <span class='ocr_line' id='line_1_78' title="bbox 1068 3251 1868 3298; baseline -0.008 -2"><span class='ocrx_word' id='word_1_448' title='bbox 1068 3254 1158 3298; x_wconf 81' lang='grc' dir='ltr'><strong>δος.</strong></span> <span class='ocrx_word' id='word_1_449' title='bbox 1197 3254 1261 3295; x_wconf 90' lang='lat' dir='ltr'><strong>De</strong></span> <span class='ocrx_word' id='word_1_450' title='bbox 1291 3253 1371 3295; x_wconf 73' lang='grc' dir='ltr'><strong>εἴτ’</strong></span> <span class='ocrx_word' id='word_1_451' title='bbox 1406 3258 1486 3294; x_wconf 75' lang='lat' dir='ltr'><strong>ov&#39;r</strong></span> <span class='ocrx_word' id='word_1_452' title='bbox 1516 3275 1572 3282; x_wconf 91' lang='lat'><em>-</em></span> <span class='ocrx_word' id='word_1_453' title='bbox 1602 3251 1676 3293; x_wconf 74' lang='grc' dir='ltr'><strong>εἴτ’</strong></span> <span class='ocrx_word' id='word_1_454' title='bbox 1718 3256 1798 3291; x_wconf 82' lang='grc' dir='ltr'><em>οῦν</em></span> <span class='ocrx_word' id='word_1_455' title='bbox 1828 3263 1868 3290; x_wconf 88' lang='lat' dir='ltr'><strong>v.</strong></span> 
     </span>
     <span class='ocr_line' id='line_1_79' title="bbox 1069 3309 1871 3363; baseline -0.006 -11"><span class='ocrx_word' id='word_1_456' title='bbox 1069 3310 1339 3353; x_wconf 83' lang='lat' dir='ltr'><strong>Matthiae·</strong></span> <span class='ocrx_word' id='word_1_457' title='bbox 1364 3311 1442 3352; x_wconf 86' lang='lat' dir='ltr'><strong>Gr.</strong></span> <span class='ocrx_word' id='word_1_458' title='bbox 1474 3310 1512 3363; x_wconf 65' lang='grc' dir='ltr'><strong>ἕ.</strong></span> <span class='ocrx_word' id='word_1_459' title='bbox 1547 3309 1647 3354; x_wconf 85' lang='grc'><strong>625.</strong></span> <span class='ocrx_word' id='word_1_460' title='bbox 1685 3314 1793 3351; x_wconf 82' lang='lat' dir='ltr'><strong>extr.</strong></span> <span class='ocrx_word' id='word_1_461' title='bbox 1827 3312 1871 3347; x_wconf 90' lang='lat' dir='ltr'><strong>et</strong></span> 
     </span>
     <span class='ocr_line' id='line_1_80' title="bbox 1068 3365 1870 3424; baseline -0.001 -16"><span class='ocrx_word' id='word_1_462' title='bbox 1068 3367 1124 3408; x_wconf 86' lang='lat' dir='ltr'><strong>de</strong></span> <span class='ocrx_word' id='word_1_463' title='bbox 1167 3371 1253 3408; x_wconf 81' lang='grc' dir='ltr'><em>τῶν</em></span> <span class='ocrx_word' id='word_1_464' title='bbox 1303 3368 1470 3410; x_wconf 80' lang='grc' dir='ltr'><em>πολλῶν</em></span> <span class='ocrx_word' id='word_1_465' title='bbox 1525 3365 1769 3424; x_wconf 78' lang='grc' dir='ltr'><em>ἀνθρώπων</em></span> <span class='ocrx_word' id='word_1_466' title='bbox 1827 3377 1870 3417; x_wconf 83' lang='lat' dir='ltr'><strong>p.</strong></span> 
     </span>
    </p>
   </div>
   <div class='ocr_carea' id='block_1_18' title="bbox 1067 3425 1225 3469">
    <p class='ocr_par' dir='ltr' id='par_1_19' title="bbox 1067 3425 1225 3469">
     <span class='ocr_line' id='line_1_81' title="bbox 1067 3425 1225 3469; baseline 0.006 -1"><span class='ocrx_word' id='word_1_467' title='bbox 1067 3425 1137 3469; x_wconf 88' lang='grc'><strong>29.</strong></span> <span class='ocrx_word' id='word_1_468' title='bbox 1175 3425 1225 3469; x_wconf 92' lang='grc' dir='ltr'><strong>Β.</strong></span> 
     </span>
    </p>
   </div>
  </div>
 </body>
</html>
