2158 3718
1138 0 1140 2 ,
1177 0 1199 5 ,τ
1244 0 1261 6 ,,
1311 0 1313 2 .
1391 0 1424 12 T·
1465 0 1501 8 v-v--
1529 0 1532 3 .

239 141 343 194 266
968 143 1046 185 PL
1054 141 1295 186 ATONrs

382 286 496 350 Cap.
538 284 654 335 LVI.
725 279 782 334 Ὁ
828 281 895 334 δέ
935 301 999 350 γε
1045 281 1207 350 θεός,
1248 278 1430 352 οἶμαι,
1479 286 1587 353 ἔφη
1627 282 1656 338 ὁ
1695 285 2022 355 Σωκράτης,
2148 290 2158 336 l

241 367 335 420 καὶ
371 364 510 419 αὐτὸ
547 364 610 420 τὸ
647 370 744 435 τῆς
780 369 919 434 ζωῆς
957 360 1103 427 εἶδος
1129 357 1223 418 καὶ
1250 371 1306 420 εἴ
1322 387 1375 420 τι
1401 365 1539 421 ἄλλο
1567 366 1856 442 ἀθάνατόν
1885 369 2022 437 ἐστι,

239 448 390 522 παρὰ
452 451 680 504 πάντων
742 448 813 503 ἂν
874 446 1250 519 ὁμολογηθείη
1311 452 1586 520 μηδέποτε
1642 451 2021 507 ἀπόλλυσθαι.

238 537 407 609 Παρὰ
431 537 660 591 πάντων
697 536 886 604 μέντοι
924 532 994 603 νὴ
1033 536 1165 602 Δία,
1205 536 1334 604 ἔφη,
1373 533 1698 606 ἀνθρώπων
1735 539 1799 591 τέ
1829 558 1895 607 γε
1931 540 2026 592 καὶ

239 625 319 676 ἔτι
355 626 590 693 μᾶλλον,
632 618 705 682 ὠς
744 612 973 690 ἐγῷμαι,
1012 617 1164 689 παρὰ
1202 623 1376 673 θεῶν.
1432 619 1629 676 Ὁπότε
1666 620 1734 692 δὴ
1774 620 1836 675 τὸ
1878 622 2025 676 ἀθά-

176 718 208 758 E
239 727 412 761 νατον
457 707 551 759 καὶ
598 701 957 778 ἀδιάφθορόν
1006 704 1189 772 ἐστιν,
1230 702 1369 757 ἄλλο
1407 725 1459 758 τι
1496 705 1646 776 ψυχὴ
1685 705 1768 776 ἥ,·
1793 709 1844 760 εἰ
1879 705 2026 761 ἀθά-

238 811 404 854 νατος
459 788 723 858 τυγχάνει
778 781 952 856 οὖσα,
1010 788 1103 840 καὶ
1151 785 1476 859 ἀνώλεθρος
1531 789 1603 843 ἂν
1659 795 1769 861 εἴης
1827 789 2023 861 Πολλὴ

208 874 472 943 ἀνάγκη.
544 872 827 935 Ἐπιόντος
864 870 974 941 ἄρα
1011 872 1267 926 θανάτου
1308 875 1400 926 ἐπὶ
1438 872 1537 926 τὸν
1575 873 1920 946 ἄνθρωπον,
1960 875 2022 930 τὸ

237 960 340 1030 μὲν
387 958 633 1028 θνητόν,
679 954 753 1019 ὦς
802 959 1003 1025 ἔοικεν,
1044 954 1221 1010 αὐτοῦ
1261 957 1641 1028 ἀποθνήσκει,
1682 957 1744 1012 τὸ
1785 958 1838 1012 δ’
1878 958 2023 1014 ἀθά-

238 1065 411 1099 νατον
449 1046 567 1097 σῶν
606 1043 699 1095 καὶ
737 1040 1096 1110 ἀδιάφθορον
1134 1047 1345 1110 οἴχεται
1383 1041 1571 1111 ἀπιόν,
1611 1041 2024 1114 ὑπεκχωρῆσαν

236 1133 313 1202 τῷ
360 1124 626 1198 θανάτῳ.
691 1130 978 1182 Φαίνεται.
1055 1124 1281 1189 Παντὸς
1327 1130 1544 1196 μᾶλλον
1599 1126 1736 1197 ἄρα,
1794 1130 2021 1230 ἔφηίω
2005 1122 2026 1147 ³

141 1224 221 1264 107
237 1215 448 1284 Κέβης,
506 1210 656 1281 ψυχὴ
712 1209 1001 1265 ἀθάνατον
1055 1212 1150 1263 καὶ
1205 1209 1564 1281 ἀνώλεθρον,
1621 1212 1715 1265 καὶ
1769 1217 1846 1285 τῷ
1894 1211 2026 1268 όντι

238 1302 462 1353 ἔσονται
507 1294 668 1367 ἡμῶν
715 1317 770 1348 αι
817 1295 993 1364 ψυχαὶ
1043 1294 1105 1348 ἐν
1147 1293 1362 1349 Ἅιδου.
1442 1293 1673 1349 Οὔκουν
1719 1299 1920 1367 ἔγωγε,
1980 1291 2025 1352 οἷ

238 1383 565 1453 Σώκρατες,
613 1381 751 1450 ἔφη,
802 1382 906 1448 ἔχω
955 1380 1107 1449 παρὰ
1157 1384 1333 1432 ταῦτα
1377 1378 1517 1432 ἄλλο
1567 1400 1620 1433 τι
1667 1382 1854 1449 λέγειν
1891 1380 2031 1436 οὐδέ

237 1486 314 1539 πῃ
353 1465 608 1521 ἀπιστεῖν
653 1474 769 1527 τοῖς
817 1464 1019 1532 λόγοις.
1099 1462 1225 1517 ἀλλ’
1268 1465 1318 1517 εἰ
1363 1465 1434 1534 δή
1481 1485 1534 1517 τι
1573 1468 1816 1534 Σιμμίας
1853 1465 1951 1520 ὅδε
1987 1466 2026 1537 ἥ

237 1573 318 1615 τις
355 1551 525 1615 ἄλλος
562 1553 673 1619 ἔχει
711 1549 924 1617 λέγειν,
975 1543 1039 1601 εὖ
1080 1550 1191 1616 ἔχει
1227 1548 1301 1617 μὴ
1341 1553 1729 1619 κατασιγῆσαι.
1807 1549 1882 1614 ὥς
1918 1549 2024 1605 οὐκ

237 1634 383 1706 οἶδα,
425 1637 503 1699 εἰς
540 1633 736 1688 ὅντινά
774 1653 855 1696 τις
893 1631 1069 1685 αλλον
1095 1630 1297 1703 καιρὸν
1325 1631 1697 1702 ἀναβάλλοιτο
1723 1632 1761 1704 ἢ
1785 1633 1886 1690 τὸν
1911 1639 2025 1690 νῦν

236 1721 518 1792 παρόντα,
566 1719 694 1788 περὶ
742 1722 857 1771 τῶν
893 1718 1169 1770 τοιούτων
1214 1716 1562 1787 βουλόμενος
1598 1716 1635 1788 ἤ
1671 1739 1725 1773 τι
1763 1722 1942 1774 εἰπεῖν
1987 1719 2025 1790 ἢ

238 1866 321 1907 Sed
342 1864 431 1906 καί
446 1864 605 1904 omisso
628 1870 799 1903 tuentur
820 1854 876 1903 ὄν
899 1861 1017 1902 Bodl.
1042 1862 1147 1904 Tub.
1170 1861 1277 1905 Ven
1292 1862 1394 1909 ΞΠ
1415 1863 1542 1903 Vind.
1560 1863 1600 1904 Y
1619 1863 1711 1903 Zitt.
1704 1894 1731 1917 .‚
1767 1876 1875 1914 quos
1900 1865 2023 1916 sequi

237 1922 475 1963 consultum
498 1920 714 1962 duximus.
757 1919 837 1960 Pro
861 1913 1068 1971 δέξεται,
1092 1918 1206 1971 quod
1228 1931 1250 1958 e
1273 1920 1366 1959 Vat.
1395 1920 1499 1959 Ven.
1525 1918 1628 1965 ΞΠ
1650 1920 1774 1960 Vind.
1801 1920 1969 1962 TFlor.
1995 1921 2023 1961 d

236 1979 492 2022 restitutum,
515 1983 618 2016 vett
643 1975 762 2016 editt
792 1971 999 2039 δέξαιτο.

351 2034 453 2087 cap.
474 2034 581 2073 LVI.
615 2025 939 2084 ἀνθρώπων
959 2027 1016 2071 τέ
1039 2043 1099 2085 γε
1120 2028 1241 2085 καί]
1268 2030 1413 2083 Steph.
1431 2024 1705 2083 ἀνθρώπων
1720 2044 1774 2086 γε
1790 2031 1887 2082 καί,
1909 2033 2024 2082 quod

238 2092 416 2132 Bekker.
441 2103 465 2130 e
484 2091 594 2130 Ven.
618 2090 659 2131 Λ
679 2088 776 2128 Par.
803 2087 1041 2128 CEGHIL
1064 2089 1173 2140 Aug
1198 2088 1307 2130 Flor
1333 2100 1357 2127 a
1379 2089 1404 2128 b
1427 2100 1448 2126 c
1470 2088 1484 2126 i
1506 2101 1546 2128 m
1578 2089 1619 2128 in
1650 2101 1699 2130 τε
1721 2087 1812 2130 καί
1827 2090 2021 2129 mutavit.

235 2149 332 2190 Ald.
355 2147 474 2188 Bass.
507 2158 604 2186 cum
627 2145 873 2187 Bodl.Tub.
898 2119 1284 2190 Ven.,'=·‹:11⁰vtnd.
1315 2144 1356 2185 Τ
1383 2140 1431 2185 τέ
1462 2157 1528 2198 γε,
1562 2145 1675 2195 quod
1707 2157 1784 2198 ego
1808 2145 1911 2185 duxi
1933 2158 2024 2186 ser-

236 2204 422 2244 vandum
444 2202 738 2243 consentiente
759 2201 1016 2240 Hermanno.

348 2261 394 2300 E.
434 2250 573 2300 αλλο
619 2272 671 2298 τι
706 2250 860 2310 ψυχὴ
908 2247 959 2310 ἥ]
1000 2256 1181 2299 Bekker.
1209 2264 1249 2296 et
1270 2257 1368 2297 Tur.
1392 2247 1423 2310 ἤ
1447 2256 1588 2296 delent
1609 2270 1703 2296 cum
1726 2258 1835 2300 Ven.
1860 2256 2021 2299 HPar.

235 2316 428 2357 EGHIL
460 2324 499 2355 et
527 2328 592 2368 pr.
617 2314 744 2356 Coisl.
767 2314 873 2354 Ven.
897 2314 951 2354 Λ
993 2312 1078 2352 Alii
1107 2313 1302 2353 voculam
1333 2322 1431 2365 post
1451 2305 1568 2354 ἄλλο
1591 2327 1636 2354 τι
1657 2313 1894 2356 inferciunt.
1940 2314 2023 2362 Te-

237 2374 320 2413 nui·
324 2386 407 2414 nus
430 2372 546 2423 quod
568 2370 716 2435 optimi
738 2377 923 2418 tuentur,
958 2375 1002 2408 ut
1024 2382 1158 2422 nuper
1181 2370 1303 2409 etiam
1326 2370 1467 2412 Herm.
1492 2369 1603 2409 fecit.
1628 2383 1671 2410 v.
1694 2370 1746 2409 ad
1770 2383 1813 2423 p.
1837 2371 1918 2411 106
1939 2372 1990 2412 Α.

347 2430 392 2469 Ρ.
419 2430 514 2470 107.
548 2422 632 2475 εἰς
673 2417 880 2468 όντινοὶ
911 2423 1023 2491 τις]
1067 2424 1196 2466 Coisl.
1229 2426 1323 2467 Par,
1348 2426 1382 2467 G
1420 2421 1494 2476 εἰς
1523 2415 1679 2467 οντιν’
1709 2439 1773 2467 αν
1799 2439 1886 2474 τις.
1926 2427 2023 2469 Vat.

236 2486 364 2528 Vind.
390 2485 428 2526 Φ
461 2484 607 2526 Ambr.
630 2482 740 2523 F101.
766 2483 793 2522 d
816 2473 935 2530 εἰς”’
905 2474 1073 2523 οντινοῖ
1095 2495 1166 2530 τις
1187 2496 1262 2524 αν.
1305 2482 1413 2522 Illud
1435 2482 1615 2525 Bekker.
1639 2482 1819 2534 iecepit‚
1840 2482 1920 2523 hoc
1943 2494 2021 2523 nos

236 2543 333 2582 olim
357 2540 545 2606 amplexi
564 2552 727 2582 sumus,
751 2539 914 2578 Vereor
935 2545 1075 2577 tamen
1098 2551 1223 2586 nunc,
1245 2551 1294 2577 ne
1312 2552 1373 2579 αν
1391 2539 1590 2578 debeatur
1610 2539 1896 2591 grammaticis
1919 2540 2023 2579 nudi

237 2608 320 2651 opt
313 2608 416 2638 ttivi
451 2597 539 2636 vim
574 2607 659 2636 non
695 2594 1041 2647 percipientibus.
1106 2595 1268 2634 Etenim
1299 2595 1442 2634 addito
1472 2608 1534 2636 αν
1565 2596 1773 2634 sententia
1795 2595 2020 2634 verborum

236 2654 339 2694 haee
372 2662 450 2694 est·
498 2652 704 2702 nescio,
728 2651 787 2690 ad
818 2650 1078 2700 quodnam
1109 2651 1252 2689 aliud
1284 2657 1487 2703 tempus
1521 2651 1637 2701 quis
1669 2650 1763 2690 hoc
1793 2649 2021 2690 differre

236 2710 424 2763 possit.
468 2707 636 2749 Omissa
663 2706 871 2760 particula
900 2706 1018 2745 locus
1049 2706 1110 2744 sic
1135 2707 1502 2758 inter:p1etandus
1533 2707 1736 2755 nescio,
1761 2706 1822 2746 ad
1853 2707 2020 2757 quod-

239 2778 351 2805 nam
382 2773 589 2816 tempus
620 2763 736 2814 quis
765 2762 865 2801 hoe
894 2761 1114 2801 differre
1143 2762 1276 2801 velit
1306 2774 1340 2801 s.
1374 2773 1430 2800 se
1460 2761 1683 2801 differre
1713 2773 1876 2815 posse
1906 2775 2017 2803 cre-

238 2821 337 2862 dat.
379 2821 444 2860 Ex
475 2820 631 2884 quibus
659 2818 839 2857 alterum
868 2818 995 2857 totius
1020 2817 1100 2856 loci
1122 2818 1354 2858 rationibus
1378 2818 1546 2857 videtur
1567 2818 1889 2859 convenientius
1912 2832 2022 2859 esse.

237 2890 278 2919 v.
301 2877 461 2942 Reisig.
492 2875 554 2915 De
582 2867 643 2916 ἄν
672 2873 878 2927 particula
909 2886 950 2926 p.
985 2873 1078 2914 135.
1126 2873 1326 2913 Matthiae
1356 2874 1424 2915 G1.
1454 2886 1496 2926 p.
1530 2875 1652 2917 1027.
1697 2874 1925 2918 Hermann.
1962 2875 2023 2915 De

237 2943 344 2987 part.
366 2923 428 2974 ἄν
447 2943 489 2984 p.
515 2932 596 2972 154
616 2942 710 2982 sqq.

294 3073 395 3138 Cap.
417 3072 525 3114 LVI
576 3071 624 3113 E.
675 3062 903 3117 Παντὸς
943 3069 1086 3123 μᾶλ·
1173 3084 1249 3111 nec
1270 3073 1494 3125 quidquam
1514 3073 1631 3112 aliud
1651 3077 1713 3112 est
1738 3072 2020 3124 philosophia,

240 3131 337 3172 λον
358 3121 485 3181 αρα]
509 3129 586 3167 Ita
608 3134 660 3166 ut
688 3125 818 3166 nihil
842 3138 1015 3179 supra.
1039 3139 1081 3167 v.
1171 3129 1209 3168 si
1245 3129 1528 3180 interpretari
1562 3130 1686 3176 velis,
1724 3133 1904 3181 praeter
1932 3134 2020 3168 stu·

237 3185 508 3227 Heindorf.
547 3184 602 3223 ad
637 3181 811 3223 Phaedr.
850 3195 892 3235 p.
930 3183 1084 3224 2281).
1173 3185 1282 3224 dium
1313 3186 1565 3248 sapientiae.

240 3244 345 3285 A.st
368 3242 420 3283 ad
443 3240 622 3281 Phaedr.
643 3251 685 3292 p.
710 3239 808 3279 225.
1228 3231 1259 3294 ἢ
1288 3234 1387 3282 τὸν
1423 3239 1525 3282 νῦν
1560 3232 1841 3293 παροντα]
1871 3253 1898 3280 ι
1922 3252 1958 3282 e.
1988 3229 2022 3293 ἢ

294 3298 340 3340 Ρ.
372 3300 466 3340 107
521 3292 625 3350 ἔχω
677 3308 831 3347 παρα
881 3294 1080 3348 ταῦτα]
1174 3292 1240 3344 εἰς
1269 3290 1352 3338 τὸν
1380 3290 1618 3351 παρόντα,
1651 3296 1845 3349 quippe
1880 3296 2021 3346 quod

241 3355 605 3406 Constructionem
625 3351 831 3392 illustravi
850 3351 903 3391 ad
922 3350 1081 3393 Criton.
1170 3361 1266 3393 tem
1282 3366 1376 3406 pus
1400 3362 1478 3393 est
1500 3360 1813 3400 extremum,
1837 3363 1933 3403 quo
1958 3352 2037 3403 dep

238 3425 279 3465 p.
303 3402 415 3462 541),
440 3412 493 3451 ad
517 3407 854 3461 Phileb.p.2lD.
879 3407 932 3447 cf.
958 3409 1081 3448 etiam
1170 3409 1371 3450 talibus
1393 3411 1547 3450 rebus
1569 3409 1840 3450 disserere
1869 3407 2018 3449 nobis

238 3480 368 3521 snpra
388 3468 442 3507 ad
463 3467 570 3520 p.74
583 3464 634 3509 A.
657 3463 743 3506 Cic.
766 3464 829 3504 De
851 3463 962 3507 offic.
984 3466 1035 3507 11.
1055 3467 1080 3505 2
1169 3465 1345 3509 liceat.
1386 3466 1588 3506 Absurde
1619 3463 1887 3517 Hirschig.
1923 3476 2020 3503 ver-
