2158 3718
788 137 1051 183 PHAEDo
1082 153 1128 196 p.
1153 141 1247 181 102.
1784 135 1890 188 249

117 285 302 339 ἱκανοὶ
337 280 446 353 γὰρ
483 279 596 336 ὑπὸ
631 282 833 350 σοφίας
871 277 1014 348 ὁμοῦ
1061 277 1243 332 πάντα
1281 279 1565 339 κυκῶντες
1603 274 1750 345 ὅμως
1788 275 1891 329 δύ-

113 375 327 423 νασθαι
362 365 522 422 αὐτοὶ
559 363 750 428 αὑτοῖς
786 362 1071 433 ἀρέσκειν·
1138 359 1211 415 σύ
1248 359 1324 430 δ’,
1365 365 1521 430 εἴπερ
1560 355 1610 413 εἶ
1644 362 1760 413 τῶν
1798 380 1896 428 φι-
1912 377 1994 418 102

115 453 409 522 λοσόφων,
459 447 611 521 οἶμαι
658 448 730 503 ἂν
778 445 867 514 (ὃς,
902 445 1010 517 ἐγώ
1050 447 1193 516 λέγω
1232 454 1429 508 ποιοῖς.
1501 442 1892 514 Ἀληθέστατα,

114 540 222 607 ἔφη
235 578 251 606 ,
300 537 504 605 λέγεις,
548 533 585 592 ὅ
620 554 680 588 τε
717 536 960 603 Σιμμίας
997 531 1109 603 ἅμα
1146 531 1240 585 καὶ
1287 528 1316 584 ὁ
1354 530 1553 598 Κέβης.
1630 533 1747 582 ΕΧ.
1799 526 1891 598 Νὴ

114 624 255 690 Δία,
295 614 341 675 (5
379 620 637 688 Φαίδων,
680 618 905 681 εἰκότως
940 636 1028 687 γε·
1087 618 1428 686 θαυμαστῶς
1461 614 1570 684 γάρ
1608 633 1703 684 μοι
1741 616 1901 667 δοκεῖ

115 703 190 768 (ὃς
228 706 479 774 ἐναργῶς
524 708 600 775 τῷ
639 704 732 757 καὶ
782 700 1022 773 σμικρὸν
1059 704 1203 755 νοῦν
1241 702 1424 769 ἔχοντι
1463 699 1646 752 εἰπεῖν,
1681 699 1895 762 ἐκεῖνος

113 794 308 843 ταῦτα.
387 792 598 843 ΦΑΙΔ.
650 788 818 842 Πάνυ
856 787 960 858 μὲν
997 779 1133 855 οὖν,
1173 777 1219 839 οἷ
1252 784 1587 855 Ἐχέκρατες,
1627 783 1720 836 καὶ
1757 773 1896 836 πᾶσι

112 883 230 936 τοῖς
265 877 550 944 παροῦσιν
587 872 795 936 ἔδοξεν.
873 876 988 926 ΕΧ.
1041 871 1153 924 Καὶ
1191 868 1298 940 γὰρ
1344 869 1478 939 ἡμῖν
1514 877 1630 931 τοῖς
1667 865 1894 936 ἀποῦσι,

113 962 225 1012 νῦν
263 958 325 1012 δὲ
363 956 691 1011 ἀκούουσιν.

257 1035 373 1112 Cap.
411 1045 464 1096 L.
528 1039 692 1094 Ἀλλα
728 1043 854 1094 τίνα
893 1039 961 1110 δὴ
997 1033 1071 1109 ἦν
1106 1059 1173 1092 τα
1209 1058 1345 1108 μετα
1382 1041 1558 1091 ταῦτα
1595 1037 1894 1106 λεχθέντας

116 1129 327 1180 ΦΑΙΔ.
373 1123 469 1189 Ὡς
504 1146 609 1196 μεν
649 1123 757 1194 ε’γω
797 1121 977 1195 οἶμαι,
1020 1124 1140 1177 ἐπεὶ
1178 1122 1330 1193 αὐτῷ
1366 1126 1543 1175 ταῦτα
1581 1121 1898 1190 ξυνεχωρή-

112 1216 210 1279 θη,
249 1211 344 1263 καὶ
381 1207 719 1280 ὡμολογεῖτο
759 1205 907 1263 εἷναί
940 1228 993 1261 τι
1029 1208 1268 1261 ἕκαστον
1292 1210 1408 1260 τῶν
1435 1207 1605 1259 εἰδῶν
1631 1206 1726 1260 καὶ
1762 1205 1896 1259 τού-
1926 1219 1961 1259 Β

112 1314 228 1349 των
274 1288 452 1348 τᾶλλα
497 1294 995 1366 μεταλαμβάνοντα
1043 1291 1233 1346 αὐτῶν
1278 1291 1495 1345 τούτων
1532 1289 1636 1360 τὴν
1675 1291 1898 1345 ἐπωνυ-

113 1383 249 1450 μίαν
289 1384 494 1451 ἴσχειν,
542 1377 605 1434 τὸ
654 1376 722 1448 δὴ
769 1376 905 1449 μετὰ
941 1380 1117 1431 ταῦτα
1153 1375 1361 1448 ἥρω’τα,
1401 1377 1476 1429 Εἰ
1511 1376 1609 1445 δή,
1647 1369 1684 1445 ἦ
1711 1373 1774 1428 ’δ’
1816 1373 1895 1444 ὅς,

114 1552 177 1593 De
198 1553 410 1607 Rep.VII.
429 1551 654 1606 p.534CD
677 1551 771 1594 coll.
785 1550 965 1594 Phaedr.

114 1609 161 1663 p'.
185 1609 268 1650 265
287 1609 322 1649 Ε
343 1622 435 1661 sqq.
458 1609 620 1651 Politic.
641 1622 685 1662 p.
708 1608 790 1649 285
812 1609 844 1647 A
873 1620 966 1659 sqq.

114 1664 178 1705 De
198 1666 306 1719 Rep.
329 1667 402 1707 VI.
424 1679 466 1719 p.
489 1667 568 1706 511
592 1665 639 1708 B.
682 1664 847 1712 Simul
874 1677 966 1704 au-

117 1731 217 1763 tem
255 1723 496 1771 cavebis,
534 1722 691 1772 inquit,
735 1733 795 1761 ne
834 1721 967 1761 male

114 1779 363 1830 misceas,
392 1790 500 1829 quae
536 1780 642 1818 bene
666 1777 967 1830 distinguenda

116 1842 230 1886 sunt,
249 1835 365 1875 dum
381 1847 483 1874 una
500 1846 658 1888 opera
680 1842 727 1874 et
748 1834 808 1875 de
828 1834 966 1888 prin-

117 1891 254 1945 cipio
278 1898 326 1931 et
348 1891 408 1931 de
428 1891 520 1940 iis,
546 1903 684 1942 quae
704 1891 824 1931 inde
847 1903 965 1930 con-

117 1955 436 1999 sequuntur,
475 1948 713 1988 disseras
745 1947 968 1987 sumtioni-

115 2006 195 2046 bus
225 2012 267 2045 et
295 2004 669 2045 consecutionibus
691 2011 846 2044 temere
866 2014 968 2043 con-

114 2060 240 2102 fusis.

174 2117 224 2158 E.
249 2110 451 2159 ἱκανοὶ
472 2109 579 2171 γὰρ
602 2107 710 2157 ὑπὸ
735 2113 965 2168 σοφίας]

117 2173 285 2214 Acerba
323 2185 419 2213 cum
457 2173 593 2213 ironia
628 2172 735 2212 haec
770 2172 969 2212 dicuntur

116 2229 196 2270 hoc
219 2241 371 2269 sensu:
401 2236 523 2268 sunt
553 2229 687 2267 enim
715 2228 895 2269 idonei
921 2234 968 2267 et

117 2286 184 2326 iis
225 2286 483 2326 instructi
524 2284 845 2336 virtutibus,
887 2290 966 2335 ut,

118 2342 246 2381 licet
294 2353 420 2394 prae
477 2340 746 2394 sapientia
797 2342 969 2380 omnia

120 2397 524 2451 commisceant,
554 2404 725 2437 tamen
755 2397 970 2451 possint

119 2454 391 2507 sibiipsis
425 2453 663 2519 placere,
693 2453 734 2493 h.
761 2466 795 2494 e.
826 2460 969 2493 tamen

118 2510 198 2551 hoc
222 2522 248 2550 a
270 2517 405 2550 semet
424 2510 531 2563 ipsis
553 2510 795 2564 impetrent,
817 2518 864 2550 ut
885 2509 969 2549 sibi

119 2568 246 2608 unice
281 2566 491 2635 placeant.
535 2567 790 2606 Insolentius
825 2566 968 2619 paullo

121 2631 185 2665 est
213 2623 329 2663 istud
360 2618 519 2664 ικανοὶ
541 2616 802 2664 δύνασθαι.
847 2623 970 2670 Quod

120 2685 262 2720 tamen
284 2679 456 2720 minime
479 2678 808 2720 sollicitandum.
850 2678 968 2718 Philo

119 2736 180 2777 De
211 2736 457 2802 agricultur
488 2749 531 2789 p.
556 2737 637 2776 201
659 2736 697 2775 Α
720 2737 786 2776 ed.
809 2735 903 2778 Par.
926 2748 965 2778 a.

123 2793 232 2833 1640
237 2767 352 2833 ζ’ἐαν
380 2788 578 2857 μέντοι
573 2814 626 2821 -
651 2789 735 2835 καὶ
764 2784 860 2856 ᾔδη
891 2805 970 2832 νο-

121 2847 259 2901 μίσῃς
310 2841 476 2896 ἷκανὸς
533 2843 658 2891 εἶναι
718 2842 968 2890 δύνασθαι

122 2905 316 2967 κρατεῖν
345 2902 518 2948 ιππων.
560 2905 767 2944 Nimirum
805 2898 969 2953 ἱκανός

122 2959 252 2999 animi
272 2959 513 3012 ingeniique
540 2959 798 3012 facultatem,
824 2955 969 3002 δύνα-

124 3015 244 3056 σθαι
266 3022 408 3054 autem
437 3017 498 3056 rei
523 3017 658 3069 ipsius
680 3018 762 3056 vim
788 3025 828 3056 et
848 3026 968 3070 pote·

125 3078 277 3112 statem
306 3070 531 3124 significat,
560 3079 607 3112 ut
634 3079 862 3122 utrumque
884 3086 968 3114 non

122 3135 283 3168 temere
332 3139 410 3167 nec
458 3128 585 3181 plane
634 3140 687 3168 ex
736 3129 971 3170 abundanti

121 3186 309 3224 iunctum
362 3184 431 3226 sit.
489 3184 649 3224 Eodem
698 3184 823 3224 modo
873 3193 970 3238 post

123 3233 230 3283 οἷόν
257 3252 307 3281 τε
337 3234 460 3281 εἶναι
496 3240 673 3279 infertur
703 3233 965 3284 δύνασθαι.

123 3296 288 3339 Phalar.
313 3297 446 3350 Epist.
470 3309 510 3350 p.
524 3298 606 3337 272
624 3297 690 3339 ed.
708 3296 838 3337 Lenn.
850 3296 967 3350 Lips.

126 3346 182 3394 οὗ
204 3366 294 3406 γαρ
316 3351 397 3394 οἷα
417 3349 467 3394 τέ
498 3345 594 3394 ἐστι
617 3346 863 3394 δύνασθαι
883 3366 967 3394 πε-

126 3408 308 3462 ριορᾶν,
331 3421 438 3461 quae
458 3410 611 3450 iniuria
632 3409 810 3449 tentavit
833 3409 969 3450 editor

126 3466 415 3510 doctissimus.
451 3465 654 3510 Themist.
674 3466 811 3519 Epist.
832 3466 901 3508 20.
923 3478 969 3519 p.

1053 1551 1134 1591 116
1175 1544 1277 1598 οἶός
1312 1562 1362 1591 τε
1400 1542 1525 1590 εἶναι
1560 1540 1824 1589 δύνασθαι.
1855 1560 1897 1589 v.

1051 1608 1085 1648 L
1097 1608 1156 1647 ob
1171 1608 1275 1650 eck.
1292 1607 1346 1647 ad
1362 1605 1518 1658 Phryn.
1535 1618 1577 1659 p.
1591 1606 1688 1657 753,
1708 1605 1778 1656 qui
1794 1604 1899 1645 haec

1053 1663 1108 1704 ad
1129 1663 1333 1718 parallela
1353 1662 1512 1702 retulit.

1109 1748 1156 1792 P.
1169 1749 1264 1789 102.
1282 1740 1517 1801 ΝὴΔία,
1542 1733 1896 1798 ‹limatam—J

1052 1805 1275 1845 Praeclaro
1297 1803 1470 1845 artificio
1493 1803 1671 1861 scriptor
1690 1801 1824 1841 haec
1815 1812 1899 1840 iam

1053 1861 1326 1901 Echecratem
1356 1859 1456 1899 fecit
1476 1848 1704 1910 dicentem,
1728 1859 1799 1909 qui
1821 1869 1896 1896 an-

1051 1927 1120 1958 tea
1149 1925 1188 1957 et
1215 1919 1309 1970 ipse
1339 1917 1391 1956 de
1413 1915 1599 1956 Socratis
1626 1914 1837 1954 sententia
1856 1913 1900 1953 in

1052 1974 1280 2014 maximam
1310 1973 1525 2013 coniectus
1556 1977 1645 2011 erat
1672 1969 1898 2010 dubitatio-

1054 2043 1164 2070 nem.
1204 2028 1431 2070 Ceterum
1422 2039 1575 2081 lungas
1605 2024 1901 2081 θαυμαστῶς

1054 2100 1116 2136 ως
1140 2079 1361 2139 ἐναργῶς.

1112 2169 1212 2224 Cap
1234 2169 1280 2209 L.
1315 2163 1547 2210 εἴναίτι
1570 2162 1900 2219 ’ἕκαστον-Ἰ

1053 2227 1096 2271 h.
1122 2240 1158 2267 e.
1203 2237 1624 2276 unamquamque
1664 2225 1900 2264 idearum

1057 2296 1179 2324 esse
1219 2282 1427 2334 aliquid
1466 2289 1515 2320 et
1554 2280 1645 2333 per
1685 2292 1739 2320 se
1775 2292 1901 2320 con-

1056 2341 1275 2386 sistere;
1319 2350 1376 2378 eo
1414 2346 1603 2388 autem,
1645 2337 1781 2388 quod
1816 2349 1902 2376 ce·

1056 2403 1202 2437 terae
1231 2407 1337 2445 res,
1371 2395 1423 2434 ab
1443 2394 1552 2434 ideis
1577 2394 1784 2458 diversae,
1809 2393 1839 2433 i.
1861 2405 1898 2436 e.

1054 2453 1253 2493 sensibus
1289 2451 1505 2491 subiectae
1540 2437 1748 2500 (ταλλα),
1779 2448 1901 2488 illa-

1054 2522 1161 2549 rum
1193 2508 1489 2562 participes
1519 2507 1651 2555 sint,
1681 2505 1825 2553 fieri,
1847 2511 1904 2545 ut

1057 2574 1104 2606 et
1149 2567 1299 2619 ipsae
1347 2564 1558 2603 illarum
1608 2573 1900 2614 cognomen

1055 2622 1341 2674 accipiant.
1384 2618 1438 2661 Ut
1460 2632 1555 2660 cum
1577 2631 1723 2659 verum
1745 2630 1770 2657 a
1789 2619 1903 2658 veri-

1054 2687 1154 2727 tate,
1186 2679 1345 2717 bonum
1375 2690 1399 2716 a
1427 2676 1629 2729 bonitate,
1660 2674 1858 2739 pulcrum
1879 2685 1903 2713 a

1054 2732 1353 2789 pulcritudine,
1393 2745 1595 2786 magnum
1637 2743 1661 2770 a
1688 2731 1900 2784 magnitu-

1056 2793 1154 2831 dine
1174 2790 1424 2844 appellatur.
1446 2788 1686 2830 Parmenid.
1710 2798 1750 2839 p.
1759 2761 1900 2852 ι>ε13οΕ

1057 2847 1197 2889 ὃοκει
1232 2857 1306 2887 σοι
1349 2844 1455 2899 εἰὸη
1498 2849 1624 2887 ειναι
1665 2857 1800 2893 αττα,
1837 2832 1903 2884 ὧν

1057 2898 1174 2946 ταὸε
1214 2917 1271 2943 τα
1315 2860 1455 2943 ἄλλαη
1471 2895 1902 2971 μεταλαμβάνοντα

1056 2953 1141 3009 τὰς
1192 2952 1473 3026 ἐπωνυμίας
1525 2952 1683 2999 αὐτῶν
1734 2954 1901 3019 ἴσχειν.

1057 3009 1203 3058 οἷον
1183 3009 1461 3081 ομοιότητος
1490 3028 1577 3081 μεν
1597 3005 1902 3079 μεταλαμβά-

1056 3086 1201 3114 νοντα
1212 3065 1386 3137 ὅμοια,
1409 3067 1648 3140 μεγέθους
1680 3064 1733 3108 δὲ
1758 3060 1900 3132 μεγά-

1057 3130 1130 3178 λα,
1162 3122 1364 3176 κάλλους
1395 3123 1448 3169 δὲ
1477 3124 1559 3168 καὶ
1582 3117 1902 3190 δικαιοσύνης

1057 3179 1224 3227 δίκαιά
1265 3197 1314 3226 τε
1354 3198 1437 3226 και
1473 3176 1597 3224 καλοὶ
1630 3179 1898 3235 γίγνεσθαι.

1057 3242 1163 3282 Nam
1190 3228 1340 3282 ταλλα
1369 3249 1467 3280 sunt
1495 3251 1561 3278 ies
1592 3238 1634 3276 in
1655 3248 1808 3277 sensus
1831 3246 1904 3275 ca-

1056 3299 1220 3350 dentes,
1243 3310 1352 3349 quae
1373 3297 1414 3336 in
1437 3293 1686 3335 Parmenide
1706 3305 1751 3346 p.
1741 3293 1899 3333 ,157-

1055 3355 1136 3395 159
1162 3355 1220 3396 al.
1252 3354 1377 3394 modo
1424 3345 1481 3392 τὰ
1513 3342 1658 3399 ἄλλα,
1688 3348 1813 3389 modo
1842 3359 1899 3387 τα

1058 3405 1194 3462 ετερα
1227 3409 1455 3457 vocamina}
1504 3407 1572 3448 Sic
1602 3407 1726 3445 etiarn
1751 3403 1896 3456 Symp.
