2158 3718
627 157 748 209 AD
800 154 1308 210 CRITONEM.
1714 156 1813 207 135.)

130 319 224 354 cos
263 298 489 352 Graecis
526 306 580 350 et
617 298 876 350 Romanis
913 297 1193 368 placuerit.
1231 296 1356 348 Hal.
1397 295 1524 349 Sax.
1569 298 1721 349 1789.
1763 299 1812 350 8.

130 371 176 423 Ι.
215 371 318 424 Fr.
357 369 610 422 Bruch:
662 369 750 421 De
801 389 980 421 amore
1030 368 1386 420 inimicorum.
1461 371 1812 438 Argentorat.

135 444 287 495 1811.
327 443 375 494 8.
422 439 590 494 Lud.
631 440 803 493 Phil.
842 438 1264 509 Huepeden:
1305 436 1667 491 Commentat.
1708 459 1815 508 qua

130 520 475 584 comparatur
511 511 759 565 doctrina
805 511 872 563 de
910 530 1091 563 amore
1129 510 1469 562 inimicorum
1507 507 1816 563 Christiana

130 603 252 648 cum
302 603 392 650 ea,
449 602 586 652 quae
634 591 749 635 tum
797 582 853 633 in
902 581 1175 635 nonnullis
1213 581 1285 633 V.
1325 581 1389 632 T.
1437 579 1569 634 locis
1606 588 1720 633 tum
1757 582 1813 634 in

127 654 279 708 libris
320 654 766 725 philosophorum
813 651 1071 706 Graecor.
1126 660 1179 704 et
1227 652 1516 704 Romanor.
1563 652 1813 705 traditur.

130 723 380 797 Gotting.
425 727 577 778 1817.
616 725 712 792 4.).
796 723 945 791 Quin
995 725 1156 776 etiam
1206 723 1385 793 ipsum
1431 723 1679 775 novimus
1719 724 1815 777 ho-

126 797 325 850 minem
372 796 538 850 fuisse
583 796 796 862 mitem,
848 797 1050 864 lenem,
1091 801 1459 859 mansuetum,
1500 793 1813 863 humanum,

126 868 257 921 licet
305 867 409 920 hoc
463 886 680 937 quoque
715 867 772 918 in
809 885 1001 937 genere
1038 867 1205 919 officii
1242 865 1493 917 utilitatis
1534 866 1816 919 cuiusdam

126 939 392 992 rationem
422 938 731 992 ‘ducendam
770 938 1173 990 existimaverit.
1248 936 1445 1004 Neque
1495 956 1622 989 vero
1659 938 1814 1008 Epi-

130 1019 373 1064 ctetus
415 1011 715 1080 Disputatt.
741 1010 929 1061 Arian.
960 1008 1062 1061 IV.
1099 1011 1145 1060 l.
1175 1008 1293 1060 133.
1327 1009 1448 1060 167.
1488 1007 1813 1061 Themist.

129 1082 281 1134 Diss,
313 1081 418 1133 IX.
468 1082 667 1149 aliique
719 1079 1105 1132 dubitaverunt
1150 1078 1292 1131 hanc
1339 1078 1445 1146 ipsi
1492 1080 1816 1132 sententiam

128 1153 451 1220 attribuere,
521 1170 683 1220 quam
730 1150 890 1203 Plato
956 1150 1057 1203 sub
1117 1149 1334 1202 nomine
1395 1148 1510 1202 eius
1570 1148 1816 1204 defendit

127 1223 288 1276 etiam
325 1222 557 1292 Republ.
596 1223 640 1275 Ι.
679 1242 732 1292 p.
771 1223 891 1275 334.
929 1222 982 1273 A
1021 1240 1170 1290 sqq.,
1223 1228 1580 1290 susceperunt
1624 1230 1817 1291 postea

126 1293 302 1349 Stoici
349 1313 566 1363 quoque
615 1294 815 1361 aliique
863 1292 1201 1364 philosophi,
1256 1291 1419 1344 sicuti
1468 1290 1672 1345 dudum
1724 1293 1816 1346 de-

125 1372 561 1419 monstraverunt
625 1364 729 1416 Hu
745 1383 825 1436 go
880 1361 1173 1417 Grotius
1217 1363 1302 1415 De
1350 1362 1594 1416 Veritate
1641 1363 1815 1436 Relig.

124 1436 419 1491 Christian.
458 1436 610 1491 Libr.
648 1436 751 1489 IV.
793 1436 840 1504 ξ.
885 1437 965 1488 12.
1006 1455 1129 1487 ann.
1170 1437 1218 1488 3.
1258 1441 1312 1486 et
1347 1433 1683 1488 Buddeus
1722 1436 1815 1488 In-

122 1507 358 1562 troduct.
398 1507 468 1560 ad
507 1506 700 1576 philos
741 1506 910 1560 Stoio.
947 1525 1014 1558 ex
1050 1515 1229 1558 mente
1265 1505 1534 1558 Antonini
1558 1507 1814 1577 Imperat.

125 1580 422 1650 praemissa
486 1581 618 1632 edit.
682 1576 832 1631 Chr.
894 1577 1171 1645 Wollii,
1235 1575 1380 1630 Sect.
1434 1576 1563 1629 VII.
1623 1579 1669 1646 ξ.
1736 1581 1815 1633 16.

126 1650 361 1705 Accedit
395 1670 526 1703 vero
582 1649 652 1702 ad
690 1649 824 1702 haec
859 1649 1030 1719 ipsius
1080 1647 1322 1702 Critonis
1372 1648 1645 1701 Platonici
1692 1670 1817 1721 gra-

124 1723 349 1776 vissima
387 1722 698 1788 auctorit-ae,
740 1719 1177 1790 quandoquidem
1213 1741 1267 1791 p.
1305 1722 1392 1772 49.
1432 1722 1501 1772 A.
1558 1719 1816 1775 Socrates

126 1795 202 1846 ita
253 1794 482 1863 loquens
530 1791 835 1860 inducitur,
884 1799 946 1845 ut
992 1810 1110 1845 sese
1146 1792 1252 1844 iam
1290 1791 1419 1844 olim
1456 1792 1513 1843 in
1551 1810 1614 1844 ea
1649 1792 1815 1846 fuisse

125 1865 399 1918 sententia
447 1864 769 1936 profiteatur
832 1863 930 1934 (ὠς
987 1863 1252 1926 πολλάκις
1308 1863 1442 1931 ἡμῖν
1490 1869 1548 1914 ὲν
1598 1866 1673 1926 τῷ
1726 1869 1815 1934 ἔμ-

124 1941 375 2005 apogeum:
409 1935 593 2004 χρόνῳ
636 1933 1029 2004 ὡμολογήθη),
1068 1942 1133 1992 ut
1167 1934 1315 1987 nullo
1351 1941 1515 2005 pacto
1553 1953 1620 1987 ne
1644 1933 1815 1988 laces-

125 2009 288 2061 situm
326 2006 544 2077 quidem
582 2005 738 2058 alteri
774 2005 1024 2059 iniuriam
1062 2006 1273 2058 inferre
1303 2006 1503 2058 iustum
1539 2024 1660 2058 esse
1703 2008 1815 2059 exi-

123 2078 442 2132 stimaverit.
517 2079 712 2146 Itaque
761 2077 895 2129 nihil
943 2085 1026 2131 est
1060 2079 1338 2147 profecto,
1390 2095 1485 2128 cur
1531 2077 1815 2130 Platonem

126 2151 463 2221 suspicemur
512 2149 615 2201 hac
651 2149 708 2200 in
748 2156 902 2217 parte
943 2147 1225 2202 Socratem
1264 2167 1383 2200 eum
1419 2147 1814 2217 informavisse,

125 2221 219 2290 qui
256 2241 289 2273 a
324 2239 422 2273 sua
458 2220 631 2289 ipsius
669 2220 876 2271 ratione
905 2226 1068 2288 atque
1095 2218 1343 2271 doctrina
1368 2218 1664 2272 descivisse
1702 2221 1816 2273 exi-

124 2290 426 2345 stimandus
469 2291 557 2343 sit.
643 2290 760 2342 Iam
811 2309 936 2341 vero
985 2288 1133 2359 quod
1182 2290 1273 2342 ille
1324 2297 1564 2342 extrema
1613 2290 1815 2363 dialogi

125 2370 279 2434 parte
326 2361 454 2416 inde
503 2381 535 2413 a
570 2380 623 2430 p.
663 2363 746 2414 50.
786 2362 840 2413 A
878 2379 998 2430 sqq.
1054 2362 1130 2413 ita
1179 2360 1446 2431 disputat,
1495 2368 1557 2413 ut
1603 2362 1814 2416 civitati

125 2442 288 2504 atque
335 2433 549 2504 legibus
595 2432 829 2502 publicis
879 2433 1166 2484 maximam
1212 2452 1311 2502 per
1347 2431 1527 2484 omnia
1561 2452 1813 2486 reveren-

122 2506 255 2558 tiam
309 2504 493 2558 deberi
542 2502 829 2571 ostendat,
897 2503 1109 2556 etiamsi
1149 2502 1285 2556 haec
1333 2522 1460 2574 pars
1512 2504 1691 2574 operis
1742 2506 1809 2559 ab

123 2579 246 2649 ipso
293 2576 526 2629 Platone
575 2575 851 2644 copiosius
900 2582 1160 2627 exornata
1207 2593 1326 2627 esse
1386 2573 1666 2642 videatur,
1728 2583 1810 2629 ta-

123 2668 246 2701 men
281 2666 348 2701 ne
386 2647 477 2700 hic
513 2644 731 2716 quidem
769 2645 1065 2715 quidquam
1100 2645 1328 2715 reperiri
1350 2652 1624 2715 putamUS,
1662 2648 1812 2716 quod

124 2739 235 2773 non
271 2737 395 2772 cum
430 2718 575 2771 illius
611 2724 791 2770 mente
842 2736 906 2770 ac
956 2717 1227 2770 sententia
1260 2717 1573 2788 planissime
1613 2736 1812 2772 conve-

123 2792 253 2844 niat.
328 2789 560 2844 Constat
597 2789 739 2842 enim
775 2788 897 2858 ipso
921 2788 1151 2842 Platone
1182 2795 1341 2854 teste,
1383 2787 1664 2841 Socratem
1700 2798 1813 2843 tam

123 2881 370 2916 severum
419 2861 585 2914 fuisse
636 2859 940 2912 officiorum
983 2859 1197 2930 legibus
1234 2859 1468 2930 publicis
1505 2867 1670 2928 atque
1708 2862 1812 2914 rei-

124 2933 373 3003 publicae
411 2931 716 2985 debitorum
754 2938 1078 2997 exactorem,
1117 2939 1181 2984 ut
1213 2931 1372 3002 plane
1411 2931 1676 3000 spreverit
1711 2951 1812 3001 po-

124 3004 239 3074 puli
284 3003 560 3056 licentiam
605 3002 662 3054 in
711 3001 932 3054 civitate
970 3001 1311 3055 Athenarum
1366 3002 1539 3072 magis
1588 3002 1646 3054 in
1693 3002 1809 3057 dies

122 3074 362 3146 grassari
419 3073 743 3140 minantem,
805 3079 969 3143 atque
1030 3092 1140 3126 una
1195 3092 1317 3127 cum
1364 3072 1649 3142 discipulis
1697 3075 1810 3128 suis

123 3146 451 3200 Doricarum
501 3143 777 3197 civitatum
828 3144 1152 3215 gravitatem
1203 3151 1257 3198 et
1294 3144 1652 3198 constantiam
1683 3165 1810 3216 pro-

123 3218 255 3271 bare
300 3215 577 3283 maluerit,
634 3233 795 3283 quam
839 3214 1184 3286 popularium
1241 3235 1461 3270 suorum
1515 3214 1808 3269 levitatem.

124 3287 214 3342 De
254 3307 362 3358 qua
397 3306 454 3340 re
489 3308 541 3341 v.
580 3284 944 3339 Commentar.
983 3284 1053 3339 ad
1077 3283 1287 3340 Criton.
1307 3307 1361 3358 p.
1390 3288 1473 3340 52.
1497 3286 1564 3339 E.
1604 3286 1810 3354 Quam-

38 3420 42 3427 ,
123 3359 310 3414 obrem
359 3359 475 3413 sine
536 3357 703 3412 dubio
753 3376 846 3410 eos
891 3375 1083 3411 sensus
1133 3358 1303 3427 gessit
1349 3365 1513 3426 atque
1563 3358 1806 3422 retinuit,
