<?xml version="1.0" encoding="UTF-8"?>
<!DOCTYPE html PUBLIC "-//W3C//DTD XHTML 1.0 Transitional//EN"
    "http://www.w3.org/TR/xhtml1/DTD/xhtml1-transitional.dtd">
<html xmlns="http://www.w3.org/1999/xhtml" xml:lang="en" lang="en">
 <head>
  <title>
</title>
<meta http-equiv="Content-Type" content="text/html;charset=utf-8" />
  <meta name='ocr-system' content='tesseract 3.04.00' />
  <meta name='ocr-capabilities' content='ocr_page ocr_carea ocr_par ocr_line ocrx_word'/>
</head>
<body>
  <div class='ocr_page' id='page_1' title='image "./operaomniarecens01platuoft/operaomniarecens01platuoft_0497.png"; bbox 0 0 2158 3718; ppageno 0'>
   <div class='ocr_carea' id='block_1_1' title="bbox 0 0 1888 216">
    <p class='ocr_par' dir='ltr' id='par_1_1' title="bbox 0 0 1888 216">
     <span class='ocr_line' id='line_1_1' title="bbox 0 0 1888 216; baseline 0 -18"><span class='ocrx_word' id='word_1_1' title='bbox 0 0 1888 216; x_wconf 95' lang='lat' dir='ltr'><em>   </em></span> 
     </span>
    </p>
   </div>
   <div class='ocr_carea' id='block_1_2' title="bbox 779 77 1913 178">
    <p class='ocr_par' dir='ltr' id='par_1_2' title="bbox 779 77 1913 178">
     <span class='ocr_line' id='line_1_2' title="bbox 779 77 1913 178; baseline 0.003 -22"><span class='ocrx_word' id='word_1_2' title='bbox 779 77 1062 170; x_wconf 65' lang='lat' dir='ltr'><em>PHAEDo</em></span> <span class='ocrx_word' id='word_1_3' title='bbox 1090 128 1131 170; x_wconf 81' lang='lat' dir='ltr'><em>p.</em></span> <span class='ocrx_word' id='word_1_4' title='bbox 1167 118 1236 159; x_wconf 77' lang='lat'><em>77.</em></span> <span class='ocrx_word' id='word_1_5' title='bbox 1314 155 1340 178; x_wconf 59' lang='lat'><em>„</em></span> <span class='ocrx_word' id='word_1_6' title='bbox 1814 119 1913 175; x_wconf 78' lang='lat'><em>161</em></span> 
     </span>
    </p>
   </div>
   <div class='ocr_carea' id='block_1_3' title="bbox 44 249 1913 659">
    <p class='ocr_par' dir='ltr' id='par_1_3' title="bbox 44 249 1913 659">
     <span class='ocr_line' id='line_1_3' title="bbox 44 249 1913 321; baseline 0.003 -17"><span class='ocrx_word' id='word_1_7' title='bbox 44 271 46 273; x_wconf 88' lang='lat'>·</span> <span class='ocrx_word' id='word_1_8' title='bbox 128 252 358 320; x_wconf 79' lang='grc' dir='ltr'><em>νέσθαι,</em></span> <span class='ocrx_word' id='word_1_9' title='bbox 398 251 452 304; x_wconf 81' lang='grc' dir='ltr'><em>εἰ</em></span> <span class='ocrx_word' id='word_1_10' title='bbox 483 250 672 320; x_wconf 79' lang='grc' dir='ltr'><strong><em>μέλλει</em></strong></span> <span class='ocrx_word' id='word_1_11' title='bbox 706 251 865 314; x_wconf 80' lang='grc' dir='ltr'><em>τέλος</em></span> <span class='ocrx_word' id='word_1_12' title='bbox 900 249 933 321; x_wconf 85' lang='grc' dir='ltr'><em>ἡ</em></span> <span class='ocrx_word' id='word_1_13' title='bbox 973 249 1253 316; x_wconf 79' lang='grc' dir='ltr'><em>ἀπόδειξις</em></span> <span class='ocrx_word' id='word_1_14' title='bbox 1290 254 1455 320; x_wconf 84' lang='grc' dir='ltr'><em>ἔχειν.</em></span> <span class='ocrx_word' id='word_1_15' title='bbox 1502 250 1913 310; x_wconf 85' lang='grc' dir='ltr'><em>Ἀποδέδεικται</em></span> 
     </span>
     <span class='ocr_line' id='line_1_4' title="bbox 125 328 1911 409; baseline 0.003 -22"><span class='ocrx_word' id='word_1_16' title='bbox 125 336 253 404; x_wconf 81' lang='grc' dir='ltr'><em>μέν,</em></span> <span class='ocrx_word' id='word_1_17' title='bbox 291 337 419 405; x_wconf 80' lang='grc' dir='ltr'><em>ἔφη,</em></span> <span class='ocrx_word' id='word_1_18' title='bbox 459 328 507 388; x_wconf 68' lang='grc' dir='ltr'><em>αἶ</em></span> <span class='ocrx_word' id='word_1_19' title='bbox 530 338 744 405; x_wconf 82' lang='grc' dir='ltr'><strong><em>Σιμμία</em></strong></span> <span class='ocrx_word' id='word_1_20' title='bbox 780 354 840 388; x_wconf 86' lang='grc' dir='ltr'><em>τε</em></span> <span class='ocrx_word' id='word_1_21' title='bbox 877 337 971 389; x_wconf 84' lang='grc' dir='ltr'><em>καὶ</em></span> <span class='ocrx_word' id='word_1_22' title='bbox 996 337 1197 407; x_wconf 78' lang='grc' dir='ltr'><em>Κέβης,</em></span> <span class='ocrx_word' id='word_1_23' title='bbox 1236 335 1266 390; x_wconf 88' lang='grc' dir='ltr'>ὁ</span> <span class='ocrx_word' id='word_1_24' title='bbox 1294 336 1618 407; x_wconf 78' lang='grc' dir='ltr'><strong><em>Σωκράτης,</em></strong></span> <span class='ocrx_word' id='word_1_25' title='bbox 1652 340 1746 391; x_wconf 82' lang='grc' dir='ltr'><em>καὶ</em></span> <span class='ocrx_word' id='word_1_26' title='bbox 1780 344 1911 409; x_wconf 86' lang='grc' dir='ltr'><em>νῦν,</em></span> 
     </span>
     <span class='ocr_line' id='line_1_5' title="bbox 129 417 1912 490; baseline 0.002 -18"><span class='ocrx_word' id='word_1_27' title='bbox 129 420 184 472; x_wconf 85' lang='grc' dir='ltr'><em>εί</em></span> <span class='ocrx_word' id='word_1_28' title='bbox 213 419 410 474; x_wconf 85' lang='grc' dir='ltr'><em>θέλετε</em></span> <span class='ocrx_word' id='word_1_29' title='bbox 445 424 747 472; x_wconf 79' lang='grc' dir='ltr'><em>συνθεῖναι</em></span> <span class='ocrx_word' id='word_1_30' title='bbox 772 420 978 473; x_wconf 78' lang='grc' dir='ltr'><em>τοῦτόν</em></span> <span class='ocrx_word' id='word_1_31' title='bbox 1014 440 1074 474; x_wconf 87' lang='grc' dir='ltr'><em>τε</em></span> <span class='ocrx_word' id='word_1_32' title='bbox 1108 417 1210 474; x_wconf 80' lang='grc' dir='ltr'><em>τὸν</em></span> <span class='ocrx_word' id='word_1_33' title='bbox 1247 421 1420 490; x_wconf 92' lang='grc' dir='ltr'><em>λόγον</em></span> <span class='ocrx_word' id='word_1_34' title='bbox 1458 423 1536 484; x_wconf 79' lang='grc' dir='ltr'><em>εἰς</em></span> <span class='ocrx_word' id='word_1_35' title='bbox 1571 421 1780 476; x_wconf 80' lang='grc' dir='ltr'><em>ταύτὸν</em></span> <span class='ocrx_word' id='word_1_36' title='bbox 1819 426 1912 477; x_wconf 81' lang='grc' dir='ltr'><em>καὶ</em></span> 
     </span>
     <span class='ocr_line' id='line_1_6' title="bbox 129 500 1912 574; baseline 0.003 -18"><span class='ocrx_word' id='word_1_37' title='bbox 129 501 199 558; x_wconf 76' lang='grc' dir='ltr'><em>ὃν</em></span> <span class='ocrx_word' id='word_1_38' title='bbox 235 500 345 572; x_wconf 77' lang='grc' dir='ltr'><em>πρὸ</em></span> <span class='ocrx_word' id='word_1_39' title='bbox 382 502 589 556; x_wconf 85' lang='grc' dir='ltr'><em>τούτου</em></span> <span class='ocrx_word' id='word_1_40' title='bbox 627 500 1084 574; x_wconf 74' lang='grc' dir='ltr'><em>ὡμολογήσαμεν,</em></span> <span class='ocrx_word' id='word_1_41' title='bbox 1125 502 1186 558; x_wconf 84' lang='grc' dir='ltr'><em>τὸ</em></span> <span class='ocrx_word' id='word_1_42' title='bbox 1223 507 1525 573; x_wconf 88' lang='grc' dir='ltr'><em>γίγνεσθαι</em></span> <span class='ocrx_word' id='word_1_43' title='bbox 1549 508 1665 559; x_wconf 78' lang='grc' dir='ltr'><em>πᾶν</em></span> <span class='ocrx_word' id='word_1_44' title='bbox 1702 504 1764 559; x_wconf 82' lang='grc' dir='ltr'><em>τὸ</em></span> <span class='ocrx_word' id='word_1_45' title='bbox 1803 510 1912 573; x_wconf 74' lang='grc' dir='ltr'><em>ζῶν</em></span> 
     </span>
     <span class='ocr_line' id='line_1_7' title="bbox 128 579 1910 659; baseline 0.002 -19"><span class='ocrx_word' id='word_1_46' title='bbox 128 579 195 640; x_wconf 58' lang='grc' dir='ltr'><em>’ἐκ</em></span> <span class='ocrx_word' id='word_1_47' title='bbox 232 589 334 640; x_wconf 84' lang='grc' dir='ltr'><em>τοῦ</em></span> <span class='ocrx_word' id='word_1_48' title='bbox 372 590 698 650; x_wconf 78' lang='grc' dir='ltr'><em>τεθνεῶτος.</em></span> <span class='ocrx_word' id='word_1_49' title='bbox 777 589 829 641; x_wconf 89' lang='grc' dir='ltr'><em>εί</em></span> <span class='ocrx_word' id='word_1_50' title='bbox 863 587 970 656; x_wconf 78' lang='grc' dir='ltr'><em>γὰρ</em></span> <span class='ocrx_word' id='word_1_51' title='bbox 1010 591 1125 642; x_wconf 84' lang='grc' dir='ltr'><em>ἔστι</em></span> <span class='ocrx_word' id='word_1_52' title='bbox 1162 588 1267 658; x_wconf 79' lang='grc' dir='ltr'><em>μὲν</em></span> <span class='ocrx_word' id='word_1_53' title='bbox 1304 587 1337 658; x_wconf 79' lang='grc' dir='ltr'><em>ἡ</em></span> <span class='ocrx_word' id='word_1_54' title='bbox 1377 587 1526 659; x_wconf 73' lang='grc' dir='ltr'><em>ψυχὴ</em></span> <span class='ocrx_word' id='word_1_55' title='bbox 1577 590 1671 642; x_wconf 77' lang='grc' dir='ltr'><em>καὶ</em></span> <span class='ocrx_word' id='word_1_56' title='bbox 1708 591 1910 659; x_wconf 77' lang='grc' dir='ltr'><em>πρότε-</em></span> 
     </span>
    </p>
   </div>
   <div class='ocr_carea' id='block_1_4' title="bbox 126 667 1966 745">
    <p class='ocr_par' dir='ltr' id='par_1_4' title="bbox 126 667 1966 745">
     <span class='ocr_line' id='line_1_8' title="bbox 126 667 1966 745; baseline 0.004 -22"><span class='ocrx_word' id='word_1_57' title='bbox 126 690 252 740; x_wconf 76' lang='grc' dir='ltr'><em>ρον,</em></span> <span class='ocrx_word' id='word_1_58' title='bbox 290 667 504 739; x_wconf 79' lang='grc' dir='ltr'><em>ἀνάγκη</em></span> <span class='ocrx_word' id='word_1_59' title='bbox 543 671 605 724; x_wconf 77' lang='grc' dir='ltr'><em>δὲ</em></span> <span class='ocrx_word' id='word_1_60' title='bbox 643 671 786 742; x_wconf 76' lang='grc' dir='ltr'><em>αὐτῇ</em></span> <span class='ocrx_word' id='word_1_61' title='bbox 826 674 903 735; x_wconf 80' lang='grc' dir='ltr'><em>εἰς</em></span> <span class='ocrx_word' id='word_1_62' title='bbox 940 671 1002 726; x_wconf 84' lang='grc' dir='ltr'><em>τὸ</em></span> <span class='ocrx_word' id='word_1_63' title='bbox 1042 676 1138 741; x_wconf 77' lang='grc' dir='ltr'><em>ζῆν</em></span> <span class='ocrx_word' id='word_1_64' title='bbox 1177 673 1341 743; x_wconf 80' lang='grc' dir='ltr'><em>ἰούσῃ</em></span> <span class='ocrx_word' id='word_1_65' title='bbox 1379 694 1439 727; x_wconf 84' lang='grc' dir='ltr'><em>τε</em></span> <span class='ocrx_word' id='word_1_66' title='bbox 1476 674 1570 727; x_wconf 81' lang='grc' dir='ltr'><em>καὶ</em></span> <span class='ocrx_word' id='word_1_67' title='bbox 1607 675 1910 745; x_wconf 71' lang='grc' dir='ltr'><em>γιγνομένῃ</em></span> <span class='ocrx_word' id='word_1_68' title='bbox 1932 690 1966 732; x_wconf 90' lang='lat' dir='ltr'>D</span> 
     </span>
    </p>
   </div>
   <div class='ocr_carea' id='block_1_5' title="bbox 127 753 1911 826">
    <p class='ocr_par' dir='ltr' id='par_1_5' title="bbox 127 753 1911 826">
     <span class='ocr_line' id='line_1_9' title="bbox 127 753 1911 826; baseline 0.003 -19"><span class='ocrx_word' id='word_1_69' title='bbox 127 754 458 824; x_wconf 80' lang='grc' dir='ltr'><em>μηδαμόθεν</em></span> <span class='ocrx_word' id='word_1_70' title='bbox 494 753 742 810; x_wconf 79' lang='grc' dir='ltr'><em>ἄλλοθεν</em></span> <span class='ocrx_word' id='word_1_71' title='bbox 779 756 815 826; x_wconf 79' lang='grc' dir='ltr'><em>ἢ</em></span> <span class='ocrx_word' id='word_1_72' title='bbox 854 757 917 810; x_wconf 83' lang='grc' dir='ltr'><em>ἐκ</em></span> <span class='ocrx_word' id='word_1_73' title='bbox 954 756 1210 810; x_wconf 87' lang='grc' dir='ltr'><em>θανάτου</em></span> <span class='ocrx_word' id='word_1_74' title='bbox 1256 759 1350 810; x_wconf 78' lang='grc' dir='ltr'><em>καὶ</em></span> <span class='ocrx_word' id='word_1_75' title='bbox 1399 758 1462 811; x_wconf 83' lang='grc' dir='ltr'><em>ἐκ</em></span> <span class='ocrx_word' id='word_1_76' title='bbox 1499 761 1602 811; x_wconf 78' lang='grc' dir='ltr'><em>τοῦ</em></span> <span class='ocrx_word' id='word_1_77' title='bbox 1639 758 1911 812; x_wconf 78' lang='grc' dir='ltr'><em>τεθνάναι</em></span> 
     </span>
    </p>
   </div>
   <div class='ocr_carea' id='block_1_6' title="bbox 39 838 1908 913">
    <p class='ocr_par' dir='ltr' id='par_1_6' title="bbox 39 838 1908 913">
     <span class='ocr_line' id='line_1_10' title="bbox 39 838 1908 913; baseline 0.003 -22"><span class='ocrx_word' id='word_1_78' title='bbox 39 843 42 847; x_wconf 86' lang='grc'><strong>’</strong></span> <span class='ocrx_word' id='word_1_79' title='bbox 124 841 456 907; x_wconf 81' lang='grc' dir='ltr'><em>γίγνεσθαι,</em></span> <span class='ocrx_word' id='word_1_80' title='bbox 503 843 620 902; x_wconf 72' lang='grc' dir='ltr'><em>πῶς</em></span> <span class='ocrx_word' id='word_1_81' title='bbox 657 838 762 894; x_wconf 82' lang='grc' dir='ltr'><em>οὐκ</em></span> <span class='ocrx_word' id='word_1_82' title='bbox 812 839 1026 911; x_wconf 77' lang='grc' dir='ltr'><em>ἀνάγκη</em></span> <span class='ocrx_word' id='word_1_83' title='bbox 1065 839 1208 910; x_wconf 81' lang='grc' dir='ltr'><em>αὐτῇ</em></span> <span class='ocrx_word' id='word_1_84' title='bbox 1247 843 1339 894; x_wconf 81' lang='grc' dir='ltr'><em>καὶ</em></span> <span class='ocrx_word' id='word_1_85' title='bbox 1379 840 1609 895; x_wconf 80' lang='grc' dir='ltr'><em>ἐπειδὰν</em></span> <span class='ocrx_word' id='word_1_86' title='bbox 1647 841 1908 913; x_wconf 76' lang='grc' dir='ltr'><em>ἀποθάνῃ</em></span> 
     </span>
    </p>
   </div>
   <div class='ocr_carea' id='block_1_7' title="bbox 118 917 1913 1416">
    <p class='ocr_par' dir='ltr' id='par_1_7' title="bbox 126 917 1912 1077">
     <span class='ocr_line' id='line_1_11' title="bbox 126 917 1912 994; baseline 0.003 -18"><span class='ocrx_word' id='word_1_87' title='bbox 126 919 302 992; x_wconf 79' lang='grc' dir='ltr'><em>εἶναι,</em></span> <span class='ocrx_word' id='word_1_88' title='bbox 354 923 548 993; x_wconf 84' lang='grc' dir='ltr'><em>ἐπειδή</em></span> <span class='ocrx_word' id='word_1_89' title='bbox 584 944 648 991; x_wconf 87' lang='grc' dir='ltr'><em>γε</em></span> <span class='ocrx_word' id='word_1_90' title='bbox 688 926 779 977; x_wconf 88' lang='grc' dir='ltr'><em>δει</em></span> <span class='ocrx_word' id='word_1_91' title='bbox 810 917 980 987; x_wconf 76' lang='grc' dir='ltr'><em>αὖθις</em></span> <span class='ocrx_word' id='word_1_92' title='bbox 1019 923 1196 994; x_wconf 79' lang='grc' dir='ltr'><em>αὐτὴν</em></span> <span class='ocrx_word' id='word_1_93' title='bbox 1242 928 1567 993; x_wconf 88' lang='grc' dir='ltr'><em>γίγνεσθαι;</em></span> <span class='ocrx_word' id='word_1_94' title='bbox 1618 925 1912 981; x_wconf 74' lang='grc' dir='ltr'><em>ἀποδέδει-</em></span> 
     </span>
     <span class='ocr_line' id='line_1_12' title="bbox 130 1006 1275 1077; baseline 0 -17"><span class='ocrx_word' id='word_1_95' title='bbox 130 1026 258 1060; x_wconf 88' lang='grc' dir='ltr'><em>κται</em></span> <span class='ocrx_word' id='word_1_96' title='bbox 295 1007 400 1076; x_wconf 81' lang='grc' dir='ltr'><em>μὲν</em></span> <span class='ocrx_word' id='word_1_97' title='bbox 437 1009 544 1060; x_wconf 82' lang='grc' dir='ltr'><em>οὐν</em></span> <span class='ocrx_word' id='word_1_98' title='bbox 583 1006 722 1077; x_wconf 77' lang='grc' dir='ltr'><em>ὅπερ</em></span> <span class='ocrx_word' id='word_1_99' title='bbox 761 1009 978 1076; x_wconf 82' lang='grc' dir='ltr'><em>λέγεται</em></span> <span class='ocrx_word' id='word_1_100' title='bbox 1017 1009 1109 1061; x_wconf 84' lang='grc' dir='ltr'><em>καὶ</em></span> <span class='ocrx_word' id='word_1_101' title='bbox 1148 1012 1275 1061; x_wconf 84' lang='grc' dir='ltr'><em>νῦν.</em></span> 
     </span>
    </p>

    <p class='ocr_par' dir='ltr' id='par_1_8' title="bbox 118 1089 1913 1416">
     <span class='ocr_line' id='line_1_13' title="bbox 271 1089 1912 1163; baseline 0.002 -20"><span class='ocrx_word' id='word_1_102' title='bbox 271 1093 385 1159; x_wconf 84' lang='lat' dir='ltr'><strong>Cap.</strong></span> <span class='ocrx_word' id='word_1_103' title='bbox 426 1094 594 1145; x_wconf 84' lang='lat' dir='ltr'>XXIV.</span> <span class='ocrx_word' id='word_1_104' title='bbox 656 1089 840 1161; x_wconf 79' lang='grc' dir='ltr'><em>Όμως</em></span> <span class='ocrx_word' id='word_1_105' title='bbox 878 1093 944 1145; x_wconf 82' lang='grc' dir='ltr'><em>δέ</em></span> <span class='ocrx_word' id='word_1_106' title='bbox 975 1111 1090 1162; x_wconf 92' lang='grc' dir='ltr'><em>μοι</em></span> <span class='ocrx_word' id='word_1_107' title='bbox 1108 1093 1293 1155; x_wconf 82' lang='grc' dir='ltr'><em>δοκεις</em></span> <span class='ocrx_word' id='word_1_108' title='bbox 1330 1092 1403 1146; x_wconf 84' lang='grc' dir='ltr'><em>σύ</em></span> <span class='ocrx_word' id='word_1_109' title='bbox 1441 1112 1500 1145; x_wconf 88' lang='grc' dir='ltr'><em>τε</em></span> <span class='ocrx_word' id='word_1_110' title='bbox 1537 1094 1630 1145; x_wconf 82' lang='grc' dir='ltr'><em>καὶ</em></span> <span class='ocrx_word' id='word_1_111' title='bbox 1670 1095 1912 1163; x_wconf 81' lang='grc' dir='ltr'><em>Σιμμίας</em></span> 
     </span>
     <span class='ocr_line' id='line_1_14' title="bbox 121 1172 1913 1246; baseline 0.002 -19"><span class='ocrx_word' id='word_1_112' title='bbox 121 1172 304 1245; x_wconf 76' lang='grc' dir='ltr'><em>ἡδέως</em></span> <span class='ocrx_word' id='word_1_113' title='bbox 339 1173 411 1228; x_wconf 78' lang='grc' dir='ltr'><em>ὄὶν</em></span> <span class='ocrx_word' id='word_1_114' title='bbox 448 1176 543 1228; x_wconf 84' lang='grc' dir='ltr'><em>καὶ</em></span> <span class='ocrx_word' id='word_1_115' title='bbox 578 1179 783 1229; x_wconf 83' lang='grc' dir='ltr'><em>τοῦτον</em></span> <span class='ocrx_word' id='word_1_116' title='bbox 822 1176 1459 1246; x_wconf 76' lang='grc' dir='ltr'><em>διαπραγματεύσασθαι</em></span> <span class='ocrx_word' id='word_1_117' title='bbox 1484 1175 1586 1230; x_wconf 85' lang='grc' dir='ltr'><em>τὸν</em></span> <span class='ocrx_word' id='word_1_118' title='bbox 1621 1177 1793 1246; x_wconf 89' lang='grc' dir='ltr'><em>λόγον</em></span> <span class='ocrx_word' id='word_1_119' title='bbox 1832 1181 1913 1232; x_wconf 82' lang='grc' dir='ltr'><em>ἔτι</em></span> 
     </span>
     <span class='ocr_line' id='line_1_15' title="bbox 118 1259 1910 1335; baseline 0.003 -24"><span class='ocrx_word' id='word_1_120' title='bbox 118 1261 375 1328; x_wconf 79' lang='grc' dir='ltr'><em>μᾶλλον,</em></span> <span class='ocrx_word' id='word_1_121' title='bbox 416 1261 511 1312; x_wconf 81' lang='grc' dir='ltr'><em>καὶ</em></span> <span class='ocrx_word' id='word_1_122' title='bbox 549 1260 795 1314; x_wconf 80' lang='grc' dir='ltr'><em>δεδιέναι</em></span> <span class='ocrx_word' id='word_1_123' title='bbox 832 1259 894 1313; x_wconf 82' lang='grc' dir='ltr'><em>τὸ</em></span> <span class='ocrx_word' id='word_1_124' title='bbox 933 1264 1048 1335; x_wconf 72' lang='grc' dir='ltr'><em>τῶν</em></span> <span class='ocrx_word' id='word_1_125' title='bbox 1085 1262 1334 1329; x_wconf 83' lang='grc' dir='ltr'><em>παίδων,</em></span> <span class='ocrx_word' id='word_1_126' title='bbox 1381 1259 1454 1330; x_wconf 78' lang='grc' dir='ltr'><em>μὴ</em></span> <span class='ocrx_word' id='word_1_127' title='bbox 1503 1259 1579 1324; x_wconf 69' lang='grc' dir='ltr'><em>ὥς</em></span> <span class='ocrx_word' id='word_1_128' title='bbox 1618 1259 1844 1331; x_wconf 77' lang='grc' dir='ltr'><em>άληθῶς</em></span> <span class='ocrx_word' id='word_1_129' title='bbox 1882 1260 1910 1316; x_wconf 87' lang='grc' dir='ltr'>ὁ</span> 
     </span>
     <span class='ocr_line' id='line_1_16' title="bbox 126 1340 1911 1416; baseline 0.002 -21"><span class='ocrx_word' id='word_1_130' title='bbox 126 1340 332 1413; x_wconf 74' lang='grc' dir='ltr'><em>ἄνεμος</em></span> <span class='ocrx_word' id='word_1_131' title='bbox 369 1341 547 1413; x_wconf 80' lang='grc' dir='ltr'><em>αὐτὴν</em></span> <span class='ocrx_word' id='word_1_132' title='bbox 587 1345 967 1412; x_wconf 79' lang='grc' dir='ltr'><em>ἐκβαίνουσαν</em></span> <span class='ocrx_word' id='word_1_133' title='bbox 995 1346 1058 1398; x_wconf 84' lang='grc' dir='ltr'><em>ἐκ</em></span> <span class='ocrx_word' id='word_1_134' title='bbox 1095 1348 1197 1398; x_wconf 85' lang='grc' dir='ltr'><em>τοῦ</em></span> <span class='ocrx_word' id='word_1_135' title='bbox 1236 1344 1490 1414; x_wconf 73' lang='grc' dir='ltr'><em>σώματος</em></span> <span class='ocrx_word' id='word_1_136' title='bbox 1528 1346 1779 1416; x_wconf 81' lang='grc' dir='ltr'><em>διαφυσᾷ</em></span> <span class='ocrx_word' id='word_1_137' title='bbox 1818 1347 1911 1399; x_wconf 82' lang='grc' dir='ltr'><em>καὶ</em></span> 
     </span>
    </p>
   </div>
   <div class='ocr_carea' id='block_1_8' title="bbox 126 1426 1962 1499">
    <p class='ocr_par' dir='ltr' id='par_1_9' title="bbox 126 1426 1962 1499">
     <span class='ocr_line' id='line_1_17' title="bbox 126 1426 1962 1499; baseline 0.002 -19"><span class='ocrx_word' id='word_1_138' title='bbox 126 1426 624 1498; x_wconf 80' lang='grc' dir='ltr'><em>διασκεδάννυσιν,</em></span> <span class='ocrx_word' id='word_1_139' title='bbox 665 1427 848 1491; x_wconf 77' lang='grc' dir='ltr'><em>ἄλλως</em></span> <span class='ocrx_word' id='word_1_140' title='bbox 885 1449 944 1481; x_wconf 90' lang='grc' dir='ltr'><em>τε</em></span> <span class='ocrx_word' id='word_1_141' title='bbox 982 1431 1075 1482; x_wconf 80' lang='grc' dir='ltr'><em>καὶ</em></span> <span class='ocrx_word' id='word_1_142' title='bbox 1113 1427 1249 1482; x_wconf 82' lang='grc' dir='ltr'><em>ὅταν</em></span> <span class='ocrx_word' id='word_1_143' title='bbox 1287 1429 1427 1499; x_wconf 65' lang='grc' dir='ltr'><em>τύχῃ</em></span> <span class='ocrx_word' id='word_1_144' title='bbox 1475 1449 1558 1492; x_wconf 82' lang='grc' dir='ltr'><em>τις</em></span> <span class='ocrx_word' id='word_1_145' title='bbox 1593 1428 1666 1499; x_wconf 80' lang='grc' dir='ltr'><em>μὴ</em></span> <span class='ocrx_word' id='word_1_146' title='bbox 1708 1431 1772 1483; x_wconf 85' lang='grc' dir='ltr'><em>ἐν</em></span> <span class='ocrx_word' id='word_1_147' title='bbox 1807 1445 1962 1499; x_wconf 82' lang='grc' dir='ltr'><em>νη-Ε</em></span> 
     </span>
    </p>
   </div>
   <div class='ocr_carea' id='block_1_9' title="bbox 125 1510 1909 1668">
    <p class='ocr_par' dir='ltr' id='par_1_10' title="bbox 125 1510 1909 1668">
     <span class='ocr_line' id='line_1_18' title="bbox 126 1510 1909 1590; baseline 0.001 -26"><span class='ocrx_word' id='word_1_148' title='bbox 126 1514 311 1583; x_wconf 79' lang='grc' dir='ltr'><em>νεμία,</em></span> <span class='ocrx_word' id='word_1_149' title='bbox 351 1510 478 1565; x_wconf 77' lang='grc' dir='ltr'><em>ἄλλ’</em></span> <span class='ocrx_word' id='word_1_150' title='bbox 520 1512 584 1566; x_wconf 83' lang='grc' dir='ltr'><em>ἐν</em></span> <span class='ocrx_word' id='word_1_151' title='bbox 621 1512 844 1583; x_wconf 82' lang='grc' dir='ltr'><em>μεγάλῳ</em></span> <span class='ocrx_word' id='word_1_152' title='bbox 882 1514 993 1566; x_wconf 82' lang='grc' dir='ltr'><em>τινὶ</em></span> <span class='ocrx_word' id='word_1_153' title='bbox 1030 1512 1309 1590; x_wconf 80' lang='grc' dir='ltr'><em>πνεύματι</em></span> <span class='ocrx_word' id='word_1_154' title='bbox 1347 1512 1747 1583; x_wconf 79' lang='grc' dir='ltr'><em>ἀποθνήσκων.</em></span> <span class='ocrx_word' id='word_1_155' title='bbox 1798 1515 1909 1566; x_wconf 81' lang='grc' dir='ltr'><em>Καὶ</em></span> 
     </span>
     <span class='ocr_line' id='line_1_19' title="bbox 125 1591 1909 1668; baseline 0.001 -19"><span class='ocrx_word' id='word_1_156' title='bbox 125 1593 158 1649; x_wconf 83' lang='grc' dir='ltr'>ὁ</span> <span class='ocrx_word' id='word_1_157' title='bbox 205 1597 388 1666; x_wconf 82' lang='grc' dir='ltr'><strong><em>Κέβης</em></strong></span> <span class='ocrx_word' id='word_1_158' title='bbox 435 1597 769 1665; x_wconf 79' lang='grc' dir='ltr'><em>ἐπιγελάσας</em></span> <span class='ocrx_word' id='word_1_159' title='bbox 829 1594 924 1661; x_wconf 78' lang='grc' dir='ltr'><em>Ὡς</em></span> <span class='ocrx_word' id='word_1_160' title='bbox 970 1597 1270 1667; x_wconf 85' lang='grc' dir='ltr'><em>δεδιότων,</em></span> <span class='ocrx_word' id='word_1_161' title='bbox 1320 1600 1456 1668; x_wconf 81' lang='grc' dir='ltr'><em>ἔφη,</em></span> <span class='ocrx_word' id='word_1_162' title='bbox 1493 1591 1553 1651; x_wconf 71' lang='grc' dir='ltr'><em>’ὦ</em></span> <span class='ocrx_word' id='word_1_163' title='bbox 1590 1596 1909 1666; x_wconf 75' lang='grc' dir='ltr'><em>Σώκρατες,</em></span> 
     </span>
    </p>
   </div>
   <div class='ocr_carea' id='block_1_10' title="bbox 126 1761 1911 1992">
    <p class='ocr_par' dir='ltr' id='par_1_11' title="bbox 126 1761 1911 1932">
     <span class='ocr_line' id='line_1_20' title="bbox 241 1761 1907 1834; baseline 0.001 -26"><span class='ocrx_word' id='word_1_164' title='bbox 241 1759 548 1820; x_wconf 68' lang='grc' dir='ltr'><em>ἀπόδειξις</em></span> <span class='ocrx_word' id='word_1_165' title='bbox 571 1764 741 1823; x_wconf 77' lang='grc' dir='ltr'><em>ἔχειν]</em></span> <span class='ocrx_word' id='word_1_166' title='bbox 766 1769 907 1823; x_wconf 85' lang='lat' dir='ltr'>Vulgo</span> <span class='ocrx_word' id='word_1_167' title='bbox 931 1764 1070 1821; x_wconf 75' lang='grc' dir='ltr'><em>ἕξειν,</em></span> <span class='ocrx_word' id='word_1_168' title='bbox 1115 1769 1201 1810; x_wconf 87' lang='lat' dir='ltr'><em>Sed</em></span> <span class='ocrx_word' id='word_1_169' title='bbox 1222 1763 1350 1834; x_wconf 78' lang='grc' dir='ltr'><em>ἔχειν</em></span> <span class='ocrx_word' id='word_1_170' title='bbox 1370 1769 1490 1809; x_wconf 83' lang='grc' dir='ltr'><strong>Βο(11.</strong></span> <span class='ocrx_word' id='word_1_171' title='bbox 1502 1770 1597 1812; x_wconf 84' lang='lat' dir='ltr'><strong>Vat.</strong></span> <span class='ocrx_word' id='word_1_172' title='bbox 1610 1771 1648 1809; x_wconf 98' lang='lat' dir='ltr'><strong>V</strong></span> <span class='ocrx_word' id='word_1_173' title='bbox 1654 1769 1781 1812; x_wconf 81' lang='lat' dir='ltr'><strong>en.1·1</strong></span> <span class='ocrx_word' id='word_1_174' title='bbox 1803 1770 1907 1810; x_wconf 89' lang='lat' dir='ltr'><strong>Tub.</strong></span> 
     </span>
     <span class='ocr_line' id='line_1_21' title="bbox 126 1817 1911 1879; baseline 0 -14"><span class='ocrx_word' id='word_1_175' title='bbox 126 1823 256 1865; x_wconf 84' lang='lat' dir='ltr'><strong>vind.</strong></span> <span class='ocrx_word' id='word_1_176' title='bbox 279 1823 320 1865; x_wconf 99' lang='grc' dir='ltr'><strong><em>Φ</em></strong></span> <span class='ocrx_word' id='word_1_177' title='bbox 341 1824 435 1867; x_wconf 83' lang='lat' dir='ltr'><strong>Par.</strong></span> <span class='ocrx_word' id='word_1_178' title='bbox 460 1824 495 1865; x_wconf 88' lang='lat' dir='ltr'>G</span> <span class='ocrx_word' id='word_1_179' title='bbox 515 1826 664 1868; x_wconf 85' lang='lat' dir='ltr'><strong>Ambr.</strong></span> <span class='ocrx_word' id='word_1_180' title='bbox 687 1826 797 1868; x_wconf 85' lang='lat' dir='ltr'><strong>Flor.</strong></span> <span class='ocrx_word' id='word_1_181' title='bbox 824 1826 863 1868; x_wconf 82' lang='lat' dir='ltr'><em>d.</em></span> <span class='ocrx_word' id='word_1_182' title='bbox 909 1827 953 1866; x_wconf 90' lang='lat' dir='ltr'><em>In</em></span> <span class='ocrx_word' id='word_1_183' title='bbox 980 1827 1074 1869; x_wconf 82' lang='lat' dir='ltr'><strong>Zitt.</strong></span> <span class='ocrx_word' id='word_1_184' title='bbox 1097 1817 1235 1879; x_wconf 81' lang='grc' dir='ltr'><em>ἥξειν</em></span> <span class='ocrx_word' id='word_1_185' title='bbox 1258 1826 1460 1878; x_wconf 78' lang='lat' dir='ltr'><strong>scriptum</strong></span> <span class='ocrx_word' id='word_1_186' title='bbox 1484 1832 1636 1876; x_wconf 81' lang='lat' dir='ltr'><strong>exstat,</strong></span> <span class='ocrx_word' id='word_1_187' title='bbox 1661 1826 1774 1876; x_wconf 86' lang='lat' dir='ltr'><strong>quod</strong></span> <span class='ocrx_word' id='word_1_188' title='bbox 1794 1832 1911 1878; x_wconf 73' lang='lat' dir='ltr'><strong>patet</strong></span> 
     </span>
     <span class='ocr_line' id='line_1_22' title="bbox 130 1874 748 1948; baseline 0.002 -28"><span class='ocrx_word' id='word_1_189' title='bbox 130 1892 184 1922; x_wconf 83' lang='lat' dir='ltr'><em>ex</em></span> <span class='ocrx_word' id='word_1_190' title='bbox 204 1874 332 1932; x_wconf 79' lang='grc' dir='ltr'><em>ἕξειν</em></span> <span class='ocrx_word' id='word_1_191' title='bbox 352 1881 508 1921; x_wconf 79' lang='lat' dir='ltr'><strong>ducere</strong></span> <span class='ocrx_word' id='word_1_192' title='bbox 526 1882 660 1948; x_wconf 81' lang='lat' dir='ltr'><strong>origin</strong></span> <span class='ocrx_word' id='word_1_193' title='bbox 669 1894 748 1924; x_wconf 85' lang='lat' dir='ltr'><em>em.</em></span> 
     </span>
    </p>

    <p class='ocr_par' dir='ltr' id='par_1_12' title="bbox 242 1911 1868 1992">
     <span class='ocr_line' id='line_1_23' title="bbox 242 1911 1868 1992; baseline -0.001 -13"><span class='ocrx_word' id='word_1_194' title='bbox 242 1931 364 1979; x_wconf 76' lang='grc' dir='ltr'><em>ἔστι</em></span> <span class='ocrx_word' id='word_1_195' title='bbox 385 1932 448 1991; x_wconf 78' lang='grc' dir='ltr'><em>μὲ</em></span> <span class='ocrx_word' id='word_1_196' title='bbox 462 1950 490 1977; x_wconf 89' lang='grc' dir='ltr'><em>ν</em></span> <span class='ocrx_word' id='word_1_197' title='bbox 510 1931 539 1992; x_wconf 83' lang='grc' dir='ltr'><strong><em>ἡ</em></strong></span> <span class='ocrx_word' id='word_1_198' title='bbox 563 1944 616 1991; x_wconf 82' lang='grc' dir='ltr'><strong>ψ.</strong></span> <span class='ocrx_word' id='word_1_199' title='bbox 591 1911 639 1991; x_wconf 66' lang='grc' dir='ltr'><em>Ο]</em></span> <span class='ocrx_word' id='word_1_200' title='bbox 660 1934 747 1991; x_wconf 85' lang='grc' dir='ltr'><em>μέν</em></span> <span class='ocrx_word' id='word_1_201' title='bbox 771 1950 792 1976; x_wconf 88' lang='lat' dir='ltr'><strong>e</strong></span> <span class='ocrx_word' id='word_1_202' title='bbox 813 1938 935 1981; x_wconf 89' lang='lat' dir='ltr'><strong>Bodl</strong></span> <span class='ocrx_word' id='word_1_203' title='bbox 960 1938 1066 1978; x_wconf 91' lang='lat' dir='ltr'><strong>Tub.</strong></span> <span class='ocrx_word' id='word_1_204' title='bbox 1091 1939 1199 1981; x_wconf 90' lang='lat' dir='ltr'><strong>Ven</strong></span> <span class='ocrx_word' id='word_1_205' title='bbox 1226 1937 1277 1979; x_wconf 88' lang='lat' dir='ltr'><em>H</em></span> <span class='ocrx_word' id='word_1_206' title='bbox 1292 1937 1537 1977; x_wconf 68' lang='lat' dir='ltr'><strong>restitutum</strong></span> <span class='ocrx_word' id='word_1_207' title='bbox 1558 1937 1684 1989; x_wconf 88' lang='lat' dir='ltr'><strong>vulgo</strong></span> <span class='ocrx_word' id='word_1_208' title='bbox 1708 1937 1868 1977; x_wconf 79' lang='lat' dir='ltr'><strong>deerat.</strong></span> 
     </span>
    </p>
   </div>
   <div class='ocr_carea' id='block_1_11' title="bbox 125 1996 1910 2622">
    <p class='ocr_par' dir='ltr' id='par_1_13' title="bbox 126 1996 1909 2217">
     <span class='ocr_line' id='line_1_24' title="bbox 237 1996 1909 2061; baseline -0.001 -14"><span class='ocrx_word' id='word_1_209' title='bbox 237 2005 289 2049; x_wconf 90' lang='lat' dir='ltr'><em>D.</em></span> <span class='ocrx_word' id='word_1_210' title='bbox 309 1996 342 2060; x_wconf 76' lang='grc' dir='ltr'><em>ἢ</em></span> <span class='ocrx_word' id='word_1_211' title='bbox 363 1998 427 2048; x_wconf 74' lang='grc' dir='ltr'><em>ἐκ</em></span> <span class='ocrx_word' id='word_1_212' title='bbox 443 2001 773 2061; x_wconf 85' lang='grc' dir='ltr'><em>θανάτου]’</em></span> <span class='ocrx_word' id='word_1_213' title='bbox 752 2021 802 2048; x_wconf 81' lang='grc' dir='ltr'><em>εκ</em></span> <span class='ocrx_word' id='word_1_214' title='bbox 824 2005 909 2049; x_wconf 80' lang='grc' dir='ltr'><em>τοῦ</em></span> <span class='ocrx_word' id='word_1_215' title='bbox 931 2007 984 2048; x_wconf 89' lang='grc' dir='ltr'><em>θ.</em></span> <span class='ocrx_word' id='word_1_216' title='bbox 1006 2007 1135 2049; x_wconf 89' lang='lat' dir='ltr'><strong>Vind.</strong></span> <span class='ocrx_word' id='word_1_217' title='bbox 1149 2007 1188 2048; x_wconf 88' lang='grc' dir='ltr'><strong><em>Φ</em></strong></span> <span class='ocrx_word' id='word_1_218' title='bbox 1211 2008 1374 2054; x_wconf 73' lang='lat' dir='ltr'><strong>Ambr..</strong></span> <span class='ocrx_word' id='word_1_219' title='bbox 1398 2007 1511 2056; x_wconf 86' lang='lat' dir='ltr'><strong>quod</strong></span> <span class='ocrx_word' id='word_1_220' title='bbox 1533 2018 1655 2046; x_wconf 87' lang='lat' dir='ltr'><strong>nemo</strong></span> <span class='ocrx_word' id='word_1_221' title='bbox 1678 2007 1909 2060; x_wconf 77' lang='lat' dir='ltr'>amplecte</span> 
     </span>
     <span class='ocr_line' id='line_1_25' title="bbox 126 2057 1908 2117; baseline -0.001 -13"><span class='ocrx_word' id='word_1_222' title='bbox 126 2069 209 2107; x_wconf 81' lang='lat' dir='ltr'><strong>tur.</strong></span> <span class='ocrx_word' id='word_1_223' title='bbox 250 2063 458 2104; x_wconf 78' lang='lat' dir='ltr'><strong>Voculam</strong></span> <span class='ocrx_word' id='word_1_224' title='bbox 488 2076 539 2105; x_wconf 87' lang='grc' dir='ltr'><em>τε</em></span> <span class='ocrx_word' id='word_1_225' title='bbox 567 2064 696 2117; x_wconf 84' lang='lat' dir='ltr'><strong>vulgo</strong></span> <span class='ocrx_word' id='word_1_226' title='bbox 718 2070 817 2117; x_wconf 83' lang='lat' dir='ltr'><strong>post</strong></span> <span class='ocrx_word' id='word_1_227' title='bbox 845 2057 1068 2105; x_wconf 86' lang='grc' dir='ltr'><em>θανάτου</em></span> <span class='ocrx_word' id='word_1_228' title='bbox 1089 2064 1276 2103; x_wconf 75' lang='lat' dir='ltr'><strong>additam</strong></span> <span class='ocrx_word' id='word_1_229' title='bbox 1301 2075 1384 2106; x_wconf 88' lang='lat' dir='ltr'><strong>om.</strong></span> <span class='ocrx_word' id='word_1_230' title='bbox 1406 2063 1528 2104; x_wconf 91' lang='lat' dir='ltr'><strong>Bodl</strong></span> <span class='ocrx_word' id='word_1_231' title='bbox 1553 2063 1651 2103; x_wconf 82' lang='lat' dir='ltr'><strong>Vat.</strong></span> <span class='ocrx_word' id='word_1_232' title='bbox 1672 2063 1780 2103; x_wconf 90' lang='lat' dir='ltr'><strong>Tub.</strong></span> <span class='ocrx_word' id='word_1_233' title='bbox 1802 2064 1908 2105; x_wconf 86' lang='lat' dir='ltr'><strong>Ven.</strong></span> 
     </span>
     <span class='ocr_line' id='line_1_26' title="bbox 127 2112 1908 2172; baseline -0.001 -10"><span class='ocrx_word' id='word_1_234' title='bbox 127 2119 178 2162; x_wconf 91' lang='grc' dir='ltr'>Π</span> <span class='ocrx_word' id='word_1_235' title='bbox 193 2119 321 2160; x_wconf 79' lang='lat' dir='ltr'><strong>vind.</strong></span> <span class='ocrx_word' id='word_1_236' title='bbox 343 2119 383 2160; x_wconf 87' lang='grc' dir='ltr'><strong><em>Φ</em></strong></span> <span class='ocrx_word' id='word_1_237' title='bbox 405 2120 502 2163; x_wconf 82' lang='lat' dir='ltr'><strong>Par.</strong></span> <span class='ocrx_word' id='word_1_238' title='bbox 524 2118 559 2159; x_wconf 91' lang='lat' dir='ltr'>G</span> <span class='ocrx_word' id='word_1_239' title='bbox 580 2122 726 2161; x_wconf 88' lang='lat' dir='ltr'><strong>Ambr.</strong></span> <span class='ocrx_word' id='word_1_240' title='bbox 767 2120 870 2160; x_wconf 86' lang='lat' dir='ltr'>Dein</span> <span class='ocrx_word' id='word_1_241' title='bbox 903 2121 1020 2160; x_wconf 78' lang='lat' dir='ltr'><strong>editt.</strong></span> <span class='ocrx_word' id='word_1_242' title='bbox 1052 2116 1136 2160; x_wconf 82' lang='grc' dir='ltr'><em>καὶ</em></span> <span class='ocrx_word' id='word_1_243' title='bbox 1158 2112 1208 2161; x_wconf 79' lang='grc' dir='ltr'><em>ἐκ</em></span> <span class='ocrx_word' id='word_1_244' title='bbox 1231 2116 1315 2160; x_wconf 77' lang='grc' dir='ltr'><em>τοῦ</em></span> <span class='ocrx_word' id='word_1_245' title='bbox 1338 2112 1578 2160; x_wconf 86' lang='grc' dir='ltr'><em>τεθνάναι</em></span> <span class='ocrx_word' id='word_1_246' title='bbox 1599 2131 1695 2159; x_wconf 84' lang='lat' dir='ltr'><em>eum</em></span> <span class='ocrx_word' id='word_1_247' title='bbox 1714 2119 1908 2172; x_wconf 83' lang='lat' dir='ltr'><strong>plurimis</strong></span> 
     </span>
     <span class='ocr_line' id='line_1_27' title="bbox 126 2168 1291 2241; baseline 0 -25"><span class='ocrx_word' id='word_1_248' title='bbox 126 2175 248 2218; x_wconf 80' lang='lat' dir='ltr'><strong>codd.</strong></span> <span class='ocrx_word' id='word_1_249' title='bbox 257 2175 364 2241; x_wconf 75' lang='lat' dir='ltr'><strong>3ubi</strong></span> <span class='ocrx_word' id='word_1_250' title='bbox 385 2168 436 2217; x_wconf 76' lang='grc' dir='ltr'><em>ἐκ</em></span> <span class='ocrx_word' id='word_1_251' title='bbox 458 2188 555 2214; x_wconf 86' lang='lat' dir='ltr'><em>cum</em></span> <span class='ocrx_word' id='word_1_252' title='bbox 577 2188 659 2215; x_wconf 91' lang='lat' dir='ltr'><em>uno</em></span> <span class='ocrx_word' id='word_1_253' title='bbox 681 2176 810 2216; x_wconf 87' lang='lat' dir='ltr'><strong>Vind.</strong></span> <span class='ocrx_word' id='word_1_254' title='bbox 820 2175 875 2216; x_wconf 89' lang='grc' dir='ltr'><strong><em>Φ</em></strong></span> <span class='ocrx_word' id='word_1_255' title='bbox 898 2177 1039 2215; x_wconf 77' lang='lat' dir='ltr'><strong>omisit</strong></span> <span class='ocrx_word' id='word_1_256' title='bbox 1058 2176 1224 2215; x_wconf 86' lang='lat' dir='ltr'><strong>Bekke1</strong></span> <span class='ocrx_word' id='word_1_257' title='bbox 1229 2188 1291 2216; x_wconf 86' lang='lat' dir='ltr'><strong>us</strong></span> 
     </span>
    </p>

    <p class='ocr_par' dir='ltr' id='par_1_14' title="bbox 125 2204 1910 2510">
     <span class='ocr_line' id='line_1_28' title="bbox 243 2204 1910 2298; baseline -0.001 -26"><span class='ocrx_word' id='word_1_258' title='bbox 243 2204 468 2298; x_wconf 83' lang='grc' dir='ltr'><em>ανάγκη</em></span> <span class='ocrx_word' id='word_1_259' title='bbox 500 2224 661 2284; x_wconf 83' lang='grc' dir='ltr'><em>αυτῇ]</em></span> <span class='ocrx_word' id='word_1_260' title='bbox 695 2231 763 2272; x_wconf 81' lang='lat' dir='ltr'><strong>sio</strong></span> <span class='ocrx_word' id='word_1_261' title='bbox 784 2232 880 2271; x_wconf 83' lang='lat' dir='ltr'><strong>Vat.</strong></span> <span class='ocrx_word' id='word_1_262' title='bbox 902 2233 1011 2274; x_wconf 84' lang='lat' dir='ltr'><strong>Ven.</strong></span> <span class='ocrx_word' id='word_1_263' title='bbox 1037 2231 1196 2272; x_wconf 80' lang='lat' dir='ltr'><strong>HPar.</strong></span> <span class='ocrx_word' id='word_1_264' title='bbox 1220 2230 1255 2270; x_wconf 87' lang='lat' dir='ltr'>G</span> <span class='ocrx_word' id='word_1_265' title='bbox 1282 2232 1432 2271; x_wconf 77' lang='lat' dir='ltr'><strong>Ambi.</strong></span> <span class='ocrx_word' id='word_1_266' title='bbox 1455 2231 1565 2271; x_wconf 85' lang='lat' dir='ltr'><strong>Flor.</strong></span> <span class='ocrx_word' id='word_1_267' title='bbox 1588 2230 1630 2272; x_wconf 88' lang='lat' dir='ltr'><em>d.</em></span> <span class='ocrx_word' id='word_1_268' title='bbox 1671 2231 1910 2283; x_wconf 81' lang='lat' dir='ltr'><strong>Legebatm</strong></span> 
     </span>
     <span class='ocr_line' id='line_1_29' title="bbox 127 2279 1909 2356; baseline -0.002 -28"><span class='ocrx_word' id='word_1_269' title='bbox 127 2289 227 2328; x_wconf 87' lang='lat' dir='ltr'><strong>olim</strong></span> <span class='ocrx_word' id='word_1_270' title='bbox 259 2301 428 2356; x_wconf 85' lang='grc' dir='ltr'><em>αυτην.</em></span> <span class='ocrx_word' id='word_1_271' title='bbox 471 2287 676 2328; x_wconf 78' lang='lat' dir='ltr'><strong>Nimirum</strong></span> <span class='ocrx_word' id='word_1_272' title='bbox 706 2288 898 2337; x_wconf 80' lang='lat' dir='ltr'>dativus,</span> <span class='ocrx_word' id='word_1_273' title='bbox 931 2294 1142 2337; x_wconf 75' lang='lat' dir='ltr'><strong>mantea,</strong></span> <span class='ocrx_word' id='word_1_274' title='bbox 1172 2299 1270 2327; x_wconf 87' lang='lat' dir='ltr'><em>cum</em></span> <span class='ocrx_word' id='word_1_275' title='bbox 1292 2279 1478 2340; x_wconf 72' lang='grc' dir='ltr'><em>ἀνάγκη</em></span> <span class='ocrx_word' id='word_1_276' title='bbox 1498 2285 1760 2339; x_wconf 78' lang='lat' dir='ltr'><strong>iungendus.</strong></span> <span class='ocrx_word' id='word_1_277' title='bbox 1801 2286 1909 2326; x_wconf 86' lang='lat' dir='ltr'>Dein</span> 
     </span>
     <span class='ocr_line' id='line_1_30' title="bbox 125 2330 1908 2398; baseline -0.001 -14"><span class='ocrx_word' id='word_1_278' title='bbox 125 2357 180 2398; x_wconf 88' lang='grc' dir='ltr'><em>γε</em></span> <span class='ocrx_word' id='word_1_279' title='bbox 202 2353 300 2397; x_wconf 83' lang='lat' dir='ltr'><strong>post</strong></span> <span class='ocrx_word' id='word_1_280' title='bbox 320 2337 491 2398; x_wconf 77' lang='grc' dir='ltr'><em>ἐπειδή</em></span> <span class='ocrx_word' id='word_1_281' title='bbox 512 2357 564 2384; x_wconf 86' lang='lat' dir='ltr'><em>ex</em></span> <span class='ocrx_word' id='word_1_282' title='bbox 588 2318 1908 2387; x_wconf 63' lang='lat' dir='ltr'><strong>Bbdl.Tub.Ven.HVat.Vi11d.‹1⁵Par.GAmbnrestitu-</strong></span> 
     </span>
     <span class='ocr_line' id='line_1_31' title="bbox 125 2358 1906 2454; baseline -0.001 -14"><span class='ocrx_word' id='word_1_283' title='bbox 125 2408 232 2440; x_wconf 78' lang='lat' dir='ltr'><strong>tum.</strong></span> <span class='ocrx_word' id='word_1_284' title='bbox 274 2401 358 2441; x_wconf 83' lang='lat' dir='ltr'><strong>Isto</strong></span> <span class='ocrx_word' id='word_1_285' title='bbox 381 2358 552 2453; x_wconf 83' lang='grc' dir='ltr'><em>ε’πειδή</em></span> <span class='ocrx_word' id='word_1_286' title='bbox 571 2413 624 2453; x_wconf 85' lang='grc' dir='ltr'><em>γε</em></span> <span class='ocrx_word' id='word_1_287' title='bbox 647 2399 747 2439; x_wconf 86' lang='lat' dir='ltr'><strong>nihil</strong></span> <span class='ocrx_word' id='word_1_288' title='bbox 770 2399 1050 2452; x_wconf 84' lang='lat' dir='ltr'><strong>frequentius,</strong></span> <span class='ocrx_word' id='word_1_289' title='bbox 1075 2408 1120 2440; x_wconf 89' lang='lat' dir='ltr'><em>ut</em></span> <span class='ocrx_word' id='word_1_290' title='bbox 1141 2399 1268 2454; x_wconf 87' lang='lat' dir='ltr'><strong>Hipp.</strong></span> <span class='ocrx_word' id='word_1_291' title='bbox 1289 2399 1387 2442; x_wconf 87' lang='lat' dir='ltr'><strong>Mai.</strong></span> <span class='ocrx_word' id='word_1_292' title='bbox 1413 2412 1454 2452; x_wconf 89' lang='lat' dir='ltr'><em>p.</em></span> <span class='ocrx_word' id='word_1_293' title='bbox 1476 2398 1630 2440; x_wconf 88' lang='lat' dir='ltr'><strong>303D.</strong></span> <span class='ocrx_word' id='word_1_294' title='bbox 1670 2397 1836 2442; x_wconf 86' lang='lat' dir='ltr'><strong>Menex</strong></span> <span class='ocrx_word' id='word_1_295' title='bbox 1862 2411 1906 2451; x_wconf 89' lang='lat' dir='ltr'><em>p.</em></span> 
     </span>
     <span class='ocr_line' id='line_1_32' title="bbox 125 2456 720 2510; baseline -0.003 -12"><span class='ocrx_word' id='word_1_296' title='bbox 125 2456 279 2498; x_wconf 81' lang='lat' dir='ltr'><strong>236D.</strong></span> <span class='ocrx_word' id='word_1_297' title='bbox 323 2456 478 2509; x_wconf 81' lang='lat' dir='ltr'><strong>Cratyl.</strong></span> <span class='ocrx_word' id='word_1_298' title='bbox 501 2469 543 2510; x_wconf 90' lang='lat' dir='ltr'><strong>p.</strong></span> <span class='ocrx_word' id='word_1_299' title='bbox 563 2458 648 2498; x_wconf 86' lang='lat'><em>435</em></span> <span class='ocrx_word' id='word_1_300' title='bbox 671 2458 720 2498; x_wconf 91' lang='lat' dir='ltr'><em>A.</em></span> 
     </span>
    </p>

    <p class='ocr_par' dir='ltr' id='par_1_15' title="bbox 127 2508 1906 2622">
     <span class='ocr_line' id='line_1_33' title="bbox 240 2508 1906 2567; baseline -0.002 -14"><span class='ocrx_word' id='word_1_301' title='bbox 240 2525 379 2566; x_wconf 80' lang='grc' dir='ltr'><em>οπερ</em></span> <span class='ocrx_word' id='word_1_302' title='bbox 411 2509 669 2567; x_wconf 82' lang='grc' dir='ltr'><em>λέγεται]</em></span> <span class='ocrx_word' id='word_1_303' title='bbox 715 2512 810 2553; x_wconf 79' lang='lat' dir='ltr'><em>Par</em></span> <span class='ocrx_word' id='word_1_304' title='bbox 843 2512 876 2553; x_wconf 92' lang='lat' dir='ltr'>E</span> <span class='ocrx_word' id='word_1_305' title='bbox 913 2508 1086 2566; x_wconf 82' lang='grc' dir='ltr'><em>λέγετε,</em></span> <span class='ocrx_word' id='word_1_306' title='bbox 1111 2513 1226 2563; x_wconf 82' lang='lat' dir='ltr'><em>quod</em></span> <span class='ocrx_word' id='word_1_307' title='bbox 1262 2512 1441 2555; x_wconf 85' lang='lat' dir='ltr'><strong>Bekker</strong></span> <span class='ocrx_word' id='word_1_308' title='bbox 1482 2516 1531 2557; x_wconf 83' lang='lat' dir='ltr'><em>et</em></span> <span class='ocrx_word' id='word_1_309' title='bbox 1555 2511 1696 2554; x_wconf 80' lang='lat' dir='ltr'><strong>Herm</strong></span> <span class='ocrx_word' id='word_1_310' title='bbox 1733 2511 1906 2563; x_wconf 80' lang='lat' dir='ltr'><strong>recepit</strong></span> 
     </span>
     <span class='ocr_line' id='line_1_34' title="bbox 127 2569 687 2622; baseline -0.002 -12"><span class='ocrx_word' id='word_1_311' title='bbox 127 2569 222 2610; x_wconf 88' lang='lat' dir='ltr'><em>Non</em></span> <span class='ocrx_word' id='word_1_312' title='bbox 243 2581 378 2622; x_wconf 78' lang='lat' dir='ltr'><strong>opus3</strong></span> <span class='ocrx_word' id='word_1_313' title='bbox 408 2582 446 2610; x_wconf 93' lang='lat' dir='ltr'><em>v.</em></span> <span class='ocrx_word' id='word_1_314' title='bbox 472 2569 687 2622; x_wconf 83' lang='lat' dir='ltr'><strong>explicatt</strong></span> 
     </span>
    </p>
   </div>
   <div class='ocr_carea' id='block_1_12' title="bbox 127 2628 1907 2750">
    <p class='ocr_par' dir='ltr' id='par_1_16' title="bbox 127 2628 1907 2750">
     <span class='ocr_line' id='line_1_35' title="bbox 241 2628 1907 2703; baseline -0.002 -23"><span class='ocrx_word' id='word_1_315' title='bbox 241 2638 350 2703; x_wconf 80' lang='lat' dir='ltr'><strong>Cap.</strong></span> <span class='ocrx_word' id='word_1_316' title='bbox 366 2639 524 2679; x_wconf 89' lang='lat' dir='ltr'><strong>XXlV.</strong></span> <span class='ocrx_word' id='word_1_317' title='bbox 556 2640 603 2680; x_wconf 85' lang='lat' dir='ltr'><em>E.</em></span> <span class='ocrx_word' id='word_1_318' title='bbox 644 2630 830 2686; x_wconf 77' lang='grc' dir='ltr'><em>ἄλλως</em></span> <span class='ocrx_word' id='word_1_319' title='bbox 871 2636 944 2691; x_wconf 90' lang='grc' dir='ltr'><em>τε]</em></span> <span class='ocrx_word' id='word_1_320' title='bbox 990 2638 1069 2678; x_wconf 74' lang='lat' dir='ltr'><strong>Pio</strong></span> <span class='ocrx_word' id='word_1_321' title='bbox 1119 2628 1272 2686; x_wconf 76' lang='grc' dir='ltr'><em>άλλως</em></span> <span class='ocrx_word' id='word_1_322' title='bbox 1319 2637 1431 2677; x_wconf 86' lang='lat' dir='ltr'><strong>Flor.</strong></span> <span class='ocrx_word' id='word_1_323' title='bbox 1455 2637 1484 2677; x_wconf 90' lang='lat' dir='ltr'><strong>d</strong></span> <span class='ocrx_word' id='word_1_324' title='bbox 1510 2637 1622 2690; x_wconf 83' lang='lat' dir='ltr'><strong>Aug.</strong></span> <span class='ocrx_word' id='word_1_325' title='bbox 1653 2638 1762 2678; x_wconf 86' lang='lat' dir='ltr'><strong>V.en</strong></span> <span class='ocrx_word' id='word_1_326' title='bbox 1785 2635 1834 2677; x_wconf 88' lang='lat' dir='ltr'><strong><em>H</em></strong></span> <span class='ocrx_word' id='word_1_327' title='bbox 1860 2636 1907 2676; x_wconf 92' lang='lat' dir='ltr'><strong>in</strong></span> 
     </span>
     <span class='ocr_line' id='line_1_36' title="bbox 127 2688 1867 2750; baseline -0.002 -15"><span class='ocrx_word' id='word_1_328' title='bbox 127 2707 263 2750; x_wconf 81' lang='lat' dir='ltr'><strong>marg.</strong></span> <span class='ocrx_word' id='word_1_329' title='bbox 284 2688 505 2749; x_wconf 84' lang='grc' dir='ltr'><em>μάλιστα,</em></span> <span class='ocrx_word' id='word_1_330' title='bbox 530 2696 643 2746; x_wconf 85' lang='lat' dir='ltr'><strong>quod</strong></span> <span class='ocrx_word' id='word_1_331' title='bbox 665 2703 778 2736; x_wconf 80' lang='lat' dir='ltr'><strong>recte</strong></span> <span class='ocrx_word' id='word_1_332' title='bbox 798 2695 1002 2735; x_wconf 76' lang='lat' dir='ltr'><strong>iudicavit</strong></span> <span class='ocrx_word' id='word_1_333' title='bbox 1021 2693 1245 2735; x_wconf 76' lang='lat' dir='ltr'><strong>Fischeius</strong></span> <span class='ocrx_word' id='word_1_334' title='bbox 1269 2707 1291 2734; x_wconf 88' lang='lat' dir='ltr'><strong>e</strong></span> <span class='ocrx_word' id='word_1_335' title='bbox 1311 2693 1568 2747; x_wconf 80' lang='lat' dir='ltr'><em>glossemate</em></span> <span class='ocrx_word' id='word_1_336' title='bbox 1588 2699 1734 2733; x_wconf 85' lang='lat' dir='ltr'><strong>natum</strong></span> <span class='ocrx_word' id='word_1_337' title='bbox 1758 2705 1867 2734; x_wconf 86' lang='lat' dir='ltr'><strong>esse.</strong></span> 
     </span>
    </p>
   </div>
   <div class='ocr_carea' id='block_1_13' title="bbox 128 2826 1906 3111">
    <p class='ocr_par' dir='ltr' id='par_1_17' title="bbox 128 2826 1906 3111">
     <span class='ocr_line' id='line_1_37' title="bbox 185 2826 1906 2898; baseline -0.001 -23"><span class='ocrx_word' id='word_1_338' title='bbox 185 2835 234 2877; x_wconf 93' lang='lat' dir='ltr'>D</span> <span class='ocrx_word' id='word_1_339' title='bbox 290 2826 428 2888; x_wconf 81' lang='grc' dir='ltr'><em>ὅπερ</em></span> <span class='ocrx_word' id='word_1_340' title='bbox 471 2831 729 2890; x_wconf 74' lang='grc' dir='ltr'><em>λέγεται]</em></span> <span class='ocrx_word' id='word_1_341' title='bbox 779 2847 842 2876; x_wconf 82' lang='lat' dir='ltr'><em>se.</em></span> <span class='ocrx_word' id='word_1_342' title='bbox 884 2828 975 2885; x_wconf 79' lang='grc' dir='ltr'><em>ὑφ’</em></span> <span class='ocrx_word' id='word_1_343' title='bbox 1062 2830 1231 2882; x_wconf 84' lang='grc' dir='ltr'><em>νὲσεως</em></span> <span class='ocrx_word' id='word_1_344' title='bbox 1270 2830 1353 2874; x_wconf 81' lang='grc' dir='ltr'><em>καὶ</em></span> <span class='ocrx_word' id='word_1_345' title='bbox 1394 2831 1588 2898; x_wconf 81' lang='grc' dir='ltr'><em>φθορᾶς</em></span> <span class='ocrx_word' id='word_1_346' title='bbox 1623 2827 1712 2885; x_wconf 86' lang='grc' dir='ltr'><em>τὴν</em></span> <span class='ocrx_word' id='word_1_347' title='bbox 1741 2829 1906 2874; x_wconf 83' lang='grc' dir='ltr'><em>αἰτίαν</em></span> 
     </span>
     <span class='ocr_line' id='line_1_38' title="bbox 129 2883 1631 2944; baseline -0.001 -12"><span class='ocrx_word' id='word_1_348' title='bbox 129 2884 287 2944; x_wconf 81' lang='grc' dir='ltr'><em>υμῶν,</em></span> <span class='ocrx_word' id='word_1_349' title='bbox 318 2892 457 2941; x_wconf 90' lang='lat' dir='ltr'><strong>quod</strong></span> <span class='ocrx_word' id='word_1_350' title='bbox 485 2905 510 2932; x_wconf 85' lang='lat' dir='ltr'><strong>a</strong></span> <span class='ocrx_word' id='word_1_351' title='bbox 538 2893 686 2932; x_wconf 86' lang='lat' dir='ltr'><strong>vobis</strong></span> <span class='ocrx_word' id='word_1_352' title='bbox 715 2903 972 2931; x_wconf 86' lang='lat' dir='ltr'><strong>memor-a</strong></span> <span class='ocrx_word' id='word_1_353' title='bbox 1063 2883 1631 2943; x_wconf 83' lang='grc' dir='ltr'><em>διαπραγματεύσασθαι.</em></span> 
     </span>
     <span class='ocr_line' id='line_1_39' title="bbox 130 2947 971 3001; baseline -0.002 -14"><span class='ocrx_word' id='word_1_354' title='bbox 130 2955 229 2987; x_wconf 81' lang='lat' dir='ltr'><strong>tur.</strong></span> <span class='ocrx_word' id='word_1_355' title='bbox 268 2947 594 2987; x_wconf 77' lang='lat' dir='ltr'><strong>vindicavimus</strong></span> <span class='ocrx_word' id='word_1_356' title='bbox 615 2948 817 2988; x_wconf 79' lang='lat' dir='ltr'><strong>libiorum</strong></span> <span class='ocrx_word' id='word_1_357' title='bbox 840 2948 971 3001; x_wconf 84' lang='lat' dir='ltr'><strong>serip-</strong></span> 
     </span>
     <span class='ocr_line' id='line_1_40' title="bbox 130 3002 973 3056; baseline -0.004 -12"><span class='ocrx_word' id='word_1_358' title='bbox 130 3012 199 3044; x_wconf 80' lang='lat' dir='ltr'><strong>tui</strong></span> <span class='ocrx_word' id='word_1_359' title='bbox 201 3015 269 3043; x_wconf 84' lang='lat' dir='ltr'><em>am</em></span> <span class='ocrx_word' id='word_1_360' title='bbox 287 3002 426 3042; x_wconf 81' lang='lat' dir='ltr'><strong>allatis</strong></span> <span class='ocrx_word' id='word_1_361' title='bbox 445 3003 653 3055; x_wconf 82' lang='lat' dir='ltr'><strong>exemplis</strong></span> <span class='ocrx_word' id='word_1_362' title='bbox 674 3003 728 3043; x_wconf 80' lang='lat' dir='ltr'><em>ad</em></span> <span class='ocrx_word' id='word_1_363' title='bbox 748 3002 912 3044; x_wconf 88' lang='lat' dir='ltr'><strong>Phileb.</strong></span> <span class='ocrx_word' id='word_1_364' title='bbox 930 3015 973 3056; x_wconf 90' lang='lat' dir='ltr'><em>p.</em></span> 
     </span>
     <span class='ocr_line' id='line_1_41' title="bbox 128 3057 751 3111; baseline -0.003 -10"><span class='ocrx_word' id='word_1_365' title='bbox 128 3061 185 3101; x_wconf 87' lang='grc'><em>39</em></span> <span class='ocrx_word' id='word_1_366' title='bbox 208 3059 254 3099; x_wconf 89' lang='grc' dir='ltr'><em>Β.</em></span> <span class='ocrx_word' id='word_1_367' title='bbox 278 3058 391 3098; x_wconf 78' lang='lat' dir='ltr'><strong>conf.</strong></span> <span class='ocrx_word' id='word_1_368' title='bbox 414 3071 545 3111; x_wconf 80' lang='lat' dir='ltr'><strong>supra</strong></span> <span class='ocrx_word' id='word_1_369' title='bbox 565 3071 607 3111; x_wconf 91' lang='lat' dir='ltr'><em>p.</em></span> <span class='ocrx_word' id='word_1_370' title='bbox 631 3060 683 3099; x_wconf 82' lang='grc'><em>67</em></span> <span class='ocrx_word' id='word_1_371' title='bbox 708 3057 751 3099; x_wconf 87' lang='lat' dir='ltr'><em>C.</em></span> 
     </span>
    </p>
   </div>
   <div class='ocr_carea' id='block_1_14' title="bbox 128 2967 1908 3476">
    <p class='ocr_par' dir='ltr' id='par_1_18' title="bbox 1059 2967 1905 3135">
     <span class='ocr_line' id='line_1_42' title="bbox 1118 2967 1905 3035; baseline -0.005 -20"><span class='ocrx_word' id='word_1_372' title='bbox 1118 2967 1176 3015; x_wconf 86' lang='grc' dir='ltr'><em>τὸ</em></span> <span class='ocrx_word' id='word_1_373' title='bbox 1218 2971 1327 3014; x_wconf 82' lang='grc' dir='ltr'><em>τῶν</em></span> <span class='ocrx_word' id='word_1_374' title='bbox 1367 2971 1616 3027; x_wconf 83' lang='grc' dir='ltr'><em>παίδων]</em></span> <span class='ocrx_word' id='word_1_375' title='bbox 1679 2974 1730 3013; x_wconf 90' lang='lat' dir='ltr'><strong>id</strong></span> <span class='ocrx_word' id='word_1_376' title='bbox 1771 2973 1905 3035; x_wconf 87' lang='lat' dir='ltr'><strong>quod</strong></span> 
     </span>
     <span class='ocr_line' id='line_1_43' title="bbox 1060 3022 1904 3094; baseline -0.001 -25"><span class='ocrx_word' id='word_1_377' title='bbox 1060 3030 1215 3094; x_wconf 78' lang='lat' dir='ltr'><strong>pueii</strong></span> <span class='ocrx_word' id='word_1_378' title='bbox 1243 3030 1467 3079; x_wconf 82' lang='lat' dir='ltr'><strong>faciant,</strong></span> <span class='ocrx_word' id='word_1_379' title='bbox 1500 3038 1706 3083; x_wconf 82' lang='lat' dir='ltr'><strong>utsupra</strong></span> <span class='ocrx_word' id='word_1_380' title='bbox 1734 3022 1785 3069; x_wconf 84' lang='grc' dir='ltr'><em>τὸ</em></span> <span class='ocrx_word' id='word_1_381' title='bbox 1810 3025 1904 3068; x_wconf 80' lang='grc' dir='ltr'><em>τῶν</em></span> 
     </span>
     <span class='ocr_line' id='line_1_44' title="bbox 1059 3083 1903 3135; baseline -0.005 -7"><span class='ocrx_word' id='word_1_382' title='bbox 1059 3083 1261 3127; x_wconf 79' lang='grc' dir='ltr'><em>πολλῶν.</em></span> <span class='ocrx_word' id='word_1_383' title='bbox 1303 3098 1343 3128; x_wconf 92' lang='lat' dir='ltr'><em>v.</em></span> <span class='ocrx_word' id='word_1_384' title='bbox 1374 3084 1551 3128; x_wconf 73' lang='lat' dir='ltr'><strong>Matth</strong></span> <span class='ocrx_word' id='word_1_385' title='bbox 1584 3084 1903 3135; x_wconf 75' lang='lat' dir='ltr'><strong>G1.§.284.1.</strong></span> 
     </span>
    </p>

    <p class='ocr_par' dir='ltr' id='par_1_19' title="bbox 128 3139 1908 3476">
     <span class='ocr_line' id='line_1_45' title="bbox 191 3139 1903 3195; baseline -0.002 -12"><span class='ocrx_word' id='word_1_386' title='bbox 191 3144 294 3195; x_wconf 80' lang='lat' dir='ltr'><strong>Cap.</strong></span> <span class='ocrx_word' id='word_1_387' title='bbox 318 3142 476 3183; x_wconf 82' lang='lat' dir='ltr'><strong>XXIV.</strong></span> <span class='ocrx_word' id='word_1_388' title='bbox 498 3139 828 3183; x_wconf 79' lang='grc' dir='ltr'><em>καὶτουτον</em></span> <span class='ocrx_word' id='word_1_389' title='bbox 849 3141 972 3183; x_wconf 82' lang='grc' dir='ltr'><em>δια</em></span> <span class='ocrx_word' id='word_1_390' title='bbox 1061 3165 1113 3172; x_wconf 90' lang='grc'><em>--</em></span> <span class='ocrx_word' id='word_1_391' title='bbox 1145 3139 1396 3194; x_wconf 81' lang='grc' dir='ltr'><em>διαφυσᾶν</em></span> <span class='ocrx_word' id='word_1_392' title='bbox 1425 3153 1510 3181; x_wconf 88' lang='lat' dir='ltr'><em>non</em></span> <span class='ocrx_word' id='word_1_393' title='bbox 1549 3151 1612 3181; x_wconf 83' lang='lat' dir='ltr'><strong>est</strong></span> <span class='ocrx_word' id='word_1_394' title='bbox 1650 3139 1848 3194; x_wconf 78' lang='lat' dir='ltr'><strong>perflai</strong></span> <span class='ocrx_word' id='word_1_395' title='bbox 1861 3152 1903 3188; x_wconf 88' lang='lat' dir='ltr'><em>e,</em></span> 
     </span>
     <span class='ocr_line' id='line_1_46' title="bbox 128 3193 1905 3252; baseline -0.003 -12"><span class='ocrx_word' id='word_1_396' title='bbox 128 3193 703 3252; x_wconf 81' lang='grc' dir='ltr'><em>πραγματεύσασθαι</em></span> <span class='ocrx_word' id='word_1_397' title='bbox 743 3197 814 3250; x_wconf 84' lang='lat'><em>-]</em></span> <span class='ocrx_word' id='word_1_398' title='bbox 855 3198 898 3238; x_wconf 84' lang='lat' dir='ltr'><em>h.</em></span> <span class='ocrx_word' id='word_1_399' title='bbox 937 3212 974 3242; x_wconf 87' lang='lat' dir='ltr'><em>e.</em></span> <span class='ocrx_word' id='word_1_400' title='bbox 1060 3206 1105 3238; x_wconf 81' lang='lat' dir='ltr'><strong>ut.</strong></span> <span class='ocrx_word' id='word_1_401' title='bbox 1162 3210 1385 3252; x_wconf 81' lang='lat' dir='ltr'><em>perperam</em></span> <span class='ocrx_word' id='word_1_402' title='bbox 1442 3198 1566 3237; x_wconf 77' lang='lat' dir='ltr'><strong>vertit</strong></span> <span class='ocrx_word' id='word_1_403' title='bbox 1622 3197 1905 3237; x_wconf 77' lang='lat' dir='ltr'><strong>Forsterus</strong></span> 
     </span>
     <span class='ocr_line' id='line_1_47' title="bbox 132 3253 1904 3303; baseline -0.003 -8"><span class='ocrx_word' id='word_1_404' title='bbox 132 3256 385 3295; x_wconf 84' lang='lat' dir='ltr'><strong>videmini</strong></span> <span class='ocrx_word' id='word_1_405' title='bbox 433 3254 560 3294; x_wconf 89' lang='lat' dir='ltr'><strong>mihi</strong></span> <span class='ocrx_word' id='word_1_406' title='bbox 627 3254 784 3294; x_wconf 81' lang='lat' dir='ltr'><strong>etiam</strong></span> <span class='ocrx_word' id='word_1_407' title='bbox 842 3254 974 3294; x_wconf 80' lang='lat' dir='ltr'><strong>hane</strong></span> <span class='ocrx_word' id='word_1_408' title='bbox 1061 3254 1292 3294; x_wconf 79' lang='lat' dir='ltr'><strong>emendans</strong></span> <span class='ocrx_word' id='word_1_409' title='bbox 1323 3253 1490 3293; x_wconf 81' lang='lat' dir='ltr'><strong>Fieini</strong></span> <span class='ocrx_word' id='word_1_410' title='bbox 1520 3254 1670 3300; x_wconf 84' lang='lat' dir='ltr'><strong>verba,</strong></span> <span class='ocrx_word' id='word_1_411' title='bbox 1702 3253 1775 3303; x_wconf 89' lang='lat' dir='ltr'><strong>qui</strong></span> <span class='ocrx_word' id='word_1_412' title='bbox 1803 3262 1904 3291; x_wconf 85' lang='lat' dir='ltr'><strong>sane</strong></span> 
     </span>
     <span class='ocr_line' id='line_1_48' title="bbox 132 3308 1902 3361; baseline -0.004 -10"><span class='ocrx_word' id='word_1_413' title='bbox 132 3313 505 3361; x_wconf 80' lang='lat' dir='ltr'><strong>quaestionem</strong></span> <span class='ocrx_word' id='word_1_414' title='bbox 565 3311 812 3350; x_wconf 83' lang='lat' dir='ltr'><strong>lubenter</strong></span> <span class='ocrx_word' id='word_1_415' title='bbox 869 3310 973 3351; x_wconf 83' lang='lat' dir='ltr'><strong>ali·</strong></span> <span class='ocrx_word' id='word_1_416' title='bbox 1059 3311 1210 3351; x_wconf 86' lang='lat' dir='ltr'><strong>melius</strong></span> <span class='ocrx_word' id='word_1_417' title='bbox 1257 3315 1520 3350; x_wconf 83' lang='lat' dir='ltr'><strong>converterat</strong></span> <span class='ocrx_word' id='word_1_418' title='bbox 1580 3308 1902 3353; x_wconf 76' lang='lat' dir='ltr'><em>dissolvere,</em></span> 
     </span>
     <span class='ocr_line' id='line_1_49' title="bbox 135 3362 1907 3420; baseline -0.003 -15"><span class='ocrx_word' id='word_1_419' title='bbox 135 3368 336 3418; x_wconf 84' lang='lat' dir='ltr'><strong>quando</strong></span> <span class='ocrx_word' id='word_1_420' title='bbox 368 3366 685 3420; x_wconf 81' lang='lat' dir='ltr'><strong>diligentius</strong></span> <span class='ocrx_word' id='word_1_421' title='bbox 725 3371 971 3418; x_wconf 78' lang='lat' dir='ltr'><strong>pertrac-</strong></span> <span class='ocrx_word' id='word_1_422' title='bbox 1058 3379 1207 3406; x_wconf 85' lang='lat' dir='ltr'><strong>verum</strong></span> <span class='ocrx_word' id='word_1_423' title='bbox 1241 3365 1484 3413; x_wconf 78' lang='lat' dir='ltr'><strong>difflare,</strong></span> <span class='ocrx_word' id='word_1_424' title='bbox 1526 3376 1618 3405; x_wconf 80' lang='lat' dir='ltr'><strong>aus</strong></span> <span class='ocrx_word' id='word_1_425' title='bbox 1649 3362 1907 3403; x_wconf 77' lang='lat' dir='ltr'><strong>einander</strong></span> 
     </span>
     <span class='ocr_line' id='line_1_50' title="bbox 130 3416 1908 3476; baseline -0.003 -13"><span class='ocrx_word' id='word_1_426' title='bbox 130 3424 321 3475; x_wconf 71' lang='lat' dir='ltr'><strong>taturi,</strong></span> <span class='ocrx_word' id='word_1_427' title='bbox 345 3431 391 3463; x_wconf 84' lang='lat' dir='ltr'><em>ut</em></span> <span class='ocrx_word' id='word_1_428' title='bbox 413 3422 522 3462; x_wconf 82' lang='lat' dir='ltr'><strong>infra</strong></span> <span class='ocrx_word' id='word_1_429' title='bbox 543 3435 583 3476; x_wconf 92' lang='lat' dir='ltr'><em>p.</em></span> <span class='ocrx_word' id='word_1_430' title='bbox 614 3423 668 3463; x_wconf 85' lang='lat'><em>95</em></span> <span class='ocrx_word' id='word_1_431' title='bbox 699 3421 730 3461; x_wconf 88' lang='lat' dir='ltr'>E</span> <span class='ocrx_word' id='word_1_432' title='bbox 760 3418 868 3474; x_wconf 83' lang='grc' dir='ltr'><em>περὶ</em></span> <span class='ocrx_word' id='word_1_433' title='bbox 896 3434 971 3476; x_wconf 89' lang='grc' dir='ltr'><em>γε-</em></span> <span class='ocrx_word' id='word_1_434' title='bbox 1058 3421 1237 3463; x_wconf 77' lang='lat' dir='ltr'><strong>blasen</strong></span> <span class='ocrx_word' id='word_1_435' title='bbox 1268 3421 1373 3462; x_wconf 86' lang='lat' dir='ltr'><em>und</em></span> <span class='ocrx_word' id='word_1_436' title='bbox 1404 3419 1603 3473; x_wconf 59' lang='lat' dir='ltr'><strong>when,</strong></span> <span class='ocrx_word' id='word_1_437' title='bbox 1634 3419 1677 3459; x_wconf 84' lang='lat' dir='ltr'><strong>id</strong></span> <span class='ocrx_word' id='word_1_438' title='bbox 1705 3418 1818 3469; x_wconf 81' lang='lat' dir='ltr'><strong>quod</strong></span> <span class='ocrx_word' id='word_1_439' title='bbox 1838 3416 1908 3458; x_wconf 86' lang='lat' dir='ltr'><em>vel</em></span> 
     </span>
    </p>
   </div>
   <div class='ocr_carea' id='block_1_15' title="bbox 218 3487 1565 3539">
    <p class='ocr_par' dir='ltr' id='par_1_20' title="bbox 218 3487 1565 3539">
     <span class='ocr_line' id='line_1_51' title="bbox 218 3487 1565 3539; baseline -0.004 -5"><span class='ocrx_word' id='word_1_440' title='bbox 218 3487 1565 3539; x_wconf 67' lang='lat' dir='ltr'><strong>an.1&gt;11m1&gt;.11</strong></span> 
     </span>
    </p>
   </div>
  </div>
 </body>
</html>
