2158 3718
660 3 670 20 ²
744 0 1138 38 WWW⁴⁴³
1148 0 1742 29 ''122³“
1773 0 1787 4 ”
1807 4 1829 12 ..
1859 0 1878 9 ⁷*
1906 0 1919 27 μ
1984 0 1991 19 ι
2026 0 2040 8 ’·
2059 14 2062 16 -
2080 0 2097 19 v

824 156 1080 201 PHAEDO
1111 170 1156 212 p.
1179 157 1248 199 85.

154 302 341 373 θακοῦ
379 295 522 352 εἶναι
560 295 764 367 ἀνδρός
778 317 787 326 ·

1813 152 1912 204 191

810 300 820 314 “
855 298 975 350 δεῖν
1011 294 1118 366 γὰρ
1155 297 1283 365 περὶ
1320 291 1462 347 αὐτὰ
1497 293 1559 346 ἕν
1595 293 1661 360 γε’
1692 311 1745 345 τι
1782 292 1915 345 τού-

154 403 267 437 των
315 382 753 453 διαπράξασθαι,
800 381 836 451 ἢ
881 388 1086 451 μαθεῖν
1131 379 1241 450 ὅπῃ
1289 381 1400 449 ἔχει
1435 377 1471 448 ἢ
1509 375 1729 448 εὖρεῖν,·
1762 375 1828 446 ἤ,
1869 378 1920 429 εἰ

154 471 329 522 ταῦτα
375 466 686 535 ἀδύνατον,
734 464 832 519 τὸν
876 470 1020 535 νοῦν
1063 465 1352 535 βέλτιστον
1387 466 1501 516 τῶν
1539 461 1917 531 ἀνθρωπίνων

156 553 341 622 λόγων
377 553 622 621 λαβόντα
648 553 741 605 καὶ
767 550 1341 620 δυςεξελεγκτότατον,
1383 549 1474 603 ἐπὶ
1509 547 1714 601 τούτου
1752 544 1918 615 ὀχού-
1939 561 1972 602 Ι)

156 651 346 707 μενον,
385 635 565 708 ὥςπερ
606 636 697 690 ἐπὶ
734 637 973 706 σχεδίας,
1012 634 1421 689 κινδυνεύοντα
1447 634 1781 686 διαπλεῦσαι
1817 629 1918 684 τὸν

155 723 302 791 βίον,
343 723 394 774 εἰ
429 722 502 791 μή
538 741 621 785 τις
658 722 888 775 δύναιτο
916 719 1334 791 ἀσφαλέστερον
1359 719 1453 773 καὶ
1479 716 1918 787 ἀκινδυνότερον

159 806 250 860 ἐπὶ
294 808 656 878 βεβαιοτέρου
703 805 973 877 ὀχήματος
1018 805 1054 877 ἢ
1101 805 1273 874 λόγου
1316 807 1480 858 θείου
1526 801 1676 866 τινὸς
1722 804 1920 855 διαπο-

268 965 319 1008 D,
352 957 384 1020 ἢ
425 959 594 1020 λόγου
633 964 826 1020 θείου]
871 967 969 1006 Tur.
999 956 1032 1018 ἥ
1062 978 1145 1008 om.
1175 965 1226 1005 de
1257 965 1466 1010 sententia
1495 963 1748 1013 Heindorfii3
1780 976 1819 1003 v.
1845 975 1920 1002 ex-

155 1022 318 1076 plicatt.

157 1187 252 1219 rant
279 1186 350 1220 aut
378 1178 575 1220 diffidunt
603 1191 649 1219 se
677 1178 836 1230 aliquid
857 1178 994 1218 facere

157 1248 302 1302 posse.

213 1282 252 1346 ἡ
273 1292 494 1347 μαθεῖν
530 1284 638 1347 ὅπῃ
676 1287 795 1347 ἔχει
831 1282 863 1345 ἢ
904 1284 995 1334 εὑ-

158 1349 298 1404 ρεῐν]
339 1350 450 1391 conf.
473 1350 647 1416 Ciatyl.
688 1363 730 1402 p.
760 1350 844 1390 438
865 1349 903 1388 Α
943 1343 996 1413 ἐκ1

159 1406 311 1449 ποίων
327 1399 578 1474 ὀνομάτων
599 1398 631 1460 ἢ
650 1399 943 1473 μεμαθηκώς
964 1395 996 1458 ἢ

161 1457 370 1518 εὖρηκως
389 1478 450 1528 ην
479 1478 537 1505 τα
567 1459 846 1518 πράγματα;
886 1463 991 1504 Ibid.

159 1533 200 1574 Ρ.
231 1523 314 1562 439
342 1521 374 1560 B
413 1534 580 1562 οντινα
621 1519 783 1562 τοίνυν
822 1512 997 1584 τρόπον

161 1575 243 1618 δει
275 1573 548 1631 μανθάνειν
587 1570 620 1631 ἢ
660 1571 898 1645 εὑρίσκειν
936 1589 994 1616 τα

161 1647 292 1676 οντα.
315 1635 449 1679 Alcib
472 1636 502 1675 I.
530 1636 608 1674 112
631 1634 665 1674 D
689 1628 997 1702 οὕτεμαθών

201 1691 328 1732 αίνει
356 1684 471 1743 παρ’
493 1683 692 1739 ουδενός
721 1706 806 1733 ουτ
850 1702 996 1737 αυτος

163 1742 378 1815 εξευρών.
400 1748 528 1788 Lach.
550 1762 592 1802 p
619 1750 699 1790 186
719 1750 752 1789 Ε
774 1739 883 1789 ου’τε
905 1760 994 1811 γαρ

161 1796 780 1929 ἱεῗὲῗτὴέωἰῦξῖιῖξᾙηί
797 1796 995 1928 οὲνζίῗὲ

162 1918 321 1960 Phaed.
344 1931 387 1971 p.
411 1920 464 1959 99
488 1918 518 1958 C
539 1911 643 1960 οὔτ’
667 1876 813 1967 asie}
838 1912 996 1989 εὑρεῖν

163 1988 274 2016 ουτε
290 1967 417 2040 παρ’
441 1966 588 2016 ἄλλον
616 1975 799 2029 μαθεῖν
828 1969 936 2022 οἷός
951 1988 976 2014 τ

165 2025 411 2086 ἐγενόμην.
443 2031 610 2075 Menon
634 2045 676 2085 p.
688 2032 842 2073 8630.
865 2032 996 2083 Legg

162 2089 256 2130 XII.
276 2101 320 2141 p.
343 2089 425 2129 968
446 2087 497 2132 D.
527 2089 729 2128 Nimirum
753 2088 999 2141 significan—

162 2151 230 2185 tur
256 2145 336 2184 hac
361 2145 541 2185 formula
569 2146 679 2186 duae
708 2146 797 2185 veri
818 2145 1003 2194 rectique

164 2202 429 2254 adipiscendi
456 2201 551 2240 viae
582 2210 622 2241 et
650 2202 851 2253 rationes,
873 2201 1002 2240 altera

165 2257 374 2308 discendi,
404 2257 536 2297 altera
564 2258 794 2309 quae1endi
814 2270 862 2297 ac
883 2270 999 2297 scru-

164 2315 294 2356 tandi.
337 2288 456 2354 Unde
489 2315 549 2354 De
578 2315 683 2378 Rep.
712 2314 765 2354 X.
796 2328 838 2368 p.
868 2315 949 2354 618
973 2312 1003 2352 C

164 2363 335 2412 τούτου
364 2369 447 2411 τοῦ
483 2363 780 2440 μαθήματος
798 2368 880 2412 καὶ
911 2369 1003 2438 ζη-

164 2423 340 2525 Ξέὅὲνς
361 2424 496 2532 33}st
508 2424 901 2538 302‘3335525‘
920 2420 1003 2524 {fii

167 2534 448 2593 ἐξευρεῖν.
594 2501 623 2540 ῃ

224 2593 277 2638 εἰ
314 2597 495 2639 ταῦτα
525 2590 844 2652 αδύνατον]
888 2599 1002 2637 Hanc

166 2656 361 2707 syntaxin
391 2655 694 2696 illustravimus
725 2656 779 2696 ad
800 2657 935 2695 Paim.
960 2668 1001 2708 p.

168 2713 250 2752 160
271 2712 321 2755 Α,
365 2711 476 2752 cons.
521 2712 694 2752 Matth
738 2711 805 2752 Gr.
835 2714 874 2764 ἕ.
905 2712 1002 2754 437.

167 2781 263 2809 ann.
287 2771 327 2811 3.

222 2825 273 2868 D.
314 2824 670 2868 διαπλεῦσαι
711 2819 809 2868 τὸν
857 2823 1003 2880 βίον]

166 2881 401 2922 Dictionem
420 2881 708 2924 διαπλεῦσαι
724 2876 806 2924 τὸν
829 2881 933 2937 βιόν
951 2884 1003 2922 ab

170 2938 338 2991 optimis
359 2939 598 2990 quibusque
628 2940 900 2994 scriptoribus
922 2939 1005 2979 fre—

170 3000 414 3044 quentatam
439 2995 699 3036 illustrarunt
721 3003 885 3049 praeter
902 2997 1005 3036 alios
1024 3007 1027 3011 ·

170 3051 557 3104 wesseling.ad
577 3053 773 3095 Her.V.6
797 3054 1004 3105 etToup.

170 3108 224 3148 ad
247 3107 462 3161 Suid.1.p.
476 3109 543 3149 20.
563 3107 760 3148 Similiter
777 3108 1003 3151 Cic.Tusc.

171 3165 202 3205 I.
226 3166 280 3205 30
309 3164 464 3217 Itaque
492 3164 702 3216 dubitans,
733 3167 1005 3219 circumspec-

171 3226 280 3269 tans,
310 3222 543 3268 haesitans,
574 3223 698 3262 multa
729 3223 908 3263 adversa
938 3236 1006 3262 re-

170 3290 339 3325 verens,
378 3284 583 3332 tamquam
619 3280 663 3318 in
701 3284 795 3319 rate
831 3281 875 3319 in
904 3281 1010 3319 mari

170 3335 380 3388 immenso,
412 3341 560 3376 nostra
580 3336 740 3375 vehitur
761 3337 913 3385 oratio,
940 3337 1007 3375 ubi

173 3404 213 3431 v.
236 3392 502 3435 Davisius

231 3441 323 3488 ἐπὶ
363 3444 746 3514 βεβαιοτέρου
796 3440 1006 3502 ὀχήμα-

175 3494 318 3557 τοςῆ
341 3499 515 3559 λογον
536 3505 725 3559 θειου]
750 3508 1009 3566 Hic-,quoque

1081 1178 1201 1218 locus
1240 1178 1491 1230 interpretes
1528 1176 1704 1217 multum
1733 1176 1919 1230 vexavit,

1081 1247 1218 1286 usque
1257 1235 1356 1274 dum
1397 1234 1435 1273 ei
1477 1232 1521 1276 C.
1553 1234 1598 1276 F.
1637 1233 1922 1272 Hermanni

1082 1292 1270 1332 doctriua
1292 1298 1332 1330 et
1357 1290 1575 1343 ingenium
1606 1290 1742 1330 lucem
1765 1289 1920 1331 attulit.

1082 1350 1120 1388 Is
1153 1349 1263 1388 enim
1292 1348 1331 1387 in
1356 1347 1589 1388 Comment.
1620 1346 1682 1387 De
1706 1346 1923 1399 magistris

1083 1406 1270 1446 Socratis
1298 1418 1344 1458 p.
1366 1407 1440 1451 37,
1471 1405 1532 1444 De
1562 1403 1739 1445 Menone
1759 1403 1925 1456 p.V111

1085 1470 1124 1502 e¹
1145 1463 1186 1502 in
1208 1462 1336 1502 libro:
1357 1461 1569 1503 Abhandl
1594 1475 1636 1503 u.
1660 1461 1789 1502 Beitr.
1811 1473 1855 1513 p.
1869 1460 1922 1500 82

1083 1520 1186 1560 scite
1216 1520 1457 1560 observavit
1484 1518 1627 1560 θειον
1666 1509 1804 1571 λόγον
1841 1528 1924 1555 non

1082 1589 1180 1616 esse
1202 1576 1354 1627 alium,
1389 1588 1514 1627 quarn
1538 1575 1609 1626 qui
1632 1575 1775 1614 divino
1798 1574 1924 1613 bene-

1081 1633 1175 1673 ficio
1206 1639 1333 1683 atque
1359 1631 1477 1687 θείᾳ
1506 1630 1650 1686 μοίρᾳ
1684 1630 1924 1670 hominibus

1082 1691 1285 1756 obtingat.
1328 1691 1474 1739 Itaque
1510 1689 1768 1741 intellegitur
1803 1681 1924 1737 δόξα

1080 1739 1230 1800 ὀρθη,
1271 1758 1395 1798 quam
1424 1747 1641 1786 Platonem
1677 1750 1839 1784 constat
1866 1745 1926 1783 ita

1080 1804 1277 1844 tribuisse
1308 1804 1578 1853 mmtalibus,
1610 1810 1655 1841 ut
1685 1813 1776 1841 eam
1796 1807 1926 1840 totam

1083 1873 1106 1901 a
1127 1859 1244 1913 θείᾳ
1266 1859 1409 1914 μοίρᾳ
1436 1867 1600 1912 iepetei
1605 1866 1657 1899 et.
1702 1858 1822 1905 Quod
1844 1870 1926 1908 qua

1081 1918 1246 1957 ratione
1280 1919 1336 1957 ita
1375 1918 1565 1957 statuerit
1595 1921 1635 1953 et
1661 1914 1923 1963 iudicaverit,

1085 1975 1300 2027 copiosius
1325 1973 1602 2027 exposuimus
1623 1972 1665 2010 in
1690 1970 1922 2012 Comment.

1084 2032 1144 2071 De
1165 2031 1349 2083 gradibis
1365 2032 1566 2070 virtutum
1585 2028 1816 2068 secundum
1833 2027 1926 2066 Pla-

1086 2094 1245 2130 touem.
1285 2087 1456 2141 Lipsiae
1499 2086 1621 2127 1844.
1672 2097 1714 2138 Ρ.
1740 2087 1790 2125 19
1831 2095 1924 2135 sqq.

1088 2145 1311 2184 Enimvero
1340 2151 1385 2183 ut
1411 2143 1558 2196 paucis
1582 2143 1788 2194 dicamus,
1814 2141 1926 2210 quod

1090 2213 1155 2240 res
1163 2208 1258 2265 est,
1275 2206 1442 2252 praeter
1457 2200 1545 2240 veri
1567 2198 1803 2248 scientiam,
1827 2191 1928 2238 ἐπι-

1089 2250 1287 2310 στήμην,
1318 2258 1443 2296 certis
1465 2264 1505 2295 et
1534 2255 1760 2308 exploratis
1789 2254 1925 2308 philo-

1089 2314 1267 2366 sophiae
1325 2313 1557 2353 rationibus
1626 2311 1924 2376 confirmatam,

1089 2383 1197 2422 quae
1218 2371 1313 2410 unis
1335 2370 1597 2424 sapientibus
1616 2374 1727 2408 esset
1741 2369 1927 2421 propria,

1088 2427 1366 2493 philosophus
1395 2427 1541 2466 statuit
1575 2426 1702 2465 etiam
1735 2433 1927 2465 rectam

1091 2485 1393 2549 opinionem
1415 2476 1586 2535 (δόξαν
1605 2474 1798 2536 ὀρθήν),
1821 2494 1929 2533 quae

1091 2541 1254 2581 etiamsi
1293 2553 1375 2580 non
1416 2540 1529 2580 illius
1571 2540 1850 2579 constantiam
1890 2546 1930 2577 et

1090 2597 1327 2637 firmitatem
1356 2597 1544 2647 haberet,
1576 2604 1712 2635 tamen
1736 2596 1929 2647 ΡιοΧίῐῐιε

1091 2655 1145 2695 ad
1173 2655 1262 2695 eius
1291 2655 1459 2695 laudem
1488 2654 1707 2693 accederet
1737 2653 1839 2691 etin
1861 2665 1929 2691 re-

1090 2714 1166 2752 bus
1195 2711 1390 2751 humanis
1420 2723 1549 2763 saepe
1568 2709 1693 2762 louge
1716 2717 1827 2749 esset
1847 2709 1929 2748 uti-

1089 2768 1263 2811 lissima.
1306 2769 1410 2808 Eam
1439 2774 1579 2807 autem
1608 2767 1738 2806 voluit
1770 2765 1930 2806 homiui

1091 2826 1234 2867 divina
1274 2825 1394 2877 quasi
1435 2821 1568 2875 sorte,
1610 2822 1729 2876 θείᾳ
1768 2821 1928 2876 μοίρᾳ,

1091 2883 1327 2935 obtingere,
1381 2881 1581 2932 quoniam
1629 2892 1713 2920 non
1761 2880 1930 2918 aliunde

1091 2938 1425 2992 proficisceretur
1465 2950 1591 2989 quam
1632 2949 1656 2976 a
1702 2936 1930 2988 praestanti

1092 2996 1275 3047 quadam
1311 3003 1486 3035 naturae
1520 2993 1662 3034 indole
1700 3002 1739 3032 et
1773 2992 1931 3044 ingenii

1091 3052 1302 3102 felicitate,
1321 3064 1402 3104 qua
1419 3051 1511 3101 quis
1533 3058 1746 3101 tamquam
1770 3049 1929 3087 inscius

1091 3110 1146 3150 ad
1194 3122 1340 3149 verum
1388 3114 1633 3173 rectumque
1684 3105 1926 3145 deferretur.

1094 3167 1226 3215 Quam
1249 3166 1420 3216 quidem
1443 3157 1684 3214 εὐδοξίαν,
1705 3162 1746 3201 h.
1760 3174 1797 3201 e.
1819 3168 1931 3200 recte

1093 3223 1294 3277 opinandi
1321 3222 1583 3272 feliciterque
1611 3219 1828 3259 divinandi
1866 3218 1928 3256 fa-

1094 3280 1311 3330 cultatem,
1361 3277 1575 3332 praeclare
1626 3275 1850 3329 descripsit
1889 3273 1928 3312 iu

1094 3337 1271 3377 Menone
1293 3349 1334 3389 p.
1357 3335 1411 3376 94
1430 3335 1463 3374 J]
1484 3356 1539 3362 —-
1560 3334 1613 3374 96
1636 3332 1669 3371 Ι)
1692 3345 1783 3383 sqq
1807 3337 1931 3380 atquc

1095 3393 1217 3432 claris
1240 3392 1381 3432 verbis
1404 3390 1560 3430 ibidem
1583 3402 1625 3442 p
1651 3390 1731 3429 100
1752 3389 1783 3427 B
1813 3384 1931 3439 θείᾳ

1094 3447 1236 3503 μοίρᾳ
1257 3448 1458 3488 attribuit.
1496 3446 1555 3485 R<
1561 3453 1668 3485 ctam
1691 3444 1930 3496 opinionem

1096 3517 1194 3545 vero
1235 3506 1358 3544 etiam
1400 3503 1498 3542 alibi
1536 3501 1771 3555 illpstiavit,
1802 3498 1932 3538 veluti
