2158 3718
553 114 1062 168 srmrosmm.
1097 132 1147 182 p.
1189 116 1294 167 2⁰2
1333 117 1406 168 st.
1701 118 1804 169 127

126 277 349 328 κρατες,
405 254 738 332 ὀμολογοῖτο
791 266 959 332 μέγας
1001 255 1142 324 θεὸς
1195 258 1335 316 εἶναι
1377 257 1531 333 παρὰ
1575 259 1802 327 τούτων,

130 346 190 397 οἴ
225 344 399 418 φασιν
439 340 616 399 αὐτὸν
661 342 786 400 οὐδὲ
830 342 975 399 θεὸν
1017 342 1194 411 εἷναι,·
1248 348 1442 409 wives
1488 335 1677 411 οὗτοις
1736 338 1805 411 ἦν

129 423 183 480 δ’
237 423 356 496 ἐγώ.
442 426 543 491 Εἷς
582 434 697 500 μέν,
740 433 862 502 ἔφη,
902 427 986 494 σύ,
1026 432 1125 499 μία
1154 426 1203 482 δ’
1235 426 1355 496 ἐγώ.
1428 425 1599 496 Κάγώ
1635 428 1805 493 εἶπον,

128 512 267 574 Πῶς
308 514 492 576 τοῦτο,
534 514 690 587 ἔφην,
733 516 932 582 λέγειςς
999 515 1116 567 Καὶ
1151 508 1203 579 ἥ,
1239 510 1478 583 Ῥᾳδίως,
1522 516 1646 588 ἔφη.
1690 515 1804 582 λέγε

130 591 236 665 γάρ
275 600 386 665 μοι,
431 593 497 649 οὐ
542 596 759 660 πάντας
803 593 979 660 θεοὺς
1021 593 1130 674 φῂς
1158 593 1488 668 εὐδαίμονας
1530 596 1666 651 εἶναι
1711 599 1803 652 καὶ

130 675 362 746 καλούςς
403 674 439 746 ἢ
481 679 788 750 τολμήσαις
828 677 901 735 ἄν
944 701 1069 735 τινα
1110 678 1186 752 μὴ
1215 679 1392 756 φάναι
1427 679 1598 736 καλόν
1626 702 1680 736 τε
1710 683 1803 735 καὶ

130 759 432 831 εὐδαίμονα
494 767 647 820 θεῶν
701 764 878 833 εἶναι,
966 763 1070 819 Μὰ
1117 762 1350 826 Δί’,οὐκ
1407 764 1584 835 ἔγωγ’,
1646 769 1801 839 ἔφην.

129 843 483 916 Εὐδαίμονας
541 851 596 902 δὲ
652 844 718 915 δὴ
781 852 947 918 λέγεις
1001 847 1067 903 οὐ
1122 845 1252 912 τοὺς
1300 845 1539 919 τάγαθὰ
1596 852 1687 904 καὶ
1729 846 1801 903 τὰ

129 925 272 983 καλοὶ
317 936 703 1002 κεκτημένους,
769 930 937 987 Πάνυ
980 953 1056 1002 γε.
1135 929 1301 987 Ἀλλὰ
1344 931 1455 1005 μὴν
1486 929 1702 1003 ”Epami
1748 954 1806 1002 γε

131 1009 488 1083 ὡμολόγηκας
528 1014 599 1070 δι’
651 1020 865 1071 ἔνδειαν
908 1019 1019 1070 τῶν
1061 1014 1305 1086 ἀγαθῶν
1346 1020 1440 1072 καὶ
1481 1020 1664 1072 καλῶν
1695 1023 1811 1072 ἐπι-

130 1099 339 1168 θυμεῖν
382 1097 569 1153 αὐτῶν
612 1098 842 1165 τούτων,
888 1091 965 1154 ὧν
1008 1098 1190 1166 ἐνδεής
1213 1107 1376 1156 ἐστιν.
1456 1099 1811 1171 Ὼμολόγηκα

130 1176 258 1252 γάρ.
341 1184 478 1246 Πῶς
516 1181 567 1237 δ’
616 1180 690 1238 ἂν
737 1175 839 1239 οὖν
881 1179 1024 1247 θεὸς
1069 1183 1151 1251 εἴη
1192 1181 1222 1239 ὅ
1267 1206 1327 1255 γε
1371 1187 1483 1240 τῶν
1511 1186 1694 1239 καλῶν
1718 1186 1814 1239 καὶ

131 1262 377 1335 ἀγαθῶν
439 1262 704 1339 ἅμοιροςς
795 1265 1088 1338 Οὐδαμῶς,
1141 1264 1214 1332 ὥς
1267 1268 1322 1339 γ’
1381 1272 1571 1323 ἔοικεν.
1649 1265 1814 1341 Ὁρᾷς

133 1368 264 1415 ουν,
306 1352 442 1425 ἔφη,
484 1347 573 1406 ὅτι
618 1354 711 1407 καὶ
756 1347 823 1407 σὺ
851 1347 1070 1426 ’Έρωτα
1112 1350 1179 1407 οὐ
1229 1350 1375 1409 θεὸν
1417 1355 1686 1424 νομίζεις,

97 1602 105 1611 ἱ
132 1538 335 1642 θειένῖῗὴ
369 1557 502 1598 φαναι
530 1544 736 1599 scriptum
768 1545 997 1599 legeretur.
1027 1559 1066 1587 v.
1097 1545 1332 1590 Hermann.
1363 1545 1419 1588 ad
1449 1543 1656 1601 Sophocl.
1689 1544 1806 1586 Aiac-

132 1611 157 1640 v

252 1683 314 1726 οὖ
348 1683 484 1731 τοῦς
511 1685 734 1742 vaira-9&
766 1686 855 1728 καὶ
882 1686 941 1728 τὰ
979 1686 1131 1743 καλά]
1174 1688 1409 1730 Articulum
1445 1685 1498 1727 τὰ
1530 1687 1686 1729 inserui
1717 1692 1815 1728 ante

136 1738 242 1781 καλὰ
276 1756 300 1784 e
332 1742 458 1787 Bodi.
486 1744 580 1786 Vat.
599 1744 651 1786 A.
684 1745 840 1790 Ven...
819 1746 849 1760 '¹‘
892 1745 1016 1792 Vind
1039 1745 1080 1789 2
1113 1749 1221 1799 Ang
1233 1758 1282 1786 w
1345 1746 1534 1786 Possunt
1566 1746 1674 1786 enim
1707 1744 1812 1786 haec

135 1802 339 1870 tunquam
377 1814 401 1842 a
438 1814 485 1843 se
523 1802 707 1844 invicem
750 1802 957 1844 disiuncta
996 1803 1248 1846 enumerari.
1310 1803 1437 1856 Apud
1469 1802 1705 1844 Stobaeum
1746 1807 1814 1843 est

137 1853 292 1910 ἀγαθὰ
313 1857 396 1897 καὶ
423 1858 546 1899 καλά.
580 1860 703 1902 Vind.
725 1858 761 1902 l.
794 1866 838 1902 et
866 1860 982 1902 Flor.
1003 1873 1044 1901 n
1077 1859 1183 1907 τούς
1212 1858 1419 1913 ἀγαθοὺς
1450 1859 1520 1899 καὶ
1549 1856 1750 1913 τάγαθά.

251 1943 303 1983 D.
365 1943 482 1992 Πῶς
513 1943 555 1985 δ’
586 1961 648 1986 αν
680 1938 796 1999 οὖν]
828 1943 867 1986 δ’
893 1959 978 1987 om.
1004 1945 1134 1987 Bodi.
1153 1945 1248 1988 Vat.
1263 1946 1314 1986 A.
1341 1945 1450 1986 Vind
1478 1944 1519 1988 2.
1533 1943 1685 1986 Ven.'''
1649 1958 1693 1986 ι.
1710 1944 1810 1985 Par.

138 1999 239 2043 DK.
261 2001 368 2054 Ang,
359 2013 430 2073 “m
456 2002 552 2046 Vnt.
566 2016 606 2057 p.
666 2003 756 2044 Pro
788 2001 818 2043 δ’
843 2018 891 2058 γε
924 2007 1005 2044 τῶν
1035 2003 1162 2046 Bodl.
1191 2002 1286 2044 Vat.
1301 2000 1352 2046 A.
1379 2007 1559 2056 Ang.w.
1593 1999 1712 2056 oyry'
1743 2001 1816 2044 ὥν.

139 2056 262 2098 vind.
278 2056 320 2102 2.
354 2057 382 2098 δ’
408 2059 456 2112 γε
485 2058 554 2102 ὤν.

199 2199 248 2241 C
303 2197 538 2253 ἪΡᾳδίως
568 2201 689 2256 ἔφη]
728 2201 767 2245 h.
798 2217 836 2245 e.
865 2201 942 2257 ρᾳ-

143 2255 243 2305 δίως
281 2257 411 2311 λέγω,
453 2258 490 2302 h.
535 2273 571 2301 e.
614 2261 718 2308 sic.
761 2265 818 2302 ut
858 2274 941 2303 res

135 2313 362 2357 facilem
426 2315 627 2358 habeat
700 2318 941 2371 explica-

140 2371 362 2414 tionem.
420 2374 468 2414 ln
496 2374 703 2428 proximis
743 2373 795 2416 οὗ
839 2381 942 2429 post

142 2430 276 2482 λέγεις
309 2431 495 2485 positum
534 2444 617 2472 non
649 2431 839 2473 debebat
873 2432 941 2473 of-

140 2486 319 2529 fendere
362 2488 475 2530 viros
516 2489 691 2530 doctosz
741 2488 939 2558 inteiligi-

143 2545 360 2644 turn-enim
392 2547 667 2600 contrarium,
699 2542 806 2587 ἄλλά
838 2546 944 2596 τοῦς

142 2617 194 2642 ἴα
251 2617 278 2640 α

202 2687 289 2728 D
280 2684 512 2742 Ὡμοθῑὸ
520 2705 651 2744 ynam
682 2687 802 2745 γάρ]
834 2691 942 2735 Nam

143 2744 350 2787 Socrates
385 2759 423 2800 p
447 2745 546 2792 201.
566 2749 642 2790 Ε
675 2748 831 2799 σχεδὸν
859 2749 942 2805 γάρ

142 2817 187 2842 ‘n
233 2802 307 2842 καὶ
348 2802 426 2856 ἐγὼ
475 2820 592 2867 neoc
635 2822 776 2858 1111qu
820 2807 944 2862 ἕτερα

142 2863 330 2898 τοιαῦτα
360 2861 514 2914 ἔλεγον,
542 2878 584 2905 οι
570 2861 696 2919 ἱοὶπερ
732 2866 807 2905 νῦν
836 2864 947 2922 πρὸς

145 2915 217 2969 ἐμὲ
240 2913 464 2969 Ἀγάθων.

196 2997 349 3070 Ὁρᾷς
396 3015 518 3054 ουν,
566 3005 687 3055 ἔφη,
730 3001 817 3044 δ’τι
862 3003 949 3045 καὶ

146 3055 206 3098 σύ
239 3059 321 3109 —]
362 3056 399 3099 h.
433 3072 470 3100 e.
513 3059 689 3102 siehst
728 3060 792 3101 du
835 3073 942 3102 nun

147 3119 233 3157 etc.
290 3114 365 3156 Sic
399 3117 582 3169 Apoiog.
617 3117 786 3160 Socrat.
806 3130 846 3170 p
873 3117 942 3161 24.

147 3172 211 3213 D=
247 3170 325 3216 zor
355 3171 396 3213 δὲ
426 3172 477 3224 δὴ
509 3174 704 3225 βελτίους
733 3178 944 3215 ποιοῦντα

145 3229 221 3270 ἴθι
251 3228 338 3270 εἰπὲ
367 3228 438 3269 καὶ
465 3247 550 3291 μην
557 3245 657 3271 υσον
701 3230 852 3278 αὐτοῖς
878 3233 946 3278 τίς

144 3287 272 3327 ἐστιν.
306 3285 437 3359 ὁρᾷς,
483 3292 514 3328 ὠ
547 3289 747 3340 Μέλητε,
777 3286 850 3328 o'n
879 3304 946 3330 σι-

145 3347 228 3401 γᾷς
257 3342 328 3385 καὶ
357 3343 434 3386 οὐκ
463 3346 571 3399 ἔχεις
587 3346 734 3395 εἰπεῖνς
772 3345 945 3389 Menon.

1026 2202 1152 2258 p.·80
1186 2203 1246 2245 Ε·
1240 2199 1517 2271 μανθάνω,
1548 2195 1642 2242 οἷον
1673 2197 1823 2255 βούλει

1025 2263 1182 2315 λέγειν,
1225 2255 1256 2301 ὦ
1296 2261 1476 2301 Μένων·
1517 2257 1624 2317 ορᾶς
1663 2262 1822 2299 τοῦτον

1024 2317 1080 2364 ὦς
1138 2317 1352 2374 ἐριστικὸν
1408 2315 1460 2357 λό
1435 2332 1540 2416 «gor
1597 2315 1820 2370 κατάγειςς

1024 2378 1186 2430 Gorg
1258 2375 1398 2419 .475.
1441 2375 1492 2416 Ε.
1544 2372 1818 2427 Aristoph.

1023 2434 1164 2476 Rann.
1209 2389 1330 2477 1136.
1372 2433 1501 2486 Vesp.
1541 2430 1639 2475 392.
1679 2430 1818 2473 Nubb.

1024 2489 1122 2536 662.
1155 2488 1251 2534 691-
1287 2491 1389 2532 Pac.
1421 2489 1519 2534 330.
1570 2487 1822 2543 Sophocl.

1024 2547 1210 2590 Philoct.
1247 2561 1288 2589 v.
1311 2547 1411 2591 860.
1443 2547 1544 2600 ibiq.
1594 2545 1822 2587 Brunck.

1027 2605 1210 2658 Eurip.
1257 2605 1403 2647 Orest
1451 2618 1491 2648 v,
1530 2603 1628 2648 581.
1676 2603 1821 2655 ibique

1027 2663 1367 2704 Porson.1n
1398 2662 1459 2703 his
1489 2662 1594 2703 iocis
1626 2660 1823 2702 omnibus

1027 2718 1134 2777 ὁρᾷς
1156 2720 1213 2761 ita
1232 2721 1516 2773 praemittitur
1534 2719 1705 2771 reliquis
1725 2730 1824 2758 ver-

1027 2778 1122 2829 bis,
1172 2783 1223 2819 ut
1260 2779 1440 2819 alterum
1479 2777 1539 2818 rei
1583 2775 1822 2830 praesentis

1029 2839 1188 2877 statum
1239 2839 1282 2876 et
1328 2835 1621 2876 condicionem
1680 2833 1821 2886 ipsum

1029 2893 1113 2933 iam
1145 2893 1392 2946 perspicere
1426 2891 1584 2933 indicet
1618 2903 1701 2931 non
1732 2890 1825 2930 sine

1029 2949 1171 3001 aliqua
1202 2949 1492 2992 admirationis
1525 2950 1589 2990 vel
1620 2946 1824 2988 irrisionis

1031 3005 1350 3059 significatione.
1413 3007 1563 3047 Paniio
1603 3005 1683 3045 alia
1714 3002 1823 3043 ratio

1032 3066 1100 3104 est
1137 3076 1284 3106 eorum
1324 3066 1543 3112 locorum,
1585 3062 1626 3102 in
1669 3059 1823 3111 quibus

1028 3117 1136 3176 δρᾷς
1165 3121 1335 3163 mediae
1371 3119 1548 3162 orationi
1590 3115 1823 3168 interponi-

1028 3182 1096 3218 tur
1125 3177 1200 3230 ita,
1231 3183 1278 3220 ut
1307 3180 1486 3220 alterum
1518 3175 1593 3215 tibi
1613 3185 1696 3213 non
1719 3185 1820 3225 pos-

1029 3247 1078 3276 se
1106 3246 1192 3276 non
1222 3234 1458 3278 concedere
1489 3231 1721 3286 significes,
1761 3233 1815 3274 de

1030 3304 1113 3344 qna
1145 3305 1192 3334 re
1222 3306 1263 3334 v.
1295 3289 1584 3333 Heindorf.
1623 3288 1678 3331 ad
1709 3261 1823 3335 ’Pro-

1029 3354 1169 3403 tagor.
1203 3364 1244 3405 p.
1274 3348 1370 3394 330.
1404 3349 1455 3390 Β.
