2158 3718
1406 0 1463 24 ''v''
1484 0 1582 26 ..Υ
1603 0 1689 26 ...γ-..ς
1748 0 1831 18 .,.„.

198 128 200 130 ·
248 115 316 167 72
611 118 1103 164 PROLEGOMENA
1134 119 1215 162 AD
1248 120 1669 164 PHAEDONEM.

216 276 218 278 ’
247 259 602 311 Amstelodami
631 260 782 313 1817.
822 277 933 328 pag.
961 260 1031 311 29
1057 278 1130 327 sq.
1165 262 1398 328 evulgatis
1425 272 1474 314 et
1498 263 1603 312 aliis
1630 263 1921 328 quibusdam
1948 280 2029 315 ac·

250 331 556 383 cessionibus
581 332 887 398 locupletata.

391 402 672 454 Platonis
696 404 956 454 Phaedo.
1006 403 1206 453 Accedit
1230 403 1453 455 lectionis
1483 406 1711 464 varietaS,
1741 405 2034 456 scholiastes

248 472 332 522 Gr.
358 476 425 522 ‘et
458 473 621 524 brevis
657 475 919 525 adnotatio.
973 473 1100 523 Cura
1143 474 1345 525 David.
1390 476 1691 527 Koerner.
1739 475 2026 526 Zuellichav.

251 540 404 594 1821.
446 542 609 595 Smai.
661 545 820 595 Editio
856 559 1007 609 parvo
1043 544 1276 609 parabilis
1308 553 1356 595 et
1379 548 1429 595 in
1466 560 1608 597 usum
1636 546 1918 596 scholarum
1943 547 2028 596 ad-

249 620 444 671 ornata,
498 632 623 681 quae
666 616 840 666 breves
885 615 1118 681 quasdam
1162 617 1229 664 in
1256 617 1471 681 singulos
1506 617 1642 668 locos
1686 617 2030 667 adnotationes

247 684 606 750 complectitur.

389 756 659 807 Platon's
685 757 765 807 Ph
782 758 992 807 aedon.
1044 757 1128 806 Mit
1153 757 1423 808 kritischen
1452 759 1549 807 und
1576 757 1904 808 erklarenden
1929 760 2022 808 An·

247 826 554 892 merkungen
591 843 684 876 von
722 829 776 878 G.
807 829 860 878 F.
887 829 963 877 W.
993 830 1229 879 Grosse.
1266 828 1404 878 Halle
1435 826 1585 878 1828.
1615 827 1663 878 8.
1717 828 2021 878 Commenta-

249 899 351 947 rios
378 897 526 948 habet
554 914 652 947 non
680 899 875 964 quidem
902 899 1123 955 inutiles,
1154 899 1238 948 sed
1265 901 1412 948 nimia
1441 901 1580 963 copia
1608 914 1774 948 rerum
1800 901 2020 949 tritarum

245 974 390 1032 atque
424 968 696 1034 vulgarium
741 971 973 1028 refertOS,
1020 986 1131 1020 cum
1168 971 1363 1019 interim
1414 969 1640 1019 subtilior
1683 969 2023 1034 interpretatio-

246 1039 352 1088 fere
389 1040 711 1090 desideretur.

387 1110 654 1161 Platon's
688 1112 992 1162 Phaedon.
1045 1111 1334 1162 Griechisch
1370 1111 1471 1161 und
1508 1110 1712 1160 deutsch
1757 1112 1844 1160 mit
1882 1109 2022 1158 kriti-

246 1182 400 1231 schen
450 1182 549 1232 und
602 1182 927 1233 erklarenden
961 1182 1360 1246 Anmerkungen.
1425 1182 1648 1246 Leipzig,
1700 1181 2016 1245 Engelmann.

244 1250 293 1302 3.
322 1253 445 1303 Auss.
490 1250 644 1304 1852.
685 1251 732 1303 8.
773 1255 949 1303 ΤθΧῑυί
977 1255 1165 1303 Graeco
1193 1254 1352 1302 addita
1381 1260 1455 1303 est
1479 1254 1637 1302 versio
1660 1252 1944 1302 Germanica
1973 1257 2022 1299 et

246 1323 505 1373 subiuncta
540 1324 703 1373 brevis
740 1325 906 1374 critica
947 1326 1148 1374 notatio.
1197 1324 1453 1373 Adnotatio
1491 1322 1566 1373 vel
1601 1323 1735 1372 locos
1761 1319 2024 1371 nonnullos

244 1400 421 1445 tractat
459 1395 758 1445 difficiliores
798 1395 873 1444 vel
905 1396 1183 1459 suppeditat
1219 1410 1386 1444 earum
1420 1409 1588 1444 rerum
1624 1394 1855 1449 notitiam,
1895 1406 2019 1456 quae

244 1465 529 1516 hominibus
580 1466 853 1517 litterarum
905 1466 1203 1515 Graecarum
1256 1466 1494 1529 imperitis
1545 1466 1668 1514 scitu
1719 1463 2023 1513 necessariae

243 1536 515 1587 videantur.

385 1608 644 1657 Praeterea
682 1609 815 1658 hunc
851 1607 1030 1656 librum
1070 1607 1332 1657 uberrimis
1370 1607 1734 1655 commentariis
1765 1603 2020 1652 illustravit

242 1678 333 1727 Fr.
363 1679 566 1730 Astius
593 1681 643 1727 in
672 1679 888 1743 Operum
916 1678 1101 1727 Platon.
1143 1685 1259 1727 tom.
1287 1677 1365 1728 IX.
1401 1692 1508 1741 pag.
1534 1672 1829 1726 479-839.

620 1791 661 1857 c)
702 1792 780 1842 De
813 1791 1215 1842 versionibus
1255 1790 1659 1842 Germanicis.

385 1892 678 1942 Germanice
704 1891 838 1941 hunc
865 1891 1111 1955 dialogum
1148 1895 1495 1940 converterunt
1520 1903 1617 1936 non
1646 1886 1799 1952 pauci.
1852 1885 2021 1949 Nuper

241 1964 292 2011 in
316 1963 413 2012 hoc
448 1978 631 2028 genere
675 1961 951 2012 litterarum
998 1962 1115 2011 clari
1150 1962 1443 2011 exstiterunt
1477 1966 1674 2023 praeter
1697 1955 2019 2007 Schleier-

242 2034 411 2083 mach
429 2050 598 2084 erum
630 2033 857 2098 (Platon's
884 2033 1079 2082 Werke.
1120 2033 1210 2082 Th.
1238 2032 1293 2081 ΙΙ.
1336 2031 1423 2081 Bd.
1452 2030 1549 2095 111.)

385 2106 612 2171 Caspar
639 2106 809 2162 Gom,
846 2104 1042 2154 Platons
1078 2103 1336 2159 Phaedon,
1374 2100 1540 2150 libers,
1579 2116 1626 2149 u.
1654 2098 1739 2147 mit
1764 2095 1939 2162 philos,
1969 2112 2018 2145 u.

240 2176 431 2226 andern
482 2176 866 2239 Anmerkungen
916 2174 1170 2224 versehen.
1233 2171 1494 2237 Augsburg
1544 2166 1694 2220 1824.
1746 2175 1793 2218 et
1840 2169 2019 2217 iterum

244 2244 518 2368 1842l2.8P.
543 2319 580 2367 L
593 2319 650 2367 in
665 2318 694 2367 d
709 2334 732 2367 a
749 2334 781 2367 u
793 2357 804 2375 ‚
833 2315 1047 2367 Platon’s
1063 2316 1313 2372 Phaedon,
1337 2313 1601 2363 ubersetzt.
1621 2309 1786 2361 Berlin
1802 2306 1953 2359 1804.
1968 2304 2018 2357 8.

383 2389 439 2439 K.
470 2390 524 2440 E.
553 2391 606 2439 A.
638 2388 944 2445 Schmidt,
974 2386 1186 2438 Platon’s
1212 2387 1508 2449 Protagoras
1536 2399 1581 2432 u.
1608 2381 1841 2432 Phaedon
1869 2378 2020 2428 siber-

238 2467 374 2511 setzt.
414 2460 654 2510 Prenzlau
683 2457 835 2510 1838.
877 2456 924 2509 8.

383 2533 439 2583 G.
468 2532 522 2581 F.
552 2532 627 2581 Dr
641 2547 666 2581 e
680 2546 739 2580 sc
755 2531 786 2579 h
800 2545 886 2588 er,
911 2528 1125 2579 Platon’s
1146 2525 1565 2582 sammtl.Werke‚
1586 2523 1848 2573 ubersetzt.
1868 2519 1913 2568 1.
1929 2518 2018 2568 Bd.

240 2603 446 2652 Giessen
475 2600 626 2652 1848.
668 2600 716 2651 8.

382 2673 439 2722 Η.
467 2671 711 2728 Miiller,
748 2668 964 2720 Platon’s
990 2669 1198 2719 sammtl.
1225 2667 1423 2723 Werke‚
1452 2666 1703 2715 iibersetzt
1727 2662 1815 2711 mit
1839 2658 2019 2710 Einlei-

238 2749 423 2807 tungen
451 2759 543 2792 von
576 2742 632 2791 K.
662 2742 924 2791 Steinhart.
961 2738 1010 2789 4.
1039 2740 1126 2789 Bd.
1167 2739 1366 2802 Leipzig
1396 2734 1547 2787 1854.
1588 2733 1635 2785 8.

382 2813 433 2862 F.
462 2815 513 2863 A.
543 2813 583 2862 N
595 2812 822 2868 sisslin,
863 2811 959 2860 Der
993 2809 1302 2859 Platonische
1336 2807 1591 2862 Phaedon,
1632 2803 1881 2854 ubersetzt
1918 2797 2018 2850 und

239 2883 443 2934 erklart.
484 2883 763 2933 Mannheim
795 2879 946 2931 1855.
977 2888 1024 2930 et
1050 2882 1228 2930 iterum
1260 2877 1410 2929 1863.
1452 2876 1498 2927 8.
