2158 3718
345 148 434 185 XII
965 146 1375 186 PROLEGOMEN
1377 148 1416 184 A

343 291 486 329 nunc
521 291 623 347 ego
661 283 754 328 tuo
793 282 1030 345 tempore
1063 273 1257 338 dicam,
1298 282 1356 326 tu
1380 281 1570 344 postea
1593 291 1742 337 meo;
1782 283 1836 327 et
1858 283 2042 329 auctor
2091 284 2093 286 “

343 344 440 399 tibi
487 363 622 409 sum,
666 353 726 398 ut
771 345 1016 416 spiritum
1063 343 1388 412 aliquamdiu
1436 343 1689 398 cohibeas,
1734 345 1821 398 vel
1855 345 2041 400 fauces

343 434 484 484 aqua
519 416 735 486 perluas
760 416 846 469 vel
868 433 1024 469 nares
1049 414 1311 467 titillando
1337 423 1598 478 sternuas‚
1636 433 1744 483 quo
1778 416 2042 469 sincrultus

343 485 441 538 tibi
490 495 677 539 cesset.
741 484 1059 539 Orationem
1084 492 1286 558 xautem
1333 485 1593 540 eiusmodi
1641 486 1802 539 habet
1837 461 2036 556 ffryxi-

341 556 563 610 machus
575 557 647 627 ³¹⁶).
888 579 890 581 >

412 626 565 680 Bene
611 626 829 694 quidem
877 624 1006 679 mihi
1041 625 1280 688 videtur,
1331 625 1534 694 inquit,
1585 625 1884 679 Pausanias
1934 626 2042 679 duo

339 697 557 749 Amoris
593 715 794 767 genera
830 696 1054 759 fecisse,
1105 695 1200 748 sed
1247 695 1381 748 illud
1424 695 1482 748 in
1520 697 1635 750 eius
1673 698 1908 750 oratione
1945 697 2041 749 de-

342 767 535 831 sidem,
573 767 717 835 quod
740 767 963 838 imperio
987 766 1205 819 Amoris
1232 765 1371 820 solas
1394 774 1600 820 mentes
1624 766 1885 820 humanas
1911 767 2041 830 sub-

339 837 481 890 iecit.
536 836 673 890 Eius
710 856 839 891 vero
875 837 957 891 vis
995 846 1105 889 tam
1139 836 1242 890 late
1279 844 1446 908 patet,
1484 845 1546 890 ut
1581 856 1793 891 omnem
1831 847 1886 891 et
1922 837 2040 890 ani-

338 926 548 960 morum
585 917 637 961 et
674 926 959 978 corporum
994 915 1236 960 naturam
1275 907 1675 978 complectatur.
1719 906 1882 973 Quod
1918 908 2039 976 qui-

339 978 462 1031 dem
485 997 653 1047 quum
677 980 891 1033 aliunde
915 978 1093 1031 multis
1118 978 1376 1048 partibus,
1400 987 1514 1030 tum
1540 997 1608 1031 ex
1631 986 1812 1030 nostra
1835 978 2044 1031 medica

338 1057 452 1102 arte
491 1049 906 1119 deprehendisse
941 1049 1073 1101 mihi
1109 1049 1310 1103 videor.
1369 1047 1510 1101 Nam
1545 1057 1607 1102 ut
1642 1048 1806 1100 animi
1842 1048 2043 1119 duplici

339 1138 518 1172 amore
555 1120 852 1185 trahuntur,
892 1119 1112 1174 coelesti
1150 1129 1201 1173 et
1237 1120 1464 1190 vulgari,
1503 1119 1579 1172 ita
1616 1128 1670 1172 et
1695 1138 1919 1188 corpora
1942 1137 2040 1171 no-

339 1199 450 1243 stra
475 1191 546 1244 du
587 1191 677 1245 lici
701 1191 975 1261 voluptate
992 1191 1286 1254 ducuntur,
1325 1191 1492 1244 altera
1517 1209 1667 1254 sana,
1707 1190 1872 1242 altera
1895 1207 2041 1242 mor-

337 1260 494 1314 bida:
535 1261 547 1273 '
571 1262 677 1314 lam
713 1262 990 1315 confirmat
1025 1272 1210 1314 nostra
1245 1279 1349 1323 ars,
1387 1260 1524 1314 hanc
1561 1260 1799 1330 expellit.
1859 1259 2040 1313 Medi-

337 1331 490 1385 cinae
528 1332 672 1384 enim
705 1331 807 1385 hoc
843 1340 925 1385 est
959 1332 1312 1403 propositum,
1348 1339 1411 1383 ut
1445 1349 1625 1384 rerum
1663 1349 1913 1383 sanarum
1952 1349 2042 1384 cu·

336 1402 578 1472 pidinem
615 1402 828 1473 corpori
861 1403 1054 1456 inferat
1090 1410 1144 1456 et
1178 1420 1264 1455 res
1303 1401 1594 1455 contrarias
1619 1401 1677 1453 in
1701 1399 2040 1454 concordiam

337 1473 564 1543 redigat,
601 1474 949 1544 repletionem
975 1482 1026 1527 et
1052 1472 1471 1536 evacuationem,
1510 1471 1742 1525 calorem
1767 1480 1820 1525 et
1844 1471 2036 1543 friguS,

339 1543 634 1597 siccitatem
672 1553 727 1597 et
761 1543 1151 1598 humiditatem.
1203 1543 1358 1597 Idem
1395 1551 1478 1596 est
1511 1542 1632 1595 finis
1667 1541 1918 1611 idemque
1954 1542 2038 1594 of-

336 1614 516 1667 ficium
554 1615 780 1668 aliarum
816 1616 1026 1680 artium,
1077 1614 1461 1685 gymnasticae,
1509 1612 1885 1684 agriculturae,
1921 1631 2042 1664 mu-

340 1685 512 1748 sicae3
540 1685 706 1750 xidem
747 1681 1022 1757 religion'is
1068 1694 1123 1739 et
1168 1684 1538 1749 divinationis,
1584 1683 1780 1753 quibus
1818 1684 2040 1737 deorum

336 1755 717 1826 hominumque
754 1757 1055 1810 communio
1094 1755 1324 1810 efficitur
1362 1763 1415 1808 et
1450 1754 1762 1818 continetur,
1811 1762 1865 1808 et
1899 1754 2040 1806 inter

338 1835 624 1896 utrumque
657 1846 829 1897 genus
859 1828 1031 1880 iustus
1065 1845 1212 1880 amor
1245 1826 1559 1880 conciliatur
1583 1844 1646 1879 ac
1674 1825 2041 1891 servatur**).

406 1896 518 1950 Hic
553 1916 720 1967 quum
756 1898 919 1952 finem
952 1898 1185 1961 fecisset,
1234 1897 1622 1967 Aristophanes
1657 1896 1920 1967 repositas
1958 1896 2042 1949 di-

338 1968 498 2021 cendi
531 1977 713 2039 partes
751 1969 992 2039 suscipit,
1032 1969 1184 2034 cuius
1221 1976 1332 2021 tota
1368 1967 1536 2021 oratio
1574 1967 1777 2021 comica
1801 1975 1882 2019 est
1907 1975 1961 2019 et
1985 1967 2042 2019 in

337 2039 566 2092 ridiculo
605 2040 936 2094 consumitur
976 2039 1324 2112 [quamquam
1355 2037 1410 2092 'ei
1446 2037 1548 2092 hoc
1585 2047 1668 2091 est
1690 2037 2043 2119 propositum,

336 2109 483 2179 quod
518 2128 647 2164 sane
684 2130 852 2183 grave
890 2119 973 2165 est
1009 2119 1166 2181 atque
1203 2109 1422 2180 plenum
1447 2108 1766 2174 severitatls,
1806 2117 1869 2160 ut
1892 2126 2042 2161 amo-

336 2198 479 2248 rem*
502 2179 570 2234 ab
616 2182 799 2235 nativo
848 2181 1080 2251 quodam
1125 2180 1455 2253 indigentiae
1494 2198 1655 2234 sensu
1690 2178 2045 2250 repetendum

337 2268 455 2304 esse
481 2250 726 2325 statuat}
763 2251 1084 2322 Antiquitus
1111 2252 1271 2316 enim,
1307 2251 1502 2320 inquit,
1529 2250 1651 2315 alia,
1690 2268 1753 2302 ac
1777 2269 1919 2303 nunc
1946 2257 2041 2314 est,

335 2321 611 2376 hominum
648 2331 763 2376 erat
797 2332 1011 2377 natura:
1050 2342 1174 2376 nam
1212 2330 1263 2376 et
1290 2321 1488 2393 singuli
1511 2321 1750 2375 homines
1775 2339 1885 2374 non
1911 2320 2041 2373 sim-

335 2393 464 2463 plex
498 2394 772 2448 habebant
806 2413 1020 2466 corpuS,
1069 2394 1166 2447 sed
1213 2393 1507 2466 geminum,
1555 2411 1624 2446 ex
1670 2390 1883 2444 duobus
1921 2409 2042 2444 cor-

378 2463 561 2517 oribus
600 2473 923 2531 concretum,
973 2474 1027 2519 et
1064 2483 1225 2518 sexus
1266 2472 1380 2518 erat
1417 2464 1629 2533 triplex,
1677 2481 1885 2515 marum
1920 2481 2041 2514 mu-

358 2534 637 2604 ierumque
674 2537 861 2606 generi
898 2537 1078 2589 addito
1116 2535 1272 2589 tertio
1320 2535 1627 2603 ἀνὸρογύνῳ,
1677 2553 1745 2586 ex
1781 2532 2043 2586 ambobus

340 2605 646 2660 commixto.
684 2607 885 2660 Forma
908 2608 1074 2678 igitur
1112 2606 1370 2674 cuiusque
1406 2604 1636 2658 hominis
1674 2612 1789 2656 erat
1822 2604 1944 2667 ista,
1984 2611 2044 2655 ut

339 2675 550 2728 duobus
589 2678 904 2746 corporibus
942 2677 1240 2730 coniunctis
1290 2676 1448 2728 dorsa
1495 2682 1648 2727 extra
1684 2681 2041 2738 verterentur,

337 2763 506 2797 unum
544 2755 685 2799 esset
722 2755 915 2817 caput,
963 2747 1186 2814 eiusque
1234 2745 1412 2798 vultus
1458 2744 1633 2797 aversi
1677 2743 1815 2807 du03
1866 2752 2043 2796 motus

339 2814 477 2878 talis,
515 2824 578 2868 ut
601 2835 710 2869 non
733 2824 1029 2879 currerent,
1057 2816 1153 2868 sed
1178 2822 1427 2885 quattuor
1449 2814 1679 2884 pedibus
1702 2813 2042 2883 brachiisque

308 2885 639 2938 ‘volutarent
676 2905 733 2940 se
770 2887 906 2940 mira
941 2885 1236 2940 velocitate.
1276 2883 1390 2938 Sed
1426 2904 1592 2954 quum
1628 2903 1726 2955 pro
1758 2903 2043 2955 corporum

337 2955 528 3010 robore
550 2975 775 3027 magnos
801 2957 1072 3027 elatosque
1098 2957 1316 3027 spiritus
1341 2964 1607 3028 gererent,
1634 2956 1869 3024 deosque
1893 2956 2041 3026 ipsos

338 3026 777 3099 aggrederentur,
795 3027 1041 3098 Iuppiter
1059 3028 1281 3082 deorum
1291 3027 1573 3081 concilium
1593 3034 1863 3090 convocat,
1882 3045 2042 3095 quae-

339 3098 425 3162 rit,
465 3096 596 3166 quid
631 3098 900 3171 agendum
940 3098 1024 3164 sit,
1063 3106 1243 3153 utrum
1281 3097 1612 3169 exstirpandi
1651 3097 1758 3150 sint
1781 3097 2040 3159 homines,

411 3255 454 3307 *)
485 3269 526 3308 p.
552 3259 644 3298 185.
667 3255 829 3299 C-E.

384 3325 450 3377 *’'‘)
482 3340 520 3379 p.
552 3332 641 3370 186.
666 3326 705 3368 A
730 3362 777 3367 -
810 3331 898 3368 188.
922 3328 970 3368 E.
