2222 3762
340 166 755 222 APOLOG·1A
808 163 1206 219 SOCRATIS.

1257 165 1319 216 P.
1366 167 1445 228 19.
1486 139 1567 217 st.
1732 164 1796 215 65

112 314 324 383 πολλὴν
349 318 630 392 φλυαρίαν
659 315 1040 387 φλυαροῦντα,
1082 305 1160 365 ὧν
1192 309 1293 381 ἐγώ
1320 310 1481 409 οὐδὲῖ
1509 310 1633 366 οὔτε
1658 318 1793 381 με’ῑα

112 399 239 457 οὔτε
267 397 495 472 σμικοὸν
519 406 635 466 πέρι
665 401 852 451 ἐπαΐω.
897 400 986 450 καὶ
1008 396 1108 467 οὐχ
1131 394 1203 459 ὡς
1223 393 1507 464 ἀτιμάζων
1537 401 1666 466 λέῑω
1695 397 1796 464 τὴν

227 621 398 659 ταῦτα
448 613 546 671 γὰρ
585 612 813 669 ἑωρᾶτε]
877 614 932 653 V.
987 613 1183 663 τοιαῦτα,
1229 615 1343 668 quod
1385 629 1409 656 e
1449 615 1575 660 Bodl.
1617 617 1729 659 Ven.
1771 620 1810 660 b.

112 676 242 720 vind
274 676 314 720 1
348 675 389 719 3
420 675 462 720 4
498 675 524 718 6
574 674 687 715 Flor,
723 675 762 716 d,
798 683 835 714 e.
867 684 909 723 g.
941 669 979 713 h.
1024 672 1120 713 Par.
1157 672 1239 712 DS.
1279 678 1445 713 mutare
1487 687 1567 715 non
1602 675 1811 716 dubitavi-

111 845 282 886 nomine
323 844 438 897 carpi
478 854 611 896 posse
643 842 913 894 intelligeret.

114 903 286 944 Tribuit
315 903 441 955 igitur
473 901 542 941 uni
576 900 768 950 Socrati,
806 908 916 948 quae

114 965 258 1002 essent
274 962 446 1012 propria
467 957 771 1012 sophistarum,
794 965 915 998 eum-

114 1030 198 1070 que
244 1016 501 1058 deformavit
540 1017 695 1065 talem,
744 1016 782 1055 in
829 1021 915 1061 quo

114 1088 268 1116 ornnes
298 1075 461 1115 illorum
481 1085 634 1124 nugae,
667 1072 843 1114 fraudes
871 1080 916 1116 et

113 1133 257 1173 malae
288 1134 404 1172 artes
435 1134 723 1170 cernerentur.
785 1130 917 1174 Quod

113 1188 310 1243 profecto
378 1187 512 1228 videri
581 1188 918 1240 intelligentibus

114 1249 240 1300 longe
272 1246 461 1288 maxime
492 1244 711 1285 ridiculum
753 1245 917 1296 debuit,

115 1302 459 1358 quandoquidem
481 1302 520 1342 in
543 1315 594 1343 eo
615 1304 796 1344 artificio
819 1305 918 1346 ideo

115 1363 251 1402 inerat
283 1363 480 1402 iocorum
514 1361 770 1413 plurimum,
803 1363 919 1415 quia,

117 1432 250 1471 quum
302 1419 376 1459 ille
430 1423 606 1471 propter
667 1425 919 1472 perpetuam

78 1472 81 1475 ’
117 1475 354 1518 disserendi
390 1475 743 1517 consuetudinem
773 1478 920 1518 multis

116 1535 334 1576 videretur
363 1533 566 1587 sophistis
598 1534 864 1582 simillimus,
896 1549 920 1576 a

115 1604 298 1645 qnorum
347 1597 492 1632 tamen
541 1591 707 1632 ratione
756 1594 921 1634 alienus

117 1654 225 1697 erat,
257 1657 349 1690 tum
377 1650 506 1690 etiam
538 1649 709 1699 faciem,
742 1652 922 1702 vultum,

118 1706 321 1758 habitum,
352 1719 496 1748 mores
520 1706 704 1758 denique
723 1722 799 1748 eos
818 1721 923 1760 prae

118 1778 166 1806 se
185 1765 365 1816 ferebat,
385 1764 745 1818 quilargissimam
760 1765 923 1807 ridendi

119 1821 426 1877 cavillandique
475 1822 731 1874 praeberent
786 1829 923 1865 mate-

119 1880 370 1934 riam.sicuti
383 1881 447 1922 vel
460 1891 512 1920 ex
526 1881 844 1933 elegantissima
857 1881 925 1922 illa

122 1937 352 1978 Alcibiadis
395 1937 589 1978 oratione
629 1939 741 1992 apud
785 1940 923 1982 Pla-t.

122 1994 323 2051 Sympos.
367 2009 406 2046 p.
439 1994 537 2039 215.
582 1998 631 2038 A.
664 2009 760 2049 sqq.
794 1998 926 2038 intel-

119 2054 279 2107 ligitur.
339 2051 428 2094 Sed
469 2053 573 2094 licet
620 2054 927 2108 Aristophanes

122 2111 348 2152 Socratem
373 2111 514 2151 nonin
533 2110 826 2163 sophistarum
850 2124 925 2152 nu—

123 2181 239 2210 mero
281 2167 495 2211 habuerit..
526 2174 656 2219 atque
688 2182 782 2210 eum
816 2171 928 2209 Avv.

122 2238 161 2268 v.
193 2224 309 2268 1280
341 2229 386 2266 et
415 2223 541 2268 1554.
575 2226 715 2265 Rann.
737 2240 775 2269 ν.
799 2226 928 2270 1487.

124 2295 210 2323 non
241 2288 328 2322 tam
362 2286 411 2321 ut
442 2281 678 2335 sophistam
724 2296 850 2335 quam
885 2289 931 2324 ut

125 2338 343 2380 sordidum
376 2344 450 2380 aut
487 2341 761 2392 nugatorium
794 2340 930 2394 philo-

126 2397 310 2449 sophum
358 2397 593 2446 notaverit;
645 2405 788 2439 tamen
828 2398 930 2440 illud

126 2455 297 2508 quidem
348 2466 431 2494 non
472 2460 539 2496 est
579 2455 779 2504 dubium,
830 2469 930 2498 eum

126 2511 333 2564 sapienti,
374 2517 525 2564 utpote
557 2517 600 2552 et
631 2513 716 2566 ipsi
743 2515 930 2555 novitiae

127 2569 373 2622 disciplinae
387 2569 708 2620 quodammodo
729 2570 928 2621 adiutori,

127 2640 212 2669 non
243 2628 354 2667 bene
389 2628 601 2680 cupivisse
645 2628 822 2680 eiusque
854 2641 934 2669 no-

127 2697 227 2726 men
249 2682 358 2737 apud
376 2697 572 2737 magnam
599 2686 933 2737 multitudinem,

126 2755 240 2796 quae
285 2753 382 2783 eum
427 2741 507 2783 iam
541 2741 596 2783 de
627 2743 857 2796 sophistica
891 2749 937 2784 et

129 2811 335 2854 perverso
368 2799 668 2852 philosophiae
686 2802 830 2842 studio
862 2813 935 2841 su—

131 2862 324 2910 spectum
356 2856 556 2907 haberet,
604 2857 644 2898 in
684 2860 840 2900 malam
873 2859 936 2899 in-

130 2913 286 2956 vidiam
346 2913 591 2957 adduxisse.
664 2916 788 2958 Quae
845 2917 937 2969 ipsa

133 2984 282 3014 caussa
331 2977 422 3022 est,
471 2984 546 3011 cur
585 2973 713 3015 Plato
766 2979 936 3026 poetam

134 3030 345 3070 comicum
380 3036 424 3070 et
457 3030 496 3069 in
532 3031 742 3083 Apologia
778 3031 937 3073 identi-

135 3086 232 3127 dem
264 3088 327 3139 (p.
347 3087 416 3130 21.
449 3085 520 3140 Β.)
557 3089 790 3136 notaverit,
823 3094 866 3129 et
898 3089 939 3128 in

135 3143 368 3196 Symposio
411 3149 588 3197 propter
628 3145 815 3186 iniuriam
853 3145 939 3186 So-

135 3201 241 3245 crati
289 3199 451 3242 illatam
482 3202 634 3242 leniter
679 3202 851 3254 quidem
895 3207 940 3244 et

136 3257 319 3308 urbane,
350 3259 428 3300 sed
462 3259 571 3299 satis
603 3265 746 3300 tamen
783 3260 939 3302 acerbe

137 3314 460 3368 reprehenderit
471 3321 514 3358 et
527 3318 815 3370 castigaverit.
850 3317 936 3358 Ve-

138 3370 358 3414 hementer
396 3375 504 3415 enim
548 3379 820 3426 erraverunt,
869 3377 940 3428 qui

140 3428 368 3472 Platonem
424 3438 682 3473 censuerunt
730 3434 770 3473 in
810 3433 938 3486 Sym-

201 3500 302 3542 Plat
345 3502 381 3541 Ι.
413 3501 517 3542 Vol.
549 3503 585 3542 I.
630 3504 674 3543 P.
707 3503 738 3543 1.

1008 842 1135 893 posio
1166 855 1262 882 cum
1296 842 1577 897 Aristophane
1608 845 1730 897 quasi
1769 847 1810 885 in

1007 900 1192 950 gratiam
1240 899 1432 941 rediisse.
1493 902 1633 944 Quem
1667 903 1811 955 potius

1009 969 1103 996 eum
1138 956 1318 1008 induxit,
1351 959 1421 1008 qui
1455 972 1538 999 non
1571 960 1701 1000 modo
1739 974 1813 1001 ur-

1009 1014 1117 1054 bane
1137 1015 1419 1059 subsannetnr
1451 1029 1502 1056 ac
1525 1016 1811 1070 reprehenda-

1007 1075 1094 1120 tur,
1128 1071 1203 1110 sed
1237 1071 1367 1119 etiam
1399 1072 1582 1114 Socrate
1605 1075 1813 1126 sapientia

1009 1130 1135 1181 longe
1166 1128 1222 1169 sit
1252 1127 1440 1181 inferior,
1473 1131 1596 1171 sicuti
1631 1131 1812 1173 demon-

1010 1196 1172 1227 strasse
1228 1184 1427 1227 videmur
1482 1189 1522 1228 in
1565 1187 1812 1243 Prolegom.

1009 1243 1062 1284 ad
1096 1243 1310 1284 tertiam
1364 1245 1592 1287 editionem
1627 1246 1813 1299 Sympo-

1011 1302 1058 1341 sii
1089 1315 1128 1355 p.
1159 1300 1436 1343 XMV—Li.
1493 1302 1700 1344 Ceterum
1732 1305 1812 1345 ali-

1009 1365 1077 1400 ter
1107 1359 1161 1400 ‹le
1190 1360 1525 1412 necessitudine,
1557 1375 1667 1413 quae
1698 1364 1813 1404 inter

1012 1417 1237 1457 Socratem
1285 1420 1330 1457 et
1378 1418 1708 1470 Aristophanem
1750 1420 1813 1459 in-

1013 1474 1276 1521 tercesserit,
1324 1474 1527 1517 iudicavit
1577 1478 1812 1518 Suevern

1012 1533 1147 1573 iiber
1177 1532 1533 1582 Aristophani.
1575 1535 1810 1587 Wolken‚

1012 1589 1174 1632 Berlin.
1211 1589 1338 1632 1826.
1366 1589 1407 1633 4.
1441 1592 1564 1631 aliter
1584 1593 1710 1633 etiam
1729 1592 1812 1637 Fr.

1016 1652 1064 1690 A.
1088 1646 1344 1697 Wolfius,
1365 1650 1419 1688 G.
1448 1648 1814 1698 ,Hermannuffi

1012 1703 1338 1755 Fritschius‚
1373 1705 1456 1757 alii,
1481 1708 1549 1758 qui
1580 1721 1716 1760 nuper
1739 1709 1817 1750 hoc

1014 1768 1313 1816 argumentum
1344 1763 1397 1803 de
1427 1763 1636 1805 industria
1658 1771 1816 1808 tracta-

1013 1827 1177 1862 verunt.
1240 1820 1394 1862 Verum
1454 1821 1603 1864 horum
1644 1824 1815 1875 quidem

1016 1878 1250 1919 sententias
1302 1878 1464 1919 referre
1512 1882 1684 1933 longum
1737 1887 1817 1925 est.

1017 1937 1117 1978 Hoc
1152 1948 1278 1976 unum
1322 1937 1454 1988 igitur
1494 1938 1713 1980 addidisse
1754 1940 1818 1980 iu-

1017 1994 1154 2045 vabit,
1188 1997 1420 2034 secundum
1457 1996 1485 2034 A
1507 1996 1660 2036 elian.
1697 1997 1815 2038 Varr.

1018 2052 1132 2093 Hist.
1171 2050 1221 2093 ll.
1255 2050 1309 2094 12
1373 2058 1416 2091 et
1449 2052 1598 2106 Diog.
1637 2055 1817 2096 LaErt.

1019 2110 1068 2150 ll.
1100 2107 1168 2151 38.
1206 2108 1534 2160 Aristophanem
1568 2125 1591 2151 a
1625 2111 1818 2153 Socratis

1016 2166 1194 2206 inimicis
1245 2164 1462 2206 inductum
1516 2172 1559 2207 et
1611 2169 1819 2211 suborna-

1017 2229 1104 2263 tum
1139 2221 1282 2263 Nubes
1314 2223 1562 2275 scripsisse:
1594 2239 1703 2278 quae
1720 2239 1815 2268 nar-

1017 2280 1126 2321 ratio
1159 2280 1339 2321 fabellae
1378 2281 1496 2322 alicui
1537 2295 1618 2323 non
1652 2284 1821 2325 videtur

1016 2337 1243 2378 dissimilis.
1307 2345 1370 2378 Ac
1420 2337 1619 2381 dissentit
1673 2340 1818 2383 Schol.

1016 2394 1069 2436 ad
1113 2394 1251 2436 Nubb.
1298 2407 1336 2438 v.
1391 2396 1486 2446 97„
1535 2399 1603 2449 qui
1644 2402 1819 2451 poetam

1016 2456 1158 2493 narrat
1200 2453 1313 2493 nullo
1365 2454 1406 2494 in
1446 2454 1671 2497 Socratem
1721 2457 1821 2499 odio

1015 2514 1261 2563 permotum
1333 2509 1498 2552 fabulae
1560 2514 1819 2556 scribendae

1023 2567 1246 2608 consilium
1319 2570 1514 2621 cepisse3
1582 2584 1820 2625 quanquam

1022 2626 1174 2678 quibus
1206 2638 1300 2666 eam
1341 2626 1380 2666 in
1413 2639 1500 2668 rem
1534 2629 1665 2670 utitur
1696 2644 1822 2683 argu-

1025 2684 1196 2733 mentis,
1230 2696 1278 2722 ea
1310 2683 1436 2724 valde
1468 2685 1630 2726 infirma
1664 2693 1776 2728 sunt.

1083 2733 1248 2780 ουδὲν
1309 2738 1439 2782 ου’τε
1502 2740 1636 2796 μέγα
1698 2741 1827 2786 οὔτε

1027 2795 1287 2852 σμικρόν]
1351 2799 1490 2840 Dictio
1546 2804 1826 2854 proverbialis

1026 2861 1116 2904 est
1184 2857 1301 2896 cuius
1366 2869 1486 2898 usum
1563 2860 1828 2902 illustrarunt

1029 2914 1323 2967 Berglerus
1375 2914 1427 2955 ad
1484 2917 1725 2970 Alciphron.
1783 2932 1825 2971 p.

1024 2970 1121 3015 355.
1146 2970 1213 3014 ed.
1234 2971 1433 3024 Wagner.
1457 2972 1632 3014 Herm
1665 2976 1718 3016 ad
1746 2977 1826 3016 Vi-
1856 2973 1860 2976 ’

1026 3041 1116 3080 ger.
1158 3041 1200 3082 p.
1235 3006 1350 3140 72οῑ
1366 3030 1431 3074 78.
1473 3031 1555 3073 alii.
1588 3032 1640 3075 cs
1675 3047 1714 3084 p,
1753 3034 1824 3077 21,

1028 3086 1076 3126 Β.
1109 3091 1152 3127 et
1186 3086 1290 3129 Phil.
1357 3087 1466 3131 2.1.
1503 3089 1549 3127 l).
1583 3089 1652 3133 32
1674 3091 1725 3133 E.
1753 3091 1824 3135 33.

1027 3143 1078 3183 Β.
1134 3143 1204 3184 ubi
1247 3101 1350 3185 est}³
1382 3142 1540 3198 μηδὲν
1589 3146 1679 3188 δεῖν
1725 3145 1827 3202 μήτε

1027 3200 1132 3254 μέγα
1162 3197 1264 3254 μήτε
1297 3200 1476 3257 σμικρὸν
1498 3206 1670 3274 χαίρειν
1703 3214 1749 3246 nt
1774 3220 1826 3247 ne

1028 3262 1107 3302 hoc
1135 3259 1305 3311 quidem
1339 3261 1437 3302 loco
1458 3257 1588 3303 οὐδὲν
1607 3277 1737 3317 aegre
1762 3265 1826 3305 fe-

1028 3329 1194 3367 ramus,
1244 3317 1358 3369 quod
1410 3318 1652 3362 Cobetus
1704 3321 1823 3362 Varr.

1033 3375 1176 3416 Lectt.
1209 3387 1247 3427 p.
1272 3374 1522 3419 299.delert
1539 3379 1670 3420 iubet.
1695 3376 1822 3419 Quod

1030 3431 1188 3473 ἐπαΐειν
1219 3445 1314 3474 cum
1341 3434 1436 3486 περὶ
1458 3440 1502 3475 et
1523 3435 1708 3489 genitivo
1724 3446 1825 3473 con-

1438 3506 1466 3554 5
