2158 3718
362 195 460 246 162
988 195 1468 251 PLATONIS

359 346 452 397 καὶ
507 342 645 409 ὀξεῖς
681 339 837 406 ὄντες
891 340 998 396 ὑπὸ
1039 344 1138 396 τοῦ
1186 341 1516 413 ³912&va,
1577 347 1675 411 τῆς
1718 347 1931 408 κακίας.
1983 349 2076 400 καὶ

359 430 462 482 νῦν
507 426 606 497 ἐγώ
652 430 752 498 μὲν
797 423 988 497 ἄπειμι
1031 423 1118 500 ὑφ’
1172 423 1325 495 ὑμῶν
1370 426 1638 484 θανάτου
1679 431 1835 495 δίκην
1863 425 2072 503 ὅφλων,

361 503 521 567 οὗτοι
566 510 605 566 δ’
656 509 765 566 ὑπὸ
813 514 911 576 τῆς
955 510 1236 576 ἀληθείας
1272 509 1586 586 ὠφληκότες
1625 516 1955 583 μοχθηρίαν
1981 519 2074 568 καὶ

359 594 598 650 ἀδικίαν.
659 599 750 650 καὶ
802 598 964 662 ἔγωγε
1024 596 1100 664 τῷ
1159 594 1426 665 τιμήματι
1469 596 1704 667 ὲμμένω,
1760 601 1852 651 καὶ
1897 589 2072 652 οὗτοι.

368 679 566 733 Ταῦτα
623 683 725 748 μὲν
785 671 884 734 οὖν
939 700 1047 748 μου
1095 678 1221 741 ἴσως
1247 677 1406 735 ,οὕτω
1463 686 1553 736 καὶ
1609 685 1713 737 ἔδει
1761 692 1934 752 σχεῖν,
1980 685 2074 736 καὶ

363 762 518 834 οἶμαι
564 760 712 816 αὐτοὶ
757 767 986 832 μετρίως
1031 767 1182 833 ἔχειν.

485 843 624 923 Cap.
674 845 875 901 XXX.
934 842 1009 901 Τὸ
1058 850 1114 901 δὲ
1161 844 1227 913 δὴ
1270 869 1408 917 μετα
1441 851 1608 903 τοῦτο
1636 847 1897 920 ἐπιθυμῶ
1941 847 2073 920 ὑμῖν

268 941 313 994 C
357 934 771 1004 χρησμῳδῆσαι,
815 923 855 985 ὦ
903 933 1434 1005 καταφηφισάμενοί
1476 949 1613 1003 μου·
1673 937 1765 987 καὶ
1811 931 1921 1004 γάρ
1968 939 2076 1003 εἰμι

359 1012 466 1083 ἤδη
511 1012 786 1079 ἐνταῦθα,
832 1012 888 1070 ἓν
934 1017 975 1085 ᾡ
1021 1014 1231 1085 μάλιστ’
1281 1013 1590 1088 ἄνθρωποι
1634 1019 2075 1089 χρησμῳδοῦσιν,

360 1098 501 1155 ὅταν
544 1103 809 1169 μέλλωσιν
853 1096 1314 1156 αποθανεῖσθαι.
1375 1106 1517 1176 φημὶ
1564 1100 1701 1174 γάρ,
1759 1093 1798 1155 ὦ
1860 1097 2074 1174 ἄνδρες,

361 1188 414 1240 οἳ
466 1184 558 1256 εμὲ
603 1181 963 1249 ἀπεκτόνατε,
1008 1190 1277 1256 τιμωρίαν
1320 1183 1450 1255 ὑμῖν
1511 1185 1656 1252 ἥξειν
1711 1184 1892 1249 εὐθὺς
1933 1206 2071 1258 μετα

362 1267 462 1324 τὸν
506 1266 640 1339 ἐμὸν
688 1267 952 1323 θάνατον
997 1266 1138 1323 πολὺ
1179 1273 1568 1342 χαλεπωτέραν
1615 1267 1681 1336 νὴ
1732 1269 1813 1326 Δί’
1867 1265 1900 1336 ἢ
1945 1274 2074 1324 οἵαν

478 1436 563 1475 καὶ
598 1435 694 1475 νῦν
735 1432 836 1487 ἐγώ
869 1431 975 1487 ἅπ]
1027 1433 1103 1473 Sic
1139 1433 1260 1473 ssodl.
1293 1434 1396 1475 Vat.
1431 1435 1543 1476 Ven.
1575 1435 1614 1475 Ι).
1651 1433 1778 1476 Vind.
1811 1435 1851 1478 1.
1883 1435 1925 1479 6.
1957 1433 2074 1476 Flor.

362 1493 403 1533 d.
466 1494 552 1541 ,.Ιι
586 1493 684 1536 Par
721 1491 850 1533 DST.
887 1488 999 1532 Vett.
1034 1490 1153 1533 editt.
1188 1492 1256 1530 καὶ
1293 1492 1373 1532 νῦν
1405 1490 1458 1544 δὴ
1491 1489 1588 1546 ἐγώ.
1620 1492 1795 1534 Deinde
1827 1493 1955 1546 vulgo
1983 1497 2078 1534 erat

363 1525 462 1602 αφύ
483 1546 624 1601 ὑμῶν,
665 1549 780 1603 quod
824 1550 969 1590 eBas
979 1550 1017 1592 il.
1058 1548 1099 1590 2.
1142 1553 1184 1589 et
1217 1550 1318 1592 Vat.
1363 1550 1490 1590 Vind.
1537 1551 1575 1594 1.
1617 1550 1659 1594 4.
1705 1551 1746 1594 6.
1798 1549 1914 1593 Flor.
1960 1564 1999 1592 a.
2040 1563 2078 1592 c.

363 1609 406 1649 d.
437 1623 477 1663 g.
509 1611 548 1649 h
587 1609 686 1650 Par
719 1608 794 1648 CD
829 1611 873 1647 et
904 1620 989 1648 rec.
1027 1606 1073 1646 Β.
1111 1607 1214 1649 Ven.
1247 1607 1289 1647 b.
1323 1620 1434 1650 corr.
1474 1613 1702 1650 mutatum.

479 1667 563 1707 καὶ
597 1667 769 1720 ἔγωγε
799 1678 864 1718 τῳ
907 1661 1192 1718 τιμήματι]
1255 1664 1544 1707 Bekkerus
1590 1678 1687 1707 cum
1730 1665 1982 1710 Turicenss.
2022 1666 2077 1707 de

363 1725 611 1766 coniectura
641 1722 963 1765 Heindorfii
995 1735 1106 1763 corr.
1141 1723 1211 1763 καὶ
1242 1719 1326 1776 ἐγώ
1350 1737 1392 1763 τε
1421 1738 1453 1764 τ.
1475 1738 1507 1763 τ.
1539 1723 1682 1764 invitis
1713 1724 1830 1766 libris
1862 1723 2073 1767 omnibus.

362 1783 507 1823 Etiam
537 1782 735 1823 Ficinus.
777 1785 942 1832 atque
982 1793 1081 1833 ego
1122 1780 1337 1833 quidem
1387 1795 1602 1834 poenae
1641 1783 1980 1834 acquiesco,
2023 1787 2078 1823 et

363 1841 476 1880 isti.
527 1841 645 1881 Dein
684 1831 767 1880 οὖν
797 1843 901 1891 post
938 1836 1082 1879 Ταῦτα
1120 1837 1195 1890 μὲν
1234 1852 1320 1880 οιιι.
1360 1838 1486 1880 Bodl.
1517 1839 1619 1883 Par.
1652 1839 1851 1881 ADST.
1895 1839 2000 1881 Ven.
2030 1840 2071 1883 b.

363 1898 466 1939 Vnt.
503 1897 622 1939 Vind.
657 1898 697 1942 1.
729 1896 771 1940 6-
804 1895 922 1939 Flor.
955 1895 997 1939 d.

479 1955 528 1999 C.
598 1953 686 2006 ἐμὲ
728 1950 1086 2009 ἀπεκτόνατε]
1146 1954 1219 1995 Sic
1263 1954 1388 1996 Bodl.
1425 1955 1537 1996 Ven.
1566 1954 1606 1995 b.
1640 1953 1770 1996 Vind.
1804 1954 1844 1997 1.
1877 1955 1920 1998 6.
1955 1953 2072 1997 Flor.

362 2027 404 2067 g.
439 2013 477 2056 h.
512 2017 603 2055 Par.
638 2012 766 2055 DST.
824 2011 968 2054 Prave
999 2014 1128 2066 vulgo
1168 2013 1213 2053 εἴ
1234 2027 1283 2063 με
1317 2008 1596 2054 ἀποκτενεῖτε.
1659 2010 1824 2052 Sensus
1856 2017 1948 2054 est·
1979 2013 2073 2065 qui

364 2084 444 2112 me
475 2072 679 2139 capitis
711 2069 1193 2111 condemnavistis.

478 2124 506 2182 ἢ
539 2129 659 2169 οἵαν
690 2125 783 2177 ἐμὲ
814 2122 1194 2183 ἁπεκτόνατε]
1249 2128 1295 2170 V.
1328 2123 1612 2169 &mamistam
1671 2127 1927 2168 Perfectum
1960 2131 2071 2168 tem-

363 2199 460 2239 pus,
490 2186 606 2240 qu'od
637 2187 764 2228 unice
793 2186 1031 2227 sententiae
1061 2187 1277 2239 convenit,
1311 2185 1436 2227 Bodl.
1476 2185 1570 2227 Vat.
1590 2185 1708 2226 Ven.
1741 2184 1781 2225 b.
1806 2183 1936 2226 Vind.
1958 2185 1999 2229 1.
2025 2185 2071 2229 4.

364 2245 422 2297 6.,
454 2245 522 2286 alii
553 2246 691 2296 multi,
724 2242 1071 2296 suppeditarunt.

486 2303 654 2343 τοῦτο
697 2300 986 2355 εἴργασθε]
1046 2298 1314 2356 εἰργάσασθε
1350 2299 1478 2341 Bodl.
1525 2300 1625 2341 Par.
1658 2299 1810 2342 DST.
1854 2299 1981 2342 vind.
2027 2301 2070 2343 1.

367 2472 487 2524 quod
516 2472 676 2512 dieitur
706 2485 803 2513 cum
833 2473 888 2513 de
919 2484 996 2522 eo,
1037 2484 1167 2525 quem

366 2530 464 2582 quis
502 2530 717 2571 currendo
748 2535 974 2571 assecutus
1015 2535 1083 2571 est
1126 2535 1169 2569 et

1255 2471 1504 2513 convicti
1538 2475 1592 2513 et
1611 2469 1983 2522 condemnati.
2011 2491 2066 2499 —-

1256 2529 1323 2582 τῷ
1364 2525 1614 2582 τιμήματι
1660 2525 1883 2579 ἐμμένω,
1936 2526 1976 2570 h.
2025 2539 2062 2569 e.

366 2587 504 2639 cepit,
545 2592 637 2628 tum
677 2588 731 2628 de
769 2601 846 2638 eo,
897 2588 974 2640 qui
1013 2599 1170 2629 caussa

366 2645 525 2685 cecidit
553 2650 597 2684 et
627 2646 940 2686 condemnatus
971 2650 1059 2696 est,
1095 2644 1170 2697 τῆς

367 2703 518 2742 κακίας
545 2708 692 2742 autem
720 2708 769 2742 ut.
798 2705 844 2743 in
867 2703 1005 2743 altero
1036 2715 1168 2744 mem·

365 2761 448 2801 bro
484 2789 485 2793 ,
522 2760 781 2811 adderetur,
848 2760 1170 2814 perspicuitatis

368 2818 563 2860 rationes
594 2816 917 2870 flagitaverunt.

424 2872 676 2916 θανάτου
738 2873 887 2928 δίκην
957 2871 1166 2927 ὅφλων]

367 2930 406 2973 Ιι.
448 2945 488 2976 e.
531 2937 708 2975 morte
753 2935 1034 2975 multatus.
1094 2931 1169 2972 Di-

365 2990 578 3042 ctionem‚
653 2991 756 3033 satis
835 2990 1171 3043 frequentatam,

367 3049 575 3101 exemplis
606 3049 873 3090 illustrarunt
894 3047 1168 3090 Ruhnken.

366 3104 425 3146 ad
446 3104 560 3147 Tim.
584 3107 732 3148 Gloss.
763 3119 803 3159 p.
826 3106 926 3150 262.
960 3110 1005 3146 et
1024 3105 1170 3147 Pier-

368 3175 477 3205 son.
508 3163 561 3205 sd
599 3163 738 3206 Moer.
771 3177 811 3218 p.
841 3164 927 3207 426
957 3175 1024 3216 sq.
1076 3161 1163 3203 Lu·

368 3220 475 3264 dens
520 3227 663 3264 sutem
716 3221 758 3263 in
800 3221 993 3264 eiusdem
1041 3220 1164 3262 verbi

367 3290 446 3319 usu
505 3278 625 3321 addit
677 3274 765 3320 ὑπὸ
830 3280 908 3333 τῆς
958 3273 1166 3349 ἀληθείας

368 3331 617 3390 ὠφληκότες
660 3337 903 3392 μοχθηρίαν
952 3336 1021 3378 καὶ
1075 3331 1164 3379 ἅδι-

368 3396 487 3447 κίαν,
537 3395 575 3440 h.
617 3409 658 3438 e.
705 3409 731 3438 ιι
777 3397 1023 3439 veritate
1068 3396 1162 3436 im-

368 3453 680 3506 probitatis
737 3458 792 3496 et
851 3452 1162 3495 iniustitiae

1256 2599 1357 2640 ego
1396 2591 1629 2641 paratus
1670 2598 1784 2627 sum
1828 2584 1893 2626 sd
1940 2595 2062 2638 poe-

1255 2656 1370 2685 nam
1411 2643 1775 2695 subeundam,
1819 2642 2065 2696 qualisa

1257 2702 1416 2743 vobis
1465 2703 1766 2744 aestimata
1820 2704 1919 2743 est.
1979 2697 2064 2741 Fi-

1257 2758 1499 2802 scherus.
1538 2783 1594 2789 —-
1639 2759 1881 2812 μετρίως
1915 2756 2064 2809 ἔχειν

1256 2818 1284 2861 i.
1324 2831 1365 2871 q.
1412 2811 1484 2867 εὖ,
1534 2813 1698 2871 ὀρθῶς.
1765 2815 1875 2859 Nam
1917 2813 2064 2870 μέτρια

1257 2874 1453 2917 dicuntur
1472 2885 1838 2929 quaecunque
1863 2884 2062 2915 conve-

1256 2933 1411 2974 niunt
1448 2933 1642 2984 alicui,
1684 2944 1820 2986 quse
1857 2929 2063 2972 decent

1257 2991 1508 3043 aliquem.
1569 3003 1604 3030 v.
1675 2988 1950 3032 Graevius
2010 2994 2061 3030 et

1258 3048 1523 3090 Heinsius
1563 3047 1617 3090 ad
1649 3045 1836 3090 Hesiod.
1867 3045 1980 3099 Opp.
2013 3050 2058 3088 et

1258 3107 1353 3151 DD.
1378 3119 1415 3151 v.
1435 3106 1536 3151 306.
1557 3106 1654 3149 coll.
1669 3110 1813 3147 annot.
1839 3101 1894 3144 sd
1919 3101 2058 3144 Phae-

1251 3164 1404 3219 donp
1411 3164 1505 3209 .87.
1527 3165 1576 3208 Ι).
1588 3163 1659 3207 96.
1681 3163 1734 3204 D.
1749 3161 1852 3203 crit.
1870 3174 1910 3215 p.
1919 3160 1991 3205 46.
2002 3160 2054 3201 G.

1307 3222 1414 3276 Cap.
1432 3221 1576 3265 XXX.
1610 3220 1660 3262 C.
1690 3218 1744 3261 ἐν
1775 3215 1813 3274 ᾦ
1839 3213 2053 3269 μάλιστ’

1249 3275 1540 3335 ἅνθρωποι
1591 3274 2051 3334 χρησμῳδοῦσιν]

1248 3338 1433 3381 Veteres
1465 3336 1710 3380 credidisse
1727 3335 1941 3384 animum,
1973 3347 2052 3388 sp-

1247 3397 1563 3451 propinquante
1598 3396 1796 3444 morte,
1814 3391 1906 3434 fieri
1943 3389 2051 3435 divi-

1248 3454 1440 3508 niorem,
1495 3458 1624 3506 atque
1669 3449 1902 3495 morientes
1940 3447 2049 3491 divi-
