2158 3718
264 130 367 183 126

995 99 1315 196 PLAToNrs

0 0 62 10 “
87 0 1330 46 ssvwrfflv*zemekwtvzffi‘ffflrwwmffv
1727 15 1771 27 -.

158 34 163 46 ;
247 48 249 50 η
383 40 385 42 .
419 36 438 41 ,ψ
496 35 515 42 ,κ
587 34 615 55 ³!ss
715 35 745 50 ¹⁴⁷,
792 39 793 42 ,
891 36 910 42 μ,
947 34 987 57 μ..
1099 30 1184 53 ,Ἴχρῑ
1223 31 1266 46 ,χ
1291 36 1295 42 .
1328 31 1342 35 ’·
1470 29 1474 32 ·
1514 32 1557 44 „⁴
1579 30 1630 47 ''⁴-
1671 28 1788 57 '“'„'=,-¹
1839 27 1894 49 ‘'2,
1931 28 1934 34 ¹

260 269 554 340 προςήκεις
605 270 845 333 Πάντως
882 271 1094 340 δήπου,
1142 273 1268 342 ἔφη.
1347 271 1578 328 Οὐκοῦν
1617 276 1711 328 καὶ
1746 274 1780 345 ἡ
1820 290 2048 346 σωφρο-

261 356 429 424 σύνη,
467 352 541 424 ἢν
578 355 672 407 καὶ
710 354 769 407 oc
801 355 1000 407 πολλοὶ
1027 352 1362 425 ὀνομάζουσι
1387 359 1790 429 σωφροσύνην,
1829 358 1892 413 τὸ
1919 362 2053 430 περὶ

259 437 358 503 τὰς
403 439 709 508 ἐπιθυμίας
756 436 829 508 μὴ
881 439 1220 510 ἐπτοῆσθαι,
1270 439 1395 494 ἀλλ’
1436 440 1722 513 ὀλιγώρως
1769 446 1917 513 ἔχειν
1954 445 2052 498 καὶ

260 525 535 593 κοσμίως,
586 515 681 593 ἆρ’
721 520 791 575 ού
841 523 1060 586 τούτοις
1095 524 1289 594 μόνοις
1325 527 1616 597 προςήκει,
1657 537 1773 591 τοῖς
1809 529 2048 598 μάλιστα

258 611 362 661 τοῦ
419 608 673 677 σώματος
728 604 1077 676 ὀλιγωρούσί
1126 628 1186 662 τε
1232 610 1326 662 καὶ
1374 611 1439 664 ἐν
1486 615 1798 683 φιλοσοφίᾳ
1852 615 2050 677 ζιὸσινς.

199 691 520 761 ΕἈνάγκη,
571 694 695 760 ἔφη.
775 692 849 744 Εἰ
893 690 1005 761 γάρ
1055 692 1298 763 ἐθέλεις,
1338 688 1375 763 ἦ
1413 695 1467 747 δ’
1508 694 1598 765 ὃς,
1641 697 1907 766 ἐννοῆσαι
1944 697 2048 766 τήν

371 877 422 920 D.
464 870 486 918 ἐ
497 872 722 929 θέλεις]
752 879 804 918 V.
828 870 1098 931 ἐθελήσεις,
1130 880 1246 931 quod
1275 893 1368 920 cum
1399 866 1590 921 Bekkero
1622 894 1644 920 e
1673 881 1799 923 Coisl.
1821 883 1927 925 Tub.
1947 882 2044 925 Par.

259 933 360 975 CHI
383 935 495 988 Aug.
517 934 627 974 Flor.
650 946 674 973 a
695 935 720 974 b
743 948 765 974 c
787 934 815 974 d
835 935 848 973 i
868 947 909 974 m
931 943 972 974 et
991 948 1056 989 pr.
1080 937 1188 979 Ven.
1207 936 1258 977 H
1273 944 1494 978 mutatum.
1519 937 1678 991 Nuperi
1700 946 1842 978 tamen
1864 938 2053 979 editores

256 997 480 1031 servarunt
502 991 734 1043 vulgatum.
757 1004 799 1031 v,
823 999 945 1045 anm}

253 1146 433 1195 bientes,
466 1146 592 1186 sicuti
622 1144 669 1185 fit
690 1145 802 1189 Men.
825 1158 868 1198 p.
894 1147 948 1187 99
972 1145 1105 1187 CDE.

254 1204 308 1245 89
330 1203 377 1244 B.
409 1202 536 1255 Apol.
559 1214 602 1254 p.
625 1203 678 1242 21
703 1200 748 1244 C.
779 1202 941 1242 Politic.
965 1215 1004 1255 p.
1023 1204 1106 1244 297

253 1259 286 1299 Β
309 1272 426 1311 sqq.,
442 1266 600 1298 *tamen
629 1270 682 1298 ne
710 1258 817 1298 illud
838 1259 1009 1310 quidem
1031 1271 1108 1299 sua

252 1316 381 1356 laude
404 1327 548 1355 carere
568 1315 811 1358 arbitratur.
852 1315 1020 1354 Etenim
1049 1316 1107 1355 si-

252 1373 396 1413 milem
427 1384 523 1412 esse
549 1371 641 1410 vult
670 1370 796 1410 huius
826 1371 995 1412 virtutis
1035 1383 1106 1410 ra-

250 1430 411 1470 tionem
431 1436 560 1479 atque
580 1433 721 1467 rectae
744 1427 970 1480 opinionis.
1002 1426 1104 1480 Opi-

251 1487 401 1526 nioncs
433 1485 544 1525 enim
575 1476 762 1536 (δόξας)
794 1484 872 1524 etsi
893 1484 947 1524 ad
968 1484 1103 1525 scien-

249 1543 335 1583 tiae
356 1541 595 1582 firmitatem
619 1547 659 1580 et
681 1540 964 1580 constantiam
985 1552 1103 1580 com-

249 1607 422 1652 paratas
463 1598 586 1650 parvi
615 1609 718 1637 sane
747 1597 990 1637 aestimavit
1020 1594 1120 1650 (Der

250 1657 355 1709 Rep.
385 1656 459 1695 VI.
488 1667 533 1707 p.
563 1654 646 1695 506
676 1651 721 1695 C.
762 1653 874 1697 Men.
904 1654 958 1694 97
981 1652 1103 1705 CD),

247 1719 389 1753 tamen
430 1711 524 1751 illas
563 1722 640 1764 per
670 1722 717 1750 se
752 1715 966 1763 spectatas
1003 1710 1104 1750 item

249 1770 363 1810 iusta
382 1767 637 1821 ponderavit
667 1766 803 1816 lance,
835 1766 1101 1817 quandoqui-

250 1825 346 1866 dem
386 1825 511 1864 facile
540 1822 748 1863 intellexit
784 1823 913 1862 vitam
949 1822 1100 1862 huma-

249 1894 347 1921 nam
387 1892 473 1920 non
516 1892 599 1919 una
630 1879 827 1926 scientia,
869 1879 945 1920 sed
975 1880 1101 1918 etiam

249 1938 450 1991 opinione
470 1945 600 1987 atque
619 1936 780 1988 ingenii
801 1936 990 1976 bonitate
1012 1936 1104 1988 regi

248 2001 375 2047 atque
396 1993 642 2047 gubernari.
667 2005 707 2035 v.
737 1991 894 2032 Phaed.
925 2006 969 2046 p.
993 1993 1048 2033 85
1071 1992 1101 2032 C

245 2052 391 2101 ibique
413 2063 512 2091 ann.
555 2051 703 2100 Itaque
732 2049 902 2088 tertium
923 2049 1004 2090 hoc
1025 2061 1102 2102 ge—

247 2121 328 2149 nus
351 2107 518 2147 virtutis
539 2106 582 2145 in
600 2105 755 2146 divinis
778 2104 997 2146 beneficiis
1019 2118 1097 2145 nu-

246 2164 496 2204 merandum
518 2162 738 2205 iudicavit.
762 2161 955 2202 Ceterum
976 2162 1101 2203 aliter

247 2222 300 2262 de
323 2221 522 2262 virtutum
543 2219 748 2272 gradibus
777 2219 980 2260 statuisse
1001 2219 1098 2259 Pla-

245 2278 413 2319 tonicos
454 2276 713 2317 recentiores
750 2276 893 2316 disces
940 2289 994 2316 ex
1030 2275 1096 2324 iis,

245 2346 356 2386 quae
385 2334 600 2374 disserunt
628 2332 906 2372 Fabricius
937 2333 993 2373 ad
1013 2331 1100 2372 Ma-

243 2391 326 2431 rini
345 2391 432 2433 Vit.
453 2390 589 2431 Procl.
612 2388 863 2442 p.XLIsqq.
878 2389 1098 2432 ed.Boiss.

246 2446 542 2488 Salmasius
564 2446 619 2486 ad
641 2444 832 2498 simplic,
857 2446 899 2485 in
916 2446 1098 2499 Epictet.

242 2516 286 2557 p.
301 2505 456 2554 13sqq.
479 2501 850 2554 Wyttenbach.
869 2502 1093 2543 adPhaed.

241 2573 283 2613 p.
306 2561 390 2600 216
413 2567 452 2599 et
474 2559 831 2612 Olympiodor.
855 2561 1095 2612 p.36,sqq„

241 2629 285 2669 p.
308 2618 363 2658 88
380 2629 447 2666 sq.
480 2616 659 2668 Propius
680 2615 735 2654 ad
754 2615 945 2656 Platonis
966 2616 1093 2655 ratio-

242 2685 341 2712 nem
368 2679 646 2712 accesserunt
675 2670 829 2721 Stoici,
862 2673 934 2723 qui
965 2670 1092 2711 offi-

242 2730 374 2768 cium
397 2728 623 2768 voluerunt
658 2740 755 2767 esse
784 2727 850 2766 vel
879 2726 1095 2780 perfec-

241 2794 347 2825 tum
389 2778 742 2837 (κατόρθωμα),
793 2784 907 2832 quod
950 2782 1091 2823 Cicero

241 2846 441 2881 rectum
483 2841 806 2893 interpretatur,
849 2839 914 2878 vel
956 2851 1094 2878 com—

241 2910 390 2938 mune
420 2897 511 2938 sive
541 2896 767 2935 medium
799 2893 1090 2948 (προςῆκον).

242 2954 349 2995 Nam
370 2954 515 3005 officia
535 2953 672 2993 media
687 2965 723 2995 ε.
741 2953 968 2992 communia
984 2958 1092 2992 teste

250 3009 336 3053 Cic.
365 3010 427 3050 De
457 3009 529 3050 off.
557 3010 630 3049 111.
652 3010 680 3049 4
707 3015 965 3048 censuerunt
994 3021 1092 3049 essc

242 3067 366 3121 quasi
377 3067 565 3108 secunda
581 3067 786 3119 quaedam
802 3065 991 3112 honesta,
1008 3079 1090 3106 non

241 3124 494 3176 sapientium
513 3123 636 3163 modo
661 3123 862 3174 propria,
896 3124 976 3162 sed
1001 3135 1089 3162 cum

241 3181 352 3222 omni
395 3181 598 3221 hominum
640 3191 798 3232 genere
845 3180 1087 3219 communia.

240 3250 281 3278 v.
306 3237 430 3276 etiam
451 3236 511 3275 De
533 3235 605 3275 fin.
629 3236 700 3276 III.
725 3236 791 3277 17.
829 3235 992 3274 Recta
1014 3248 1089 3274 au-

240 3302 325 3332 tem
348 3293 438 3333 sive
459 3292 702 3345 perfecta
726 3291 910 3331 officia
933 3304 1085 3331 secun·

242 3349 352 3390 dum.
383 3361 529 3389 eorum
580 3348 831 3389 sententiam
883 3360 966 3387 uon
1007 3348 1088 3388 alia

241 3413 342 3446 sunt
381 3418 506 3457 quam
548 3418 655 3457 quae
695 3404 852 3444 cadunt
878 3405 919 3443 in
959 3417 1087 3444 unum

241 3462 495 3515 sapientem.
519 3462 629 3504 conf.
652 3462 778 3501 etiam
789 3460 874 3502 Cic.
888 3461 966 3504 Off.
992 3463 1020 3501 Ι.
1045 3463 1086 3505 3.

1194 1148 1336 1188 Latuit
1357 1154 1501 1188 tamen
1523 1148 1630 1188 haec
1651 1149 1867 1190 doctrinae
1879 1149 2046 1190 Stoicae
2151 1187 2153 1189 ,

1195 1216 1291 1244 cum
1313 1204 1530 1245 Platonica
1550 1207 1747 1258 cognatio
1769 1205 1909 1260 adhuc
1931 1206 2052 1246 viros
2125 1229 2144 1245 ».

1195 1261 1344 1301 doctos
1385 1262 1515 1314 digna
1549 1261 1642 1310 illa,
1681 1274 1791 1314 quae
1819 1262 2044 1314 aliquando

1194 1318 1558 1358 animadvertatur
1579 1318 1840 1371 diligentius.

1251 1376 1371 1422 τοῖς
1420 1365 1563 1416 οὕτω
1612 1370 2045 1428 διακειμένοις]

1192 1429 1282 1480 iis,
1315 1431 1401 1480 qui
1441 1432 1662 1471 student
1693 1432 1922 1471 animum
1961 1443 2046 1472 se-

1191 1486 1413 1539 iungere
1444 1500 1469 1526 a
1501 1500 1720 1541 corpore
1740 1495 1897 1539 atque
1919 1499 2043 1540 spe-

1191 1550 1310 1583 rant
1350 1556 1405 1584 se
1448 1545 1767 1598 sapientiam
1809 1556 1931 1584 esse
1960 1556 2046 1584 as-

1193 1607 1504 1652 secuturos,
1554 1602 1643 1640 ubi
1689 1600 1942 1642 venerint
1982 1601 2045 1640 ad

1189 1655 1415 1700 inferos

1248 1707 1306 1753 οἷ
1340 1711 1573 1766 πολλοί]
1617 1713 1835 1767 vulgus,
1858 1713 1901 1757 h.
1926 1726 1962 1754 e.
1985 1713 2042 1761 ii,

1189 1769 1278 1819 qui
1318 1782 1419 1809 non
1459 1779 1695 1824 possunt
1733 1771 1786 1810 in
1823 1781 2041 1809 numero

1188 1838 1439 1866 verorum
1467 1826 1916 1881 philosophorum
1952 1825 2045 1866 ha-

1189 1883 1316 1922 beri.
1358 1882 1460 1924 Mox
1480 1891 1686 1923 vocantur
1708 1878 1758 1924 οἷ
1776 1874 1929 1924 ἄλλοι.
1980 1881 2043 1922 De

1188 1939 1318 1979 verbo
1380 1940 1664 1992 πτοεῖσθαι,
1735 1939 2042 1990 vehementi

1189 1995 1493 2048 cupiditate
1533 1997 1596 2036 ad
1636 1996 1843 2047 aliquid
1882 1995 2038 2046 ferri,

1187 2053 1412 2092 maximo
1475 2053 1745 2093 desiderio
1808 2051 2043 2092 alicuius

1188 2109 1267 2148 rei
1295 2110 1492 2160 teneri,
1525 2122 1566 2152 v.
1599 2107 1847 2152 Gataker.
1877 2109 1931 2148 ad
1952 2111 2040 2149 An-

1186 2165 1321 2208 tonin.
1346 2166 1420 2206 IV.
1446 2165 1542 2209 195,
1571 2165 1776 2206 Ernest.
1798 2166 1855 2207 ad
1878 2164 2040 2207 Gallim.

1186 2221 1228 2262 h.
1250 2221 1294 2261 in
1316 2221 1439 2263 Dian.
1465 2223 1560 2263 191.
1593 2221 1898 2263 Blomfield.
1920 2218 2042 2261 Glos-

1186 2290 1272 2322 sar.
1304 2279 1360 2318 ad
1395 2278 1597 2331 Aeschyl.
1626 2279 1766 2320 Prom.
1797 2279 1878 2320 881
1911 2286 1952 2317 et
1987 2277 2041 2317 de

1185 2334 1312 2375 simili
1354 2347 1437 2375 usu
1475 2335 1594 2375 verbi
1633 2335 1723 2378 Lat.
1766 2334 2040 2388 trepidare

1183 2391 1369 2445 interpp.
1392 2392 1447 2431 ad
1467 2390 1561 2432 Liv.
1580 2391 1758 2432 XXVII.
1784 2393 1822 2443 1,
1845 2392 1887 2434 8.
1907 2413 1964 2419 -
1985 2382 2038 2432 έν

1186 2447 1454 2502 φιλοσοφίᾳ
1484 2446 1594 2502 ζῆν,
1624 2449 1832 2488 versari
1872 2448 1924 2487 in
1956 2459 2040 2488 sa-

1183 2505 1425 2557 pientiae
1454 2505 1658 2556 studio,
1691 2510 1738 2544 ut
1767 2497 1958 2558 διοὶγειν
1986 2495 2038 2544 έν
2074 2552 2083 2558 .

1185 2559 1452 2615 φιλοσοφίᾳ
1474 2561 1647 2602 Theaet.
1669 2574 1713 2614 p.
1739 2562 1821 2602 174
1841 2562 1892 2601 A.

1238 2673 1286 2715 D.
1322 2668 1394 2714 Εἰ
1412 2667 1517 2726 γὰρ
1539 2667 1773 2722 ἐθέλεις
1794 2695 1847 2700 -
1871 2666 2034 2725 δόξει

1182 2727 1292 2782 σοι]
1332 2728 1394 2768 Ne
1422 2730 1491 2769 cui
1519 2729 1624 2768 haec
1653 2735 1891 2770 structurae
1925 2730 2030 2770 ratio

1180 2785 1359 2826 molesta
1392 2786 1466 2833 sit,
1496 2785 1578 2825 alia
1607 2786 1699 2825 eius
1731 2786 1928 2839 exempla
1957 2786 2033 2826 ad-

1181 2842 1352 2894 scripsit
1381 2841 1684 2895 Heindorf„
1727 2844 1879 2894 quibus
1911 2842 2031 2882 addi·

1180 2910 1276 2938 mus
1317 2898 1446 2938 haec:
1495 2898 1669 2941 Her.11.
1695 2901 1746 2940 15
1790 2895 1833 2941 εἰ
1867 2891 2031 2952 βουλό-

1178 2954 1311 3007 μεθα
1342 2947 1551 3021 γνώμῃσι
1581 2953 1687 3008 τῇσι
1717 2947 1889 2998 Ἰώνων
1919 2954 2031 3010 χρᾶ-

1178 3010 1300 3052 σθαι
1323 3033 1389 3062 -,
1412 3005 1819 3065 αποδεικνύοιμεν
1841 3003 1904 3054 ἄν
1923 3026 1966 3052 κ.
1990 3025 2028 3051 τ.

1179 3068 1234 3118 λ.,
1259 3067 1332 3107 ubi
1353 3067 1624 3110 Benedict.
1647 3069 1755 3108 coni.
1780 3067 2029 3122 βουλοίμε-

1175 3123 1476 3177 θαρνοὺεῐηο
1496 3123 1699 3164 Schwei
1746 3124 2029 3178 h.P1.Symp.

1176 3193 1219 3233 p.
1243 3181 1325 3221 208
1348 3179 1378 3220 C
1411 3176 1456 3222 εἰ
1480 3173 1668 3230 ἐθέλεις
1691 3138 1764 3246 εἷς,
1780 3174 1870 3235 τὴν
1892 3181 2026 3246 φιλο·
2097 3222 2101 3227 ,

1176 3236 1340 3290 τιμίαν
1370 3233 1562 3290 βλέψαι,
1591 3236 1864 3291 θαυμαζοις
1895 3251 1955 3278 αν
1985 3250 2032 3276 κ.

1176 3307 1215 3337 τ.
1242 3294 1279 3334 λ.
1303 3294 1436 3334 Alcib.
1468 3296 1501 3334 Ι.
1531 3306 1576 3346 p.
1599 3295 1678 3334 122
1701 3294 1735 3333 D
1766 3290 1812 3334 εἰ
1838 3287 2024 3340 ἐθέλεις

1176 3343 1288 3397 τούς
1328 3348 1728 3416 Λακεδαιμονίων
1785 3343 2023 3397 πλούτους

1176 3402 1317 3459 ἰδεῖν,
1342 3400 1511 3461 γνώσει
1539 3419 1613 3448 οτι
1641 3420 1684 3447 κ.
1710 3419 1750 3447 τ.
1777 3406 1814 3447 λ.
1855 3407 2025 3457 Protag.

1173 3476 1216 3516 p.
1241 3464 1325 3503 324
1346 3466 1396 3503 Α.
