2158 3718
783 111 1044 191 'PHAEDO
1077 163 1124 206 p.
1148 151 1216 191 73.

1785 149 1886 203 1'45

1760 246 1785 272 ρ

109 289 428 358 πείθομαι··
456 284 628 341 οὐδὲν
680 285 832 357 μέντ’
883 286 955 341 ὂὶν
997 278 1166 358 ἦττον
1216 286 1475 357 ἀκούοιμι
1511 290 1650 356 νῦν,
1699 287 1772 342 σύ
1809 293 1886 359 πῇ

112 371 472 442 ἐπεχείρησας
507 371 709 440 λέγειν.

59 508 63 511 ,
107 453 216 526 γὰρ
254 456 457 525 δήπου,
498 460 555 510 εἴ
583 459 666 519 τίς
701 476 755 510 τι
793 454 1305 528 ἀναμνησθήσεται,
1346 459 1467 510 δεῖν
1506 454 1681 510 αὐτὸν
1719 461 1884 512 τοῦτο

108 539 411 610 πρότερόν
439 557 573 594 ποτε
629 541 983 595 ἐπίστασθαι.
1059 542 1228 596 Πάνυ
1279 561 1370 610 γε,
1427 543 1552 611 ἔφη.
1620 535 1739 611 Αρ’
1778 536 1887 595 οὖν

107 625 202 676 καὶ
233 625 363 678 τόδε
399 621 804 695 ὁμολογοῦμεν,
845 625 981 680 ὅταν
1010 626 1280 696 ἐπιστήμη
1307 628 1718 696 παραγίγνηται
1755 625 1887 696 τρό-

106 724 193 779 πςο
246 708 510 780 τοιούτῳ,
568 706 882 780 ἀνάμνησιν
940 706 1110 776 εἷναις
1167 710 1311 779 λέγω
1367 710 1429 764 δὲ
1485 713 1609 763 τίνα
1647 708 1884 781 τρόπον;

104 791 296 846 τόνδε·
365 793 465 848 εὀἕν
512 796 594 858 τίς
640 814 693 847 τι
739 795 1017 865 πρότερον
1061 795 1098 865 ἢ
1146 793 1284 850 ι’δών
1330 794 1366 864 ἢ
1404 793 1650 858 ἀκούσας
1685 793 1722 866 ἥ
1758 814 1886 849 τινα

105 874 285 947 ἄλλην
331 882 600 948 αἴσθησιν
638 876 830 948 λαβών
876 878 949 949 μὴ
987 880 1165 949 μόνον
1205 881 1388 934 ἐκεῖνο
1426 884 1572 951 γνῷ,
1613 878 1756 934 ἀλλὰ
1791 881 1887 934 καὶ

782 373 929 443 Τῇδε
967 375 1159 443 ἔγωγε,
1196 364 1233 442 ἦ
1273 371 1324 425 δ’
1366 370 1444 436 ὅς.
1497 369 1940 443 ὁμολογοῦμενο
2009 396 2011 398 ·

217 1029 375 1093 μέντ’
405 1029 492 1090 ἄν]
534 1037 604 1078 Sic
625 1039 720 1078 Vat.
743 1038 872 1080 Vind.
895 1037 934 1078 Φ
958 1038 978 1078 1
1001 1039 1029 1078 4
1056 1038 1151 1080 Pa1.
1176 1038 1252 1080 GL
1273 1037 1422 1079 Ambr.
1443 1039 1553 1081 Flor.
1578 1039 1601 1079 b
1622 1039 1651 1079 d
1671 1051 1711 1078 m
1735 1044 1774 1080 et
1794 1052 1883 1082 rec.

106 1104 186 1137 em.
208 1087 330 1134 Bodl.
353 1093 483 1137 Coisl.
503 1095 611 1134 Ven.
635 1094 696 1135 H.
724 1095 836 1136 Vett.
860 1094 976 1137 editt.
1000 1088 1086 1148 μὲν
1109 1085 1184 1135 ἅν.

216 1142 282 1190 σὺ
302 1162 337 1190 π
346 1148 394 1203 ᾗ]
418 1149 486 1190 Sic
506 1152 604 1193 Vat.
625 1150 752 1190 Vind.
779 1150 817 1192 Φ
839 1151 931 1192 Par.
955 1149 989 1190 G
1012 1156 1051 1190 et
1072 1163 1176 1193 corr.
1201 1151 1321 1194 Bodl.
1360 1151 1500 1205 Vulgo
1523 1150 1588 1218 πῆ
1611 1144 1682 1193 σύ.

219 1205 264 1248 C.
298 1164 434 1260 λέγω
451 1201 518 1248 δὲ
540 1206 673 1248 τίνα
694 1200 923 1260 τρόπον]
956 1207 1118 1259 Vulgo
1143 1203 1261 1261 λέγω
1284 1204 1338 1248 δέ
1360 1221 1470 1250 τινα
1491 1193 1667 1262 τρόπον
1687 1207 1880 1251 τοῦτον

103 1254 190 1304 ἐάν
208 1275 340 1310 usu.
363 1276 402 1306 τ.
425 1263 466 1305 λ.
488 1263 608 1306 Bodl.
629 1264 736 1306 Tub.
755 1264 854 1304 vat.
875 1263 970 1303 Par.
982 1263 1062 1303 ΑΕ
1083 1264 1230 1306 Ambr
1253 1264 1363 1316 Aug.
1386 1265 1480 1305 zm
1511 1265 1582 1304 alii
1612 1264 1737 1318 τίνα,
1769 1267 1879 1318 quod

102 1318 283 1360 restitui.
324 1320 543 1360 Praeterea
563 1313 703 1361 τόνδε
725 1320 821 1360 dedi
843 1332 866 1359 e
885 1319 1006 1361 Bodl.
1030 1319 1136 1360 Tub.
1158 1321 1266 1363 Ven.
1293 1321 1344 1362 H
1361 1322 1583 1362 emendata
1605 1323 1729 1362 etiam
1749 1323 1879 1363 inter-

102 1375 345 1428 punctione.
386 1376 617 1440 Utrumque
646 1389 781 1429 nuper
809 1376 934 1415 etiam
955 1377 1095 1420 Herm.
1116 1377 1323 1430 probavit.
1354 1378 1476 1421 Turr.
1497 1384 1634 1418 tamen
1660 1379 1791 1419 veteri
1815 1392 1882 1419 er-

102 1443 197 1472 iore
219 1438 408 1473 servato:
433 1428 572 1498 λέγω
574 1429 628 1474 δέ
649 1446 759 1474 τινα
781 1427 956 1487 τρόπον
976 1426 1132 1477 τόνδε

214 1482 500 1544 πρότερον
540 1479 572 1543 ἢ
611 1483 772 1544 ἰδών]
809 1490 880 1530 Sic
908 1489 1029 1533 Bodl
1054 1490 1701 1534 Vat.Tub.Ven.HVind.<15
1723 1491 1820 1534 Par.
1845 1492 1880 1533 G

103 1545 245 1589 Ambr.
270 1546 379 1587 Flor.
401 1559 426 1587 a
448 1546 475 1587 d
498 1552 538 1587 et
558 1558 688 1600 supra
708 1559 879 1587 versum
900 1546 993 1587 Par.
1008 1547 1068 1588 C
1060 1559 1103 1587 111
1124 1559 1255 1600 marg.
1281 1547 1391 1590 Flor.
1408 1549 1437 1591 i,
1457 1548 1586 1591 Editt.
1611 1560 1759 1588 ornnes
1783 1543 1881 1590 ἕτε-

102 1670 201 1720 πῶς
228 1664 259 1726 ἡ
289 1668 561 1741 καλουμένη
592 1665 806 1739 μαθησις
828 1665 941 1714 ανά-

101 1728 271 1794 μνησίς
299 1722 413 1772 ἔστι.
455 1731 580 1770 Ludit
606 1730 734 1782 igitur
761 1731 804 1770 in
825 1731 946 1771 verbi

101 1778 482 1852 αναμνησθῇναι
530 1786 820 1839 ambiguitate.
883 1787 944 1827 De

102 1841 308 1884 infinitivo
348 1835 726 1896 αναμνησθῆνοιι
761 1856 837 1896 per
868 1856 943 1896 ep-

102 1899 301 1952 exegesin
331 1900 494 1940 adiecto
523 1913 563 1941 v.
593 1912 723 1953 supra
752 1913 793 1964 p.
819 1902 872 1941 72
897 1901 942 1952 C,

102 1968 203 1996 mox
229 1968 271 2009 p.
298 1957 409 1997 74A
449 1954 590 1997 τοῦτο
629 1949 941 2010 προπάσχειν,

103 2004 304 2054 ἐννοεῖν.
348 2012 475 2079 Gorg.
499 2026 558 2078 p.9
564 2014 648 2054 469
672 2012 718 2054 C.

158 2062 332 2110 οὐδὲν
398 2061 558 2122 μέντ’
629 2058 697 2110 ἂν
768 2058 945 2136 ἧττον

101 2116 399 2189 ἀκούοιμι]
445 2122 946 2190 Wyttenb.,‚1.ts'vvoc

101 2194 164 2222 αν
186 2188 249 2222 est
270 2188 455 2225 tamen
479 2183 586 2221 Tum
608 2174 833 2235 ἀκούοιμι
853 2195 946 2234 ger-

101 2250 227 2277 mana
256 2239 299 2278 vi
320 2238 494 2290 optativi
522 2239 549 2279 i.
574 2251 610 2281 e.
634 2239 809 2290 optandi
831 2238 942 2277 acci-

101 2294 325 2347 piendum:
368 2294 533 2335 nihilo
564 2303 732 2334 tamen
775 2295 944 2334 minus

101 2351 290 2391 audire
310 2351 482 2394 velim.
491 2353 516 2372 “
557 2351 724 2391 Erravit
745 2351 807 2390 vir
829 2363 946 2404 egre-

101 2407 212 2473 gius.
254 2407 360 2447 Nam
389 2400 450 2449 ἄν
482 2420 565 2448 11οη
587 2408 641 2447 ad
661 2402 838 2461 μέντοι,
869 2407 946 2447 sed

101 2464 156 2504 ad
178 2457 402 2517 ἀκούοιμι
429 2465 626 2517 pertinet,
657 2471 703 2504 ut
723 2471 834 2503 recte
855 2475 944 2503 mo·

64 2565 68 2568 ‚
103 2520 195 2560 nuit
216 2519 533 2561 Schaeferus
556 2519 943 2573 adGieg.Coii11th.

101 2589 144 2630 p.
172 2578 296 2618 1015.
338 2577 469 2627 Quam
491 2578 720 2631 particulae
742 2577 945 2617 rationem

101 2633 368 2677 Heindorf.
392 2646 486 2674 cum
509 2635 616 2675 bene
636 2634 944 2687 perspexisset,

104 2690 268 2730 Ficini
285 2691 534 2731 auctoritate
551 2691 804 2757 deceptusin
814 2690 941 2731 alium

103 2758 285 2787 errorem
313 2747 461 2787 incidit
488 2756 587 2814 post
621 2737 763 2800 ἧττον
796 2746 944 2787 existi-

105 2814 226 2843 mans
267 2803 476 2844 excidisse
493 2797 703 2870 ἡδέως
739 2803 943 2843 Nimirum

105 2851 251 2900 oviam
289 2848 431 2924 ἧττον
472 2851 532 2902 ὃὶν
582 2853 806 2913 ἀκούοιμι
857 2867 944 2900 est:

106 2915 276 2956 nihilo
326 2917 496 2956 minus
546 2917 778 2970 audiam,
830 2917 945 2968 quod

103 2983 235 3025 prope
256 2972 418 3012 aceedit
432 2973 486 3012 ad
504 2971 636 3012 futuri
653 2974 735 3012 vim
755 2982 795 3013 et
811 2973 945 3026 signi-

104 3028 358 3076 ficationem,
390 3028 472 3068 nisi
501 3030 615 3080 quod
642 3004 943 3077 ὑποθετικῶς

107 3086 264 3126 dictum
289 3094 367 3128 est.

163 3140 210 3183 C.
252 3138 390 3196 λέγω
431 3136 494 3183 δὲ
535 3140 666 3183 τίνα
706 3133 943 3194 τρόπον;

107 3192 279 3240 τόνδε
291 3197 318 3250 ·]
348 3198 388 3242 h
415 3211 450 3238 e.
482 3205 946 3248 quemnamautem

107 3255 223 3295 dico
263 3255 495 3296 modum¹²
554 3254 644 3302 Qua
702 3255 947 3304 quaestione

106 3312 326 3376 proposita
354 3312 552 3352 continuo
582 3311 636 3349 ad
671 3311 730 3349 lei
765 3311 949 3375 explica·

106 3369 263 3408 tionem
284 3369 444 3409 accedit
464 3368 563 3407 inde
585 3379 609 3405 a
633 3367 768 3406 verbis
790 3360 946 3408 τόνδε·

108 3416 192 3465 ἒοῖν
221 3437 292 3472 τις
321 3438 362 3466 κ.
392 3439 432 3466 τ.
463 3425 503 3466 λ.
543 3424 785 3463 nimirum
813 3422 947 3462 hun-

36 3530 50 3538 *
108 3493 185 3531 ce3
210 3480 408 3521 sienim
430 3481 630 3532 aliquis
654 3487 732 3524 etc.
767 3480 946 3520 Prorsus

193 3563 327 3593 1²1.sz
357 3563 527 3595 PHAED.

1033 1674 1179 1714 eodem
1212 1675 1335 1715 modo
1365 1675 1425 1715 De
1454 1675 1560 1742 Rep.
1592 1677 1644 1718 II.
1677 1689 1719 1729 Ρ.
1742 1678 1825 1718 360
1845 1676 1879 1716 Ε

1032 1730 1102 1778 τίς
1142 1744 1228 1772 ουν
1269 1724 1330 1784 δὴ
1373 1725 1403 1785 ἡ
1447 1728 1720 1785 διάστασιςς
1761 1723 1878 1786 ἥδε·

1030 1782 1152 1841 μηδὲ
1195 1780 1478 1841 αφαιρῶμεν
1516 1803 1557 1830 κ.
1591 1803 1631 1831 τ.
1664 1790 1701 1830 λ.
1744 1789 1875 1842 Legg.

1030 1845 1103 1887 VI.
1127 1857 1172 1897 Ρ.
1184 1845 1313 1886 ’78οΑ
1336 1844 1464 1893 τίνος
1482 1839 1543 1910 δὴ
1566 1841 1705 1910 χάριν
1723 1845 1878 1886 ταῦτα

1032 1898 1242 1953 εἴςρηται
1283 1899 1450 1953 τοῦδε,
1482 1893 1556 1942 ὅτι
1587 1896 1802 1955 φήσομεν
1830 1915 1875 1945 κ

1029 1970 1068 1997 τ.
1094 1957 1132 1997 λ.
1177 1956 1325 1996 Solent
1362 1958 1472 1996 enim
1513 1959 1626 2010 apud
1657 1958 1878 1997 Platonem

1034 2013 1106 2064 qui
1145 2013 1411 2066 disputantes
1461 2014 1718 2054 inducuntur
1764 2013 1878 2054 haud

1032 2081 1125 2109 raro
1149 2070 1274 2108 suum
1295 2070 1379 2123 ipsi
1406 2082 1646 2110 sermonem
1670 2071 1878 2110 eiusmodi

1032 2125 1433 2178 interrogationibus
1492 2127 1765 2179 distinguere.
1838 2140 1876 2166 v.

1032 2183 1253 2222 Heusdii
1275 2182 1400 2236 Spec.
1421 2182 1520 2225 Crit.
1540 2195 1582 2236 p.
1596 2183 1650 2224 87
1672 2193 1713 2223 et
1735 2190 1876 2224 nostra

1032 2238 1340 2306 a11Protag.p.
1366 2240 1448 2280 343
1469 2239 1516 2282 Β.

1088 2287 1190 2336 εόἱν
1247 2294 1333 2342 τίς
1393 2309 1446 2335 τι
1505 2287 1788 2360 πρότερον
1848 2285 1878 2347 ἢ

1033 2346 1188 2404 ἰδών]
1221 2351 1344 2399 Quod
1374 2352 1415 2390 in
1441 2351 1581 2391 locum
1602 2352 1732 2404 inepti
1753 2352 1876 2391 istius

1033 2416 1073 2448 et
1093 2403 1299 2448 molesti
1285 2402 1457 2461 ἕτερον,
1489 2408 1604 2458 quod
1624 2409 1748 2473 vulgo
1773 2409 1875 2447 scri-

1032 2465 1234 2515 bebatur,
1285 2464 1583 2505 substituimus
1631 2458 1875 2528 πρότερον,

1031 2521 1255 2560 lectionem
1307 2521 1507 2561 librorum
1557 2521 1875 2574 praestantissi-

1032 2590 1212 2628 morum,
1243 2577 1286 2617 id
1315 2577 1560 2630 scrupulum
1583 2577 1724 2616 iniecit
1744 2577 1877 2616 Her—

1031 2645 1217 2674 manno
1241 2633 1450 2674 Abhandl.
1479 2634 1566 2673 und
1587 2633 1711 2677 Beitr.
1737 2647 1780 2686 p.
1805 2635 1874 2681 73,

1032 2691 1102 2741 qui
1124 2703 1179 2730 ne
1198 2683 1428 2744 πρότερον
1450 2690 1619 2741 quidem
1641 2690 1876 2730 sententiae

1031 2748 1258 2787 convenire
1298 2748 1523 2788 arbitratur
1561 2746 1743 2798 ideoque
1782 2758 1875 2788 voc..

1030 2804 1156 2857 plane
1197 2804 1451 2843 eiiciendum
1492 2805 1750 2846 censet.1n
1791 2815 1874 2855 quo

1032 2861 1121 2901 viro
1142 2860 1511 2924 praestantissimo
1532 2860 1704 2899 minime
1726 2872 1877 2899 assen-

1031 2918 1170 2959 timur.
1214 2917 1322 2956 Nam
1343 2923 1441 2970 apte
1462 2916 1742 2970 interponitur
1762 2909 1876 2969 πρό-

1032 2986 1182 3026 τερον,
1205 2981 1250 3013 ut
1274 2973 1536 3026 significetui
1561 2973 1874 3035 perceptionem

1029 3043 1184 3082 rerum,
1227 3043 1302 3084 per
1333 3042 1437 3080 quas
1467 3030 1591 3069 aliam
1633 3028 1873 3080 quampiam

1031 3099 1119 3125 rem
1161 3087 1227 3126 vel
1275 3098 1505 3140 personam
1553 3086 1873 3135 admoneamur,

1032 3143 1178 3194 utique
1206 3143 1456 3183 antecedere
1485 3142 1612 3181 liuius
1636 3141 1777 3194 ipsius
1808 3153 1874 3179 re-

1034 3199 1281 3243 coidationi.
1322 3198 1433 3239 Nihil
1472 3198 1807 3246 offenderemus,
1839 3196 1875 3235 si

1035 3257 1237 3320 scriptum
1279 3256 1510 3308 lege1·:etur
1554 3248 1711 3307 λαβὼν
1748 3247 1874 3294 εἶτα

1033 3306 1096 3364 μὴ
1127 3305 1275 3364 μόνον
1305 3306 1459 3353 ἐκεῖνο
1481 3309 1594 3367 γνῷ,
1626 3322 1708 3362 quo
1731 3316 1874 3350 tamen

1035 3380 1117 3407 uon
1141 3380 1247 3421 opus
1271 3376 1347 3411 est.

1089 3415 1121 3476 ἤ
1172 3438 1301 3466 τινα
1352 3417 1533 3477 ἄλλην
1592 3420 1875 3473 αἴσθησιν

1036 3475 1241 3532 λαβών]
1283 3481 1322 3520 li.
1366 3493 1403 3522 e.
1446 3481 1525 3519 vel
1567 3479 1671 3517 ¹ilio
1714 3488 1872 3516 seusu

1474 3547 1539 3598 10
