2158 3718
569 174 1168 242 SYMPOSIUM.·1›.
1209 177 1314 226 210
1357 178 1431 231 st.
1726 182 1829 231 157

160 324 318 395 σῶμα
359 317 533 386 καλὸν
571 320 803 394 σμικρόν
841 341 894 375 τι
936 316 1210 391 ἡγήσηται
1249 318 1420 380 εἶναι·
1475 320 1622 392 μετὰ.
1657 327 1713 379 δὲ
1758 325 1828 381 τὰ

158 404 562 477 ἐπιτηδεύματα
605 407 692 459 ἐπὶ
738 401 839 469 τὰς
883 404 1185 476 ἐπιστήμας
1227 402 1470 475 ἀγαγεῖν,
1513 410 1606 460 ἵνα
1638 407 1724 485 ἰ’δῃ
1756 403 1827 465 αὗ

158 492 470 562 ἐπιστημῶν
522 486 751 555 κάλλος,
812 489 906 543 καὶ
955 491 1168 559 βλέπων
1221 484 1360 560 πρὸς
1411 487 1553 545 πολὺ
1610 487 1714 559 ἤδη
1762 492 1826 549 τὸ

157 569 330 630 καλὸν
373 579 563 644 μηκέτι
604 576 679 642 τῷ
725 570 857 646 παρ’
891 576 1027 638 ἑνί,
1081 569 1255 644 ὥςπερ
1301 577 1536 640 οἰκέτης,
1594 573 1828 644 ἀγαπῶν

157 661 454 732 παιδαρίου
497 655 695 722 κάλλος
737 654 771 725 ἢ
816 653 1133 730 ἀνθρώπου
1163 652 1313 720 τινὸς
1338 652 1383 725 ἢ
1400 658 1830 731 ἐπιτηδεύματος

109 831 111 834 ’
155 823 310 874 queat,
348 819 390 862 in
431 821 756 862 commentariis
794 820 991 864 diximus,
1052 819 1258 861 Ceterum
1299 821 1416 862 locus
1446 822 1574 875 vulgo
1604 823 1670 863 sic
1700 824 1831 871 inter-

159 878 450 933 pungebatur:
491 877 602 933 πρὸς
646 876 754 918 πολὺ
795 877 875 930 ἤδη
905 875 954 918 τὸ
986 875 1138 928 καλόν,
1186 881 1334 930 μηκέτι
1364 876 1412 918 τὸ
1446 878 1549 933 παρ’
1580 879 1666 932 ἑνί,
1696 879 1834 939 ὥςπερ

159 937 321 987 οἰκέτης
353 933 525 990 ἀγαπῶν
556 935 816 989 παιδαρίου,
852 932 1029 986 κάλλος,
1062 932 1089 985 ἢ
1118 931 1235 989 nivele.
1266 950 1302 978 κ,
1334 951 1373 976 τ.
1407 935 1443 974 λ.

276 990 303 1043 ἢ
331 990 780 1047 ἐπιτηδεύματος
809 990 953 1046 ἑνός]
995 992 1092 1032 vat.
1112 1004 1146 1031 r·
1183 998 1227 1032 et
1258 1005 1319 1045 pr.
1351 993 1492 1034 Ambr.
1530 1006 1608 1046 pro
1639 993 1733 1042 ἑνός
1761 994 1837 1037 ha-

152 1050 266 1091 bent
305 1047 440 1097 τινός.
502 1049 663 1091 Deinde
701 1044 726 1101 ἧ
769 1049 1084 1090 coniunctivum
1125 1050 1394 1102 reposuimus
1435 1064 1459 1091 e
1490 1050 1619 1092 Bodl.
1655 1051 1750 1096 vat.
1775 1053 1832 1095 A.

153 1106 292 1148 Coisl.
314 1106 479 1149 Vens.
499 1106 696 1148 Ροτ.Ι)Ε
713 1107 762 1148 Κ.
785 1106 985 1147 Vat.d.u.
999 1119 1034 1146 s.
1084 1106 1197 1147 Ante
1229 1106 1470 1148 Bekkerum
1500 1108 1764 1150 scribebatur
1794 1109 1835 1161 ἤ.

151 1163 242 1205 Pto
282 1163 465 1217 πέλαγος
494 1164 594 1206 Par.
609 1163 656 1205 E.
681 1163 867 1206 Vat.n.s.
895 1169 939 1204 et
955 1175 1068 1204 corr.
1087 1164 1248 1215 Ang.u.
1283 1163 1427 1217 τέλος,
1459 1164 1577 1218 quod
1611 1165 1725 1207 unde
1756 1179 1838 1208 na·

153 1225 247 1262 tum
288 1220 366 1274 sit,
400 1220 588 1262 ostendit
618 1221 828 1274 scriptura
857 1222 965 1274 Ang.
987 1233 1027 1261 u.
1060 1231 1123 1273 pr.
1157 1220 1291 1267 πέλος.

161 1358 224 1400 ἑνί
242 1389 255 1412 ,
284 1356 420 1415 ὥςπερ
450 1359 626 1412 οἰκέτης,
656 1357 830 1412 ἀγαπῶν
859 1356 963 1400 κοίλ-

165 1419 257 1470 λος,
286 1416 314 1469 ἢ
344 1414 579 1472 ἀνθρώπου
610 1416 728 1465 τινὰς
759 1415 784 1469 ἢ
814 1418 962 1470 ἐπιτη-

160 1471 379 1526 δεύματος
418 1472 538 1526 ἑνός,
582 1472 807 1515 δουλεύων.
879 1474 962 1516 Alii

157 1531 266 1573 alias
288 1523 510 1573 te‘ntarunt
533 1531 808 1572 coniecturas.
870 1531 962 1572 Nos

158 1601 269 1630 nunc
317 1589 544 1642 sequimur
591 1588 963 1630 Sclileierma-

159 1645 308 1687 cheri
351 1652 395 1687 et
445 1646 683 1687 Bekkeri
737 1646 962 1697 rationem,

158 1702 229 1755 qui
286 1715 310 1743 e
359 1702 561 1756 vestigiis
621 1703 743 1743 unius
801 1703 963 1744 codicis

160 1763 361 1802 eruerunt
408 1761 661 1813 scripturam
700 1763 852 1813 μηκέτι
894 1763 964 1815 τῷ

159 1816 284 1872 παρ’
325 1817 389 1856 ἑνί
415 1829 493 1871 pro
526 1819 639 1871 vulg.
682 1834 728 1871 μ.
760 1816 817 1857 τὸ
852 1814 961 1870 παρ’

158 1874 232 1914 ἑνί.
302 1873 413 1918 Nam
455 1873 571 1927 quod
610 1874 712 1916 olim
750 1875 963 1915 accusati-

160 1943 260 1972 vum
307 1930 628 1973 defendendum
681 1933 963 1986 suscepimus,

159 1987 339 2034 videtur,
373 2001 484 2030 nunc
530 1989 822 2042 interpretatio
864 1989 963 2040 loci,

164 2058 292 2098 quam
370 2047 698 2100 proposuimus,
777 2049 964 2099 quamvis

164 2103 838 2145 RiickertoetHommelio
862 2117 964 2158 pro-

165 2160 289 2211 bata,
332 2159 456 2200 nimis
496 2165 691 2201 contorta
740 2173 820 2202 nec
859 2161 963 2202 satis

170 2218 354 2270 simplex
397 2230 507 2259 esse.
575 2217 727 2270 Dativo
765 2219 962 2259 restituto

169 2273 368 2327 primaria
437 2275 639 2315 enuntiati
701 2288 801 2329 pars
859 2275 963 2317 haec

171 2336 264 2372 est:
307 2330 376 2370 καὶ
416 2330 483 2372 ἵνα
521 2332 684 2384 βλέπων
714 2328 822 2383 πρός
853 2331 958 2373 πολι)

170 2387 252 2440 ἤδη
294 2387 344 2428 τό
393 2387 524 2430 καλὸν
573 2393 719 2442 μηκέτι
756 2394 815 2445 τῷ
852 2387 958 2445 παρ’

169 2445 226 2485 ἑνὶ
261 2443 343 2498 (sc.
379 2446 513 2501 καλῷ)
551 2445 688 2500 ὥςπερ
719 2446 878 2499 οἰκέτης
909 2470 962 2476 -

172 2500 389 2544 δουλεύων
425 2504 589 2555 φαῦλος
619 2497 642 2555 ᾖ
675 2505 746 2543 καὶ
792 2519 966 2558 σμικρο-

171 2558 311 2612 λόγος.
373 2559 538 2603 Quibus
577 2573 685 2613 quae
715 2562 967 2615 interposita

172 2620 293 2668 sunt,
333 2614 511 2671 ἀγαπῶν
551 2620 784 2671 παιδαρίου
814 2617 966 2665 κᾶλλος

170 2697 224 2704 -
267 2675 329 2714 ἐπ.
367 2673 482 2726 ἑνός,
523 2688 581 2733 (εειΧ
612 2676 715 2727 quid
757 2676 967 2729 significet

171 2731 285 2772 istud
323 2735 382 2787 τῷ
412 2730 514 2785 παρ’
551 2732 607 2772 ἑνὶ
639 2733 851 2774 δουλεύων
893 2747 966 2774 ac-

174 2789 361 2829 curatius
419 2789 667 2842 pleniusque
734 2790 966 2832 declarant.

173 2845 322 2897 ltaque
352 2847 491 2887 locum
524 2848 584 2887 sic
614 2847 968 2901 interpretamur:

173 2907 301 2954 post
341 2903 529 2943 studia
569 2905 662 2944 illa
694 2905 969 2946 adducen-

173 2958 277 2998 dus
317 2963 406 2999 est
455 2959 521 2998 ad
562 2962 835 3003 scientiae
883 2976 969 3015 ge-

174 3027 332 3065 nera,
364 3020 418 3057 ut
446 3015 546 3056 iam
579 3018 808 3058 intuens
840 3021 969 3059 mul-

173 3077 282 3114 tum
315 3071 452 3114 illud
475 3074 724 3125 pulcrum
746 3086 850 3116 non
870 3089 969 3116 am·

174 3129 322 3183 plius
379 3130 540 3169 unius
596 3131 969 3183 pulcritudini

175 3191 426 3238 tanquam
478 3189 801 3241 mancipium
855 3202 966 3230 ser-

174 3243 314 3296 viat,
352 3243 588 3286 alicuius
618 3247 845 3298 pueruli
877 3251 968 3287 aut

174 3299 400 3343 hominis
448 3306 543 3342 aut
591 3302 765 3343 studii
809 3303 1000 3345 unice?

156 3358 455 3400 'admirans
509 3360 967 3412 pulcritudinem,

173 3429 353 3468 eoque
382 3415 685 3466 modqvilis
717 3422 770 3459 et
797 3417 968 3470 pusil-

1044 1360 1131 1401 lus
1191 1357 1413 1412 evadat,
1474 1359 1567 1403 sed
1600 1361 1691 1404 ‘ad
1740 1375 1838 1405 ma-

1044 1429 1200 1470 gnum
1253 1417 1391 1459 illud
1444 1419 1839 1471 pulcritudinis

1045 1486 1194 1515 mare
1226 1486 1527 1517 conversus
1560 1482 1643 1518 etc.
1688 1478 1840 1532 ltaque

1045 1529 1180 1586 ὥςπερ
1210 1531 1369 1584 οἰκέτης
1400 1531 1601 1574 cohaeret
1615 1547 1709 1575 cum
1741 1548 1839 1576 ver-

1046 1588 1110 1628 bis
1140 1591 1287 1641 μηκέτι
1316 1593 1376 1644 τῷ
1397 1589 1500 1643 παρ’
1533 1590 1589 1630 ἑνὶ
1610 1591 1839 1645 δουλεύων,

1047 1650 1234 1698 apteque
1266 1645 1445 1687 denotat
1476 1660 1598 1698 eum,
1631 1650 1700 1701 qui
1731 1663 1840 1704 qnoss

1045 1703 1155 1742 niam
1205 1703 1327 1743 unius
1376 1708 1536 1745 tantum
1581 1711 1734 1758 captus
1773 1713 1840 1748 te-

1046 1763 1172 1799 netur
1210 1759 1512 1814 pulcritudine,
1562 1762 1600 1802 ei
1640 1767 1840 1816 tanquam

1048 1828 1198 1856 servus
1247 1817 1413 1858 videtur
1471 1817 1668 1859 addictus
1727 1834 1838 1863 esse.

1046 1871 1228 1914 Fallitur
1249 1874 1356 1915 enim
1388 1874 1733 1918 Hommelius
1762 1875 1841 1924 ὥς·

1047 1944 1126 1985 περ
1167 1928 1188 1969 ὁ
1231 1931 1366 1983 ἱκέτης
1404 1932 1630 1995 legepdum
1672 1939 1840 1988 putam,

1049 1986 1164 2040 quod
1203 1987 1412 2042 significet
1450 1990 1686 2044 supplicem
1717 2005 1840 2034 ama-

1049 2051 1201 2086 torem.
1271 2048 1327 2086 At
1366 2045 1584 2099 nimirum,
1635 2055 1682 2090 ut
1738 2051 1840 2093 alias

1049 2102 1217 2143 silentio
1238 2115 1424 2156 premam
1440 2103 1727 2158 difficultates,
1749 2107 1843 2160 qui-

1050 2158 1132 2200 bus
1183 2172 1232 2200 ea
1281 2161 1390 2201 ratio
1435 2161 1620 2215 laborat,
1667 2162 1838 2206 nbtatur

1049 2218 1142 2257 eius
1181 2215 1362 2258 hominis
1403 2217 1626 2272 condicio,
1676 2222 1746 2274 qui
1793 2221 1834 2262 in

1047 2285 1188 2325 rerum
1217 2274 1528 2317 individuarum
1554 2277 1838 2330 pulcritudine

1048 2331 1214 2371 defixus
1255 2332 1439 2381 animum
1478 2345 1561 2374 non
1609 2337 1746 2388 possit
1781 2334 1836 2376 ad

1047 2388 1357 2440 generaliorem
1399 2391 1598 2432 attollere
1633 2393 1838 2446 pulcritu-

1049 2444 1157 2485 dinis
1188 2446 1421 2488 notionem.
1481 2447 1610 2491 Quod
1654 2462 1731 2503 per
1758 2447 1836 2495 ὥς·

1047 2516 1125 2559 περ
1164 2503 1327 2554 οἰκέτης
1376 2508 1493 2545 recte
1542 2506 1632 2547 fieri
1681 2506 1836 2560 potnit,

1049 2572 1128 2612 per
1164 2558 1294 2614 ὥςπερ
1333 2558 1354 2600 ὁ
1398 2562 1537 2614 ἱκέιης
1574 2575 1658 2604 non
1689 2563 1840 2618 potuit.

1049 2617 1280 2658 Enimvero
1319 2618 1477 2670 οἰκέτης
1517 2622 1711 2674 ponitur,
1755 2633 1839 2661 non

1051 2675 1224 2725 ὸοῦλος,
1269 2681 1314 2716 ut
1352 2676 1610 2729 significetur
1649 2679 1715 2730 is,
1765 2678 1840 2731 qui

1052 2731 1174 2784 quasi
1214 2733 1321 2773 intra
1360 2734 1484 2774 unius
1522 2735 1675 2776 domus
1705 2747 1842 2790 angu-

1054 2788 1158 2829 stias
1188 2789 1430 2831 cohibetur:
1469 2791 1583 2844 quod
1613 2805 1739 2845 quam
1771 2806 1843 2834 ac-

1053 2846 1327 2887 commodate
1369 2847 1421 2889 ad
1453 2861 1540 2890 rem
1573 2855 1842 2903 praesentem

1051 2904 1148 2954 fiat,
1199 2917 1325 2945 nemo
1379 2906 1460 2946 erit
1503 2908 1599 2959 quin
1654 2908 1843 2961 protinus

1055 2960 1221 3001 sentiat.
1267 2961 1331 3003 De
1345 2975 1439 3003 voc.
1470 2964 1632 3014 οἰκέτης
1663 2965 1844 3004 diximus

1053 3017 1106 3057 ad
1131 3018 1287 3071 Cratyl.
1313 3034 1351 3073 p.
1369 3019 1466 3063 384·
1492 3022 1542 3062 D.
1583 3021 1741 3074 Turpis
1763 3033 1844 3060 au-

1054 3080 1139 3114 tem
1173 3081 1216 3117 et
1245 3077 1438 3119 abiectae
1474 3077 1682 3118 servitutis
1712 3077 1843 3128 signi-

1051 3132 1192 3173 ficatio
1240 3136 1443 3187 proximis
1479 3134 1648 3175 demum
1704 3134 1844 3174 verbis

1051 3188 1168 3230 sacta
1210 3198 1288 3232 est.
1352 3193 1482 3232 Usum
1530 3203 1622 3230 voc.
1660 3191 1844 3242 πέλαγος

1051 3245 1279 3290 illustravit
1326 3247 1611 3289 Heusdius
1653 3245 1873 3300 Specim.'

1052 3317 1090 3356 p·
1113 3305 1162 3348 31
1187 3319 1247 3358 sq.
1309 3306 1375 3346 Ob
1408 3306 1555 3345 oculos
1578 3303 1686 3345 hunc
1705 3306 1843 3345 locum

1051 3360 1196 3403 habuit
1228 3360 1505 3404 Plutarch.
1541 3361 1719 3404 Quaest.
1743 3362 1844 3402 Pla-

1051 3422 1166 3460 toun.
1200 3433 1243 3472 p.
1269 3418 1390 3463 1001.
1423 3417 1473 3458 E.
