2158 3718
681 109 1181 161 LATINUS

159 253 209 294 P·-
248 249 319 295 89.
366 250 420 294 D.
459 249 612 304 plural.
647 247 904 305 Ἀριστοφά-

159 324 237 356 vac
279 308 326 350 S.
369 305 470 352 2¹18.
505 305 556 351 Β.
587 328 643 336 --
695 309 903 362 participii

160 369 262 420 post
309 365 502 408 dativum
549 364 696 406 illatus
745 363 791 407 C.
830 367 902 409 51.

159 422 214 464 D.
241 423 296 466 al.
324 422 370 466 S.
529 419 583 465 D.
614 440 665 452 —
698 423 904 476 participii

161 483 264 533 post
292 477 374 525 uic·
538 482 607 519 tus
638 483 686 522 P.
721 479 817 524 109.
850 481 901 523 D.

159 540 229 568 —‘
293 549 386 579 um·
515 547 527 576 ·.
572 537 645 578 ubi
682 536 796 578 idem
837 543 904 579 est

165 593 247 634 utri
279 605 387 646 sque
435 593 630 635 membri.
663 594 903 636 subiectum

161 650 207 691 S.
248 650 341 694 175.
374 647 421 693 C.
453 656 496 692 et
525 650 623 693 220.
654 650 704 694 E.
724 651 822 695 223.
856 651 901 693 C.

105 706 352 749 Achilles
396 708 438 748 in
481 708 630 749 insulis
676 709 903 751 beatorum

161 764 397 805 collocatus
428 765 473 807 S.
510 765 606 810 179.
637 764 687 810 E.
747 768 904 808 Patro-

160 821 214 863 cli
244 827 412 863 amat‘or
441 822 488 864 S.
523 822 618 866 180.
646 825 703 867 A.

102 880 282 920 Actor
312 878 502 920 debebat
531 881 716 932 quintam
748 881 905 923 suffra-

160 936 330 988 giorum
361 941 528 989 partem
552 936 665 978 ferre
683 941 737 980 A.
758 938 828 982 36.
846 943 902 982 A·

102 993 402 1035 Acusilaus
433 994 480 1034 S.
517 993 613 1038 178.
645 993 694 1037 Β.

103 1049 422 1094 Adiectiva:
455 1064 551 1092 cum
583 1052 798 1094 adverbiis
828 1064 904 1094 co-

161 1109 306 1161 pulata
334 1109 383 1149 P.
414 1107 483 1153 93.
515 1107 567 1148 B.
605 1111 796 1151 neutrius
825 1122 902 1162 ge-

161 1165 276 1205 neris
306 1165 397 1205 sine
428 1181 471 1205 τι
501 1171 708 1219 usurpata
737 1167 783 1211 S.
808 1166 902 1210 175.

160 1220 211 1263 Β.
245 1233 342 1261 cum
371 1221 560 1274 genitivo
582 1223 738 1265 eodem
768 1236 905 1278 gene-

159 1290 208 1319 re
236 1277 379 1318 iuncta
412 1280 460 1322 P.
494 1277 589 1324 104.
621 1283 677 1321 A.

102 1334 431 1379 Adimantus
463 1338 519 1379 A.
549 1335 618 1380 33.
647 1335 698 1381 Ε.

102 1391 411 1433 Adverbia:
445 1404 538 1434 cum
562 1393 782 1436 adiectivis
811 1395 905 1436 iun*

161 1453 234 1490 cta
273 1451 320 1490 P.
351 1449 419 1492 93.
450 1448 499 1492 Β.
530 1451 598 1494 79.
631 1450 685 1496 D.
725 1466 803 1507 per
839 1458 905 1494 at·-

160 1507 417 1548 tractionem
465 1509 606 1561 posita
654 1512 709 1552 A.
747 1509 818 1555 40.
859 1509 905 1553 C.

161 1563 224 1605 sic
256 1568 482 1617 usurpata,
511 1572 560 1606 ut
582 1565 811 1608 infinitivus
841 1567 908 1608 ina

163 1620 419 1674 telligendus
463 1622 519 1663 sit
558 1624 604 1664 P.
645 1623 741 1667 114.
774 1623 823 1666 B.
857 1625 904 1667 S.

165 1677 263 1721 183.
301 1678 356 1722 D.
401 1678 624 1721 adiectivis
662 1682 908 1735 postposita

160 1733 239 1776 Ph.
270 1734 351 1783 90..
371 1739 425 1780 A.
457 1736 506 1780 S.
541 1736 635 1781 181.
666 1738 716 1782 B.
760 1740 908 1793 proxi—

160 1804 234 1834 mo
265 1794 489 1847 participio
509 1796 811 1839 convenienter
829 1797 909 1838 de-

161 1851 275 1892 lecta
305 1850 352 1894 S.
392 1849 486 1894 174.
520 1850 571 1895 Ε.

104 1908 500 1951 Aeantodorus
529 1911 583 1953 A.
615 1909 685 1954 33.
713 1907 761 1953 E.

104 1965 523 2018 Aequilibrium
599 1971 780 2009 terrae
857 1971 907 2010 P.

169 2021 263 2064 109.
293 2025 348 2066 A.

86 2077 417 2123 ..Aeschines
446 2082 494 2123 P.
527 2079 598 2125 59.
628 2079 678 2126 Β.

64 2155 69 2169 =
106 2135 418 2186 Aeschylus
455 2137 501 2181 S.
549 2138 645 2183 108.
685 2142 738 2181 A.
795 2141 907 2193 expl-

164 2192 320 2292 P.763.
357 2197 414 2238 A.
462 2196 555 2236 eius
595 2195 813 2250 Telephus
858 2200 904 2241 P.

72 2307 446 2352 ,Aestimatio
478 2309 605 2350 litis
634 2313 690 2354 A.
721 2310 790 2354 36.
822 2311 870 2352 Ε.

106 2365 319 2417 Agatho
366 2365 416 2409 S.
471 2358 562 2410 17⁹2.
618 2366 663 2410 G.
708 2370 800 2413 173.
853 2373 904 2411 A.

163 2424 363 2476 Prolegg.
415 2423 470 2465 ad
509 2424 710 2486 Sygppos.
769 2428 908 2470 Aiax

166 2483 219 2523 A.
251 2481 321 2524 41.
346 2483 400 2523 A.
591 2491 597 2495 ’

108 2538 361 2579 Alcestis
392 2539 438 2580 S.
471 2538 564 2582 179.
595 2537 643 2581 Β.
684 2538 777 2585 180.
807 2540 855 2581 Β.

110 2594 430 2636 Alcibiadis
459 2597 600 2638 oratio
621 2598 820 2651 Prolegg.
853 2598 908 2639 ad

165 2651 314 2705 Symp.
343 2653 435 2694 eius
462 2655 690 2695 vinolentia
720 2655 766 2697 S.
804 2655 906 2700 21⁴2.

175 2707 228 2751 D.
271 2711 510 2763 praemium
543 2711 807 2754 fortitudinis
837 2726 908 2756 re·

173 2765 270 2808 tulit
310 2767 356 2808 S.
385 2767 483 2814 220.
515 2768 570 2812 D.

16 2822 20 2826 ’
110 2823 425 2866 Alcidamas
462 2825 627 2878 νόμους
666 2831 798 2881 vocat
827 2826 911 2869 πό-

170 2879 272 2918 λεων
299 2883 477 2931 βασιλῆς
507 2885 562 2924 A.
599 2883 692 2927 196.
725 2881 772 2927 C.

110 2935 339 2976 Amandi
406 2938 627 2991 disciplina
688 2942 910 2983 Platonica

169 2993 216 3035 S.
239 2991 338 3060 210.
370 2993 418 3038 B.
450 2997 648 3050 Prolegg.
680 2997 735 3038 ad
759 2998 906 3053 Symp.

171 3063 345 3102 passim.

110 3107 253 3207 Aquq3
251 3119 277 3147 n
290 3113 306 3148 t
300 3121 373 3205 ἐς
413 3109 599 3151 carmina
639 3117 828 3165 pangunt
862 3113 908 3155 S.

113 3224 279 3263 Amor
318 3227 372 3264 et
410 3204 768 3278 philosophia
796 3229 906 3269 Pro·
947 3213 954 3261 Ῐ

169 3280 279 3332 legg.
310 3279 367 3320 ad
397 3280 541 3334 Symp.

109 3337 200 3377 Am
215 3349 295 3378 or:
326 3338 419 3379 eius
450 3340 616 3381 natales
637 3339 684 3384 S.
706 3338 790 3387 203
811 3355 903 3397 sqq.

1677 115 1783 166 223

1046 249 1140 293 eius
1170 248 1299 291 sedes
1331 250 1377 293 S.
1414 250 1506 295 195.
1540 251 1593 295 D.
1616 252 1710 296 196.
1727 256 1785 299 A.

1047 311 1117 349 est
1145 305 1330 360 ποιητής
1359 307 1406 350 S.
1441 307 1534 352 196.
1565 308 1615 352 Ε.
1655 308 1786 364 ὑγρός

1045 365 1093 408 S.
1137 364 1230 409 195.
1272 364 1324 407 D.
1365 367 1553 418 optimus
1592 368 1784 408 medicus

1045 422 1096 464 S.
1144 421 1239 466 186.
1281 420 1332 464 Β.
1371 421 1420 464 C.
1471 424 1562 463 eius
1605 425 1786 466 virtutes

1046 480 1092 521 S.
1130 478 1216 522 203
1256 479 1293 520 D
1336 491 1431 534 sqq.
1481 483 1696 522 masculus
1735 482 1783 525 S.

1049 535 1146 581 182.
1176 536 1226 580 B.
1259 535 1306 581 C.

988 593 1402 637 Anacoluthont
1439 595 1493 643 A.
1532 593 1601 638 28.
1647 592 1692 637 C.
1732 594 1786 637 D.

1050 651 1116 696 19.
1166 650 1216 694 E.
1273 654 1321 694 P.
1365 648 1459 694 104.
1502 650 1554 692 Ε.
1597 651 1643 692 S.
1693 650 1787 695 182.

1047 707 1093 752 C.
1124 707 1222 752 207.
1254 708 1306 751 D.
1349 721 1403 749 ex
1443 707 1611 751 servor-e
1642 709 1788 750 ‹licen-

1045 766 1102 807 tis
1132 771 1281 807 natum
1313 766 1359 809 S.
1391 764 1490 810 218.
1523 769 1577 809 A.

988 822 1352 877 Anadiplosis
1383 823 1430 866 S.
1467 822 1566 867 199.

990 882 1380 934 Anaxagorast
1424 881 1616 932 arguitur
1643 882 1790 923 incon-

1049 938 1237 979 stantiae
1275 940 1325 980 P.
1367 937 1436 983 98.
1479 937 1513 978 Β
1562 951 1655 992 sqq.
1680 940 1789 988 *eius

1050 996 1262 1036 sententia
1314 994 1369 1036 de
1430 1006 1571 1036 rerum
1626 996 1790 1049 origine

1048 1054 1098 1096 P.
1131 1052 1200 1095 72.
1234 1051 1277 1094 C.
1312 1053 1404 1094 eius
1439 1052 1610 1106 physica
1639 1056 1691 1096 Ρ.
1719 1053 1790 1096 97.

1049 1111 1099 1150 C.
1134 1111 1347 1151 sententia
1378 1110 1433 1151 de
1466 1111 1562 1151 luna
1581 1113 1635 1152 A.
1648 1110 1717 1154 26.
1738 1111 1791 1153 D.

989 1168 1366 1208 Anaximenes
1399 1169 1447 1208 Ρ.
1481 1166 1551 1211 96.
1582 1166 1630 1208 C.

990 1224 1162 1265 Animi
1193 1230 1343 1266 natura
1370 1226 1417 1265 Ρ.
1452 1223 1522 1268 96.
1553 1223 1588 1265 Β
1612 1238 1704 1278 sqq.
1740 1228 1790 1269 P.

1047 1281 1117 1324 70.
1151 1280 1200 1322 Β.
1233 1284 1281 1323 Ρ.
1317 1281 1384 1325 10.
1416 1280 1466 1322 Ε.

989 1338 1299 1380 Antiochis
1330 1339 1463 1379 tribus
1493 1337 1649 1387 A.232.
1681 1338 1732 1383 B.

988 1394 1267 1449 Antiphon
1306 1393 1593 1449 Cephisiensis
1631 1399 1686 1438 A.
1720 1395 1789 1441 33.

991 1506 1362 1550 Antisthenes
1393 1510 1442 1550 P.
1474 1508 1545 1554 59.
1578 1508 1628 1550 Β.

992 1570 1208 1619 Anytus
1237 1569 1292 1606 A.
1332 1566 1398 1610 18.
1429 1569 1483 1610 A.
1512 1566 1582 1610 23.
1614 1566 1664 1611 Ε.
1740 1590 1754 1608 η

992 1626 1071 1665 Ao
1088 1623 1288 1664 ristus:
1320 1621 1512 1676 ἐπτόμην
1542 1631 1585 1666 et
1603 1623 1796 1680 ἑπτάμην

1051 1681 1098 1719 Ρ.
1130 1678 1200 1722 84.
1229 1677 1276 1719 Β.
1315 1692 1411 1721 cum
1444 1683 1659 1733 praesenti
1689 1696 1795 1724 con-

1050 1737 1219 1777 iunctus
1260 1738 1307 1779 P.
1340 1738 1411 1779 84.
1450 1737 1500 1778 D.
1537 1738 1582 1780 S.
1619 1739 1711 1784 188.
1744 1740 1791 1780 Β.

1050 1806 1152 1835 cum
1195 1794 1449 1846 imperfecto
1487 1797 1714 1848 copulatus
1743 1800 1793 1840 P.

1051 1851 1122 1895 59.
1147 1849 1196 1891 Ε.
1234 1852 1276 1892 in
1307 1851 1573 1893 conditione-⁹
1586 1866 1683 1895 cum
1711 1855 1793 1895 im-

1055 1907 1249 1961 perfecto
1309 1911 1584 1950 consociatus
1640 1911 1686 1954 S.
1721 1911 1790 1956 99.

1051 1965 1103 2006 D.
1147 1965 1338 2006 infinitivi
1382 1972 1481 2019 post
1522 1968 1652 2009 verba
1692 1981 1793 2022 spe-

1050 2022 1172 2063 randi
1193 2025 1240 2064 P.
1261 2022 1327 2065 67.
1351 2021 1402 2065 Β.
1436 2024 1542 2064 aius
1577 2026 1668 2066 eius
1689 2039 1793 2067 usus

1049 2081 1096 2122 P.
1126 2079 1194 2122 73.
1226 2079 1279 2123 D.
1313 2080 1361 2121 S.
1395 2081 1490 2125 188.
1522 2080 1573 2123 B.

991 2135 1272 2190 Ap'odosis
1302 2142 1402 2192 post
1431 2140 1467 2178 εἰ
1496 2151 1581 2181 om.
1615 2139 1661 2182 S.
1696 2139 1791 2183 199.

1050 2193 1105 2238 E.
1135 2194 1235 2238 200.
1267 2193 1318 2236 Β.
1349 2195 1447 2240 204.
1477 2196 1532 2238 Ι).
1555 2220 1603 2226 -
1635 2200 1689 2238 A.
1718 2198 1787 2240 41.

1049 2255 1103 2293 A.
1133 2265 1211 2305 per
1233 2253 1552 2295 anacoluthiam
1574 2267 1670 2295 cum
1694 2268 1794 2296 sen-

1050 2310 1184 2350 tentia
1230 2310 1485 2352 intermedia
1531 2312 1708 2353 confusa
1745 2315 1794 2355 P.

1051 2367 1118 2411 50.
1152 2365 1202 2408 Β.

991 2426 1070 2476 Ap
1085 2425 1197 2465 ollo
1219 2424 1379 2466 fraudis
1398 2426 1568 2474 nescius
1588 2425 1720 2468 A.21.
1743 2425 1791 2467 B.

993 2482 1380 2533 Apollodorus
1404 2486 1457 2526 A.
1481 2482 1550 2527 33.
1577 2483 1624 2523 E.
1651 2484 1718 2527 59.
1743 2483 1793 2524 Β.

994 2540 1322 2592 Appositio=
1372 2546 1475 2594 post
1510 2541 1717 2582 adverbia
1746 2541 1794 2582 S.

1052 2595 1151 2639 214.
1186 2595 1234 2636 Ε.
1277 2598 1456 2639 relativo
1488 2598 1795 2640 accommoda-

1052 2657 1096 2697 ta
1134 2655 1183 2695 P.
1218 2653 1285 2697 66.
1327 2653 1376 2696 Ε.
1410 2659 1464 2697 A.
1498 2655 1570 2699 41.
1603 2659 1656 2696 Α.
1698 2669 1796 2697 cum

1051 2711 1265 2809 ξῗζῗέἶῖἓξ
1290 2711 1796 2814 .¹3.‘21⁸.f‚‘2⁰‹³2“³51²³·.342.3·

1051 2822 1129 2870 τός
1167 2841 1212 2866 τε
1254 2827 1326 2867 καὶ
1367 2829 1412 2868 οἱ
1452 2826 1578 2882 λόγοι
1620 2829 1716 2870 sim.
1749 2828 1794 2866 S.

1052 2881 1152 2925 221.
1194 2883 1246 2924 D.
1293 2885 1334 2926 in
1383 2885 1704 2939 comparatione
1745 2885 1793 2923 S.

1052 2938 1151 2982 221.
1183 2940 1233 2984 Ε.
1275 2947 1376 2995 post
1418 2943 1669 2995 pronomina
1718 2953 1796 2993 per

1052 2999 1227 3039 nomina
1258 3001 1526 3040 substantiva
1558 2997 1793 3050 perspicui-

1053 3056 1155 3095 tatis
1188 3069 1318 3098 causa
1350 3056 1459 3096 facta
1492 3058 1538 3095 P.
1573 3055 1666 3097 104.
1698 3053 1746 3096 E.

995 3111 1310 3155 Archelaus
1350 3112 1394 3155 C.
1426 3111 1494 3155 52.
1527 3103 1583 3152 P!

995 3170 1191 3222 Argivi
1235 3182 1403 3212 comam
1435 3181 1518 3208 non
1548 3170 1714 3211 alentes
1743 3170 1795 3209 P.

995 3285 1325 3338 Aristippus
1355 3285 1402 3326 P.
1434 3281 1503 3326 59.
1534 3281 1583 3324 C.

994 3343 1389 3385 Aristodemus
1420 3340 1467 3383 S.
1504 3339 1596 3384 173.
1627 3338 1674 3380 Β.
