2158 3718
383 153 484 204 148

505 296 643 377 Cap.
697 295 925 354 XXVI.

379 383 569 440 νάτου.
614 382 762 440 Εἶεν.
805 381 905 453 ἐγώ
955 386 1013 438 δὲ
1057 381 1124 448 δὴ
1166 388 1316 446 τίνος
1357 381 1488 453 ὑμῖν
1531 381 1981 452 ἀντιτιμήσομαι,
2034 402 2075 435 ω

1026 149 1499 205 PLATONIS

1017 301 1260 367 Τιμᾶται
1304 297 1353 352 δ’
1405 291 1505 352 οὖν
1562 318 1655 369 μω
1697 295 1725 352 ὁ
1771 295 1917 368 ἀνὴρ
1964 301 2078 351 θα-

2047 374 2071 397 7

392 468 411 486 ,Ι
617 467 626 484 ,
845 479 865 488 Ι.
1022 465 1041 483 ,χ
1139 469 1161 478 ⁸.
1317 463 1338 481 et
1485 469 1508 479 Q
1605 466 1613 481 ι
1666 471 1674 486 1
1880 471 1889 487 ,
1983 457 2006 479 7

380 473 578 540 ανδρες
628 471 951 539 Αθ·ηναιοι·,
1013 489 1046 534 η
1095 470 1266 533 ὃηλον
1311 489 1401 522 οτι
1445 489 1539 532 της
1583 468 1775 534 afficere,-
1835 487 1887 522 τι
1946 487 2077 530 ovar,

499 605 609 658 Cap.
640 605 811 646 XXV1.
842 604 891 644 Β.
923 600 951 657 ἢ
982 602 1173 658 δῆλον]
1219 605 1273 644 V.

1310 597 1521 658 ἦδῆλον,
1555 605 1705 645 invitis
1736 605 1865 645 codd.
1926 604 2080 644 Paullo

384 670 487 706 ante
517 660 671 716 ἄνδρες
700 668 801 703 ante
829 657 1052 715 Ἀθηναῖοι
1084 676 1169 704 οιιι.
1205 663 1338 703 Bodi.
1371 663 1484 703 Ven.
1515 663 1558 703 b.
1585 663 1710 705 Vind.
1743 663 1784 706 1.
1815 662 1858 706 6
1886 662 2008 702 Flor.
2037 674 2079 714 g.

385 793 477 829 μων
507 794 575 819 και
606 775 720 818 θεὸς
759 778 820 832 τῷ
852 777 977 832 ξενίῳ
1011 775 1196 830 ξυνεπό·

362 850 506 887 ,μενοι
535 835 627 876 Διΐ.
649 836 806 887 Lysias
837 836 884 876 in
912 836 1194 877 Eratosthen.

419 895 568 938 392:
604 891 868 947 ἐπιτυγχάνει
892 890 1125 946 Μηλοβιόε·
1155 907 1197 934 τε

387 954 455 993 καὶ
476 950 780 1023 Μνησιθείδης
810 951 856 992 ἐκ
888 952 968 993 τοῦ
987 950 1193 1006 ἐργαστη-

389 1013 488 1065 prov
549 1007 760 1051 ἀπιόντες.
829 1010 1190 1053 Demosthen.

387 1071 608 1112 Aristocr.
648 1071 687 1120 §-
720 1069 797 1112 12.
835 1065 884 1108 τὰ
917 1064 1027 1108 ὅπλα
1054 1065 1189 1121 θήσε-

391 1127 497 1168 σθαι
550 1127 714 1177 ἔμελλεν
762 1122 786 1167 ὁ
827 1125 976 1177 Σίμων
1025 1122 1118 1166 οὐδ’
1170 1122 1193 1166 ὁ

389 1182 580 1237 Βιάνωρ,
613 1186 778 1225 πολῖται
808 1183 1080 1239 γεγενημένοι
1112 1186 1195 1225 κτλ.

391 1244 530 1285 Plura
568 1243 615 1283 id
645 1255 784 1295 genus
814 1258 855 1283 v.
885 1243 1004 1296 apud
1033 1242 1197 1284 Bern-

391 1301 651 1343 nardium
696 1301 880 1354 SyntaX.
940 1299 1097 1342 Graec.
1157 1314 1199 1354 p.

387 1361 487 1404 416.
518 1372 583 1412 sq.

450 1471 551 1515 κᾶν
602 1468 743 1526 ὦφλε
786 1488 822 1526 χ.
876 1471 950 1527 ὄρ.
989 1494 1042 1502 --
1097 1474 1198 1515 τῶν

390 1531 621 1587 ψήφωνΙ
685 1533 825 1574 Actor
872 1531 959 1572 nisi
1000 1532 1198 1583 quintam

390 1592 704 1644 suffragiorum
771 1597 941 1644 partem
1009 1590 1196 1638 tulisset,

389 1650 508 1691 mille
526 1649 745 1690 drachmis
768 1648 1034 1689 multabatur
1063 1649 1195 1688 adeo-

389 1721 479 1762 que·
503 1707 687 1748 infamia
717 1701 902 1761 (ἀτιμίᾳ)
945 1706 1197 1757 notabatur,

391 1779 480 1819 qua
509 1765 667 1817 fiebat,
710 1770 758 1805 ut
796 1778 850 1804 ne
890 1765 936 1804 in
972 1769 1198 1816 posterum

389 1829 619 1865 accusator
668 1824 880 1864 exsistere
932 1827 1096 1874 posset.
1156 1836 1198 1862 v.

391 1881 663 1923 Demosth.
694 1882 741 1921 in
771 1879 883 1922 Mid.
953 1911 963 1921 .
993 1879 1095 1922 529.
1126 1879 1196 1923 23.

390 1941 438 1980 in
460 1939 701 1979 Timocrat.
721 1952 765 1991 p.
792 1938 887 1982 702.
938 1966 947 1977 .
978 1938 1025 1977 in
1049 1937 1197 1979 Theo-

393 2002 499 2038 crat.
537 2010 579 2049 p.
621 1995 750 2040 1323.
793 1997 863 2039 19.
896 1996 952 2036 al.
985 1995 1198 2049 Harpo-

394 2060 534 2096 crat.
574 2055 621 2094 in
655 2051 808 2108 δώρων
837 2050 1000 2108 γραφή.
1026 2053 1198 2093 Meur-

394 2113 514 2154 sius
557 2111 697 2152 Lectt.
734 2113 875 2153 Attic.
930 2111 988 2151 V.
1036 2110 1105 2154 13.
1157 2119 1200 2152 et

395 2169 600 2211 Themid.
633 2171 730 2211 Att.
749 2170 810 2210 ΙΙ.
826 2170 896 2213 21.
919 2168 1198 2210 Matthiae

393 2230 423 2269 l.
468 2242 506 2269 c.
557 2241 601 2280 p.
645 2228 745 2272 270.
786 2229 884 2269 coll.
930 2226 1124 2267 Meier.
1156 2233 1200 2269 et

397 2285 758 2328 Schoemann.
797 2287 826 2326 1.
858 2300 894 2326 c.
939 2298 981 2337 p.
1013 2283 1100 2329 734
1130 2298 1196 2339 sq.

392 2343 1196 2396 Boeckh.Oecon.Att.1.p.406sq.

395 2402 518 2443 Dicit
551 2407 697 2443 autem
731 2401 937 2443 Socrates
969 2401 1197 2450 Meletum‚

393 2461 482 2501 nisi
512 2460 653 2512 Anyti
692 2464 736 2500 et
764 2459 956 2512 Lyconis
990 2465 1199 2511 tanquam

394 2514 655 2571 συνηγόρων
697 2518 864 2558 auxilio
906 2517 1086 2569 gavisus
1134 2530 1201 2557 es-

394 2581 475 2627 set,
505 2588 597 2615 non
621 2575 758 2615 fuisse
786 2575 976 2615 laturum
1005 2575 1202 2626 quintam

394 2638 562 2686 partem
573 2632 899 2684 suffragiorum,
919 2644 1051 2684 quum
1063 2633 1200 2684 ipsius

394 2691 636 2732 auctoritas
679 2696 722 2730 et
761 2691 906 2742 gratia
949 2701 1038 2728 non
1078 2694 1202 2729 tanta

395 2761 492 2789 esse
522 2747 739 2795 videatur,
773 2759 884 2800 quae
905 2746 1079 2786 efficere
1107 2747 1202 2786 sola

396 2806 614 2859 potuerit,
646 2810 694 2843 ut
724 2805 891 2845 iudices
922 2805 1066 2857 ipsum
1096 2817 1200 2844 con·

395 2864 668 2904 demnarent.
746 2862 915 2903 Locum
970 2874 1202 2914 perperam

396 2921 615 2962 intellexit
631 2920 694 2960 F
682 2932 729 2961 ιε
743 2920 909 2960 chern
923 2933 942 2959 s
960 2949 971 2970 ,
999 2925 1116 2959 recte
1133 2920 1200 2959 in·

397 2984 662 3032 terpretatus
715 2983 781 3018 est
833 2976 865 3018 S
878 2977 937 3017 ch
950 2977 998 3017 le
1010 2978 1024 3017 i
1039 2990 1143 3017 erm
1155 2989 1200 3017 a·

397 3036 539 3078 cher.
557 3060 611 3066 -
636 3036 722 3076 Pro
745 3030 801 3075 οὕ
816 3031 1066 3087 μεταλαβὼν
1083 3035 1201 3088 quod

398 3095 528 3136 Hirs
541 3094 679 3146 chig.
695 3098 821 3147 putat
837 3094 1069 3134 dicendum
1089 3093 1199 3134 fuis-

400 3165 448 3193 se
494 3149 550 3205 μὴ
590 3148 858 3204 μεταλαβών,
907 3151 1096 3220 ideoque
1134 3156 1200 3191 to-

398 3215 489 3251 tum
521 3211 605 3250 hoc
634 3210 895 3254 membrum·
942 3222 996 3248 ου
1027 3209 1196 3258 μεταλα-

396 3264 552 3321 βών-
570 3281 653 3308 των
690 3263 878 3320 ψήφων,
923 3271 972 3306 ut
1016 3266 1201 3307 Platone

397 3327 632 3379 indignum
691 3326 891 3379 adeoque
941 3337 1201 3377 supervaca-

401 3397 530 3427 neum
561 3383 899 3426 rescindendum
928 3387 972 3423 et
993 3382 1201 3424 abiicien-

1282 778 1383 817 dum
1414 777 1677 826 arbitratur,
1709 779 1762 819 de
1795 778 2081 831 grammatica

1282 836 1438 876 saltem
1469 836 1641 876 ratione
1676 837 1857 877 mirifice
1895 836 2078 876 fallitur.

1280 892 1459 933 Dicitur
1477 894 1590 933 enim
1608 894 1798 934 Meletus
1818 906 1974 934 revera
1992 905 2082 933 ιιοιι

1279 952 1502 1003 accepisse
1543 953 1737 1003 quintam
1771 952 2084 1003 suffragiorum

1277 1015 1444 1061 partem
1474 1009 1558 1048 hoc
1591 1022 1747 1050 sensu:
1786 1022 1948 1062 quum
1979 1021 2083 1048 non

1277 1067 1559 1120 acceperit
1581 1073 1796 1120 partem
1827 1073 1905 1108 ctr.
1932 1066 2084 1118 ltaque

1282 1120 1351 1172 οὐ,
1381 1138 1470 1165 ιιοιι
1501 1121 1558 1176 μή
1590 1126 1822 1166 dicendum
1851 1125 1949 1165 fuit.
1989 1123 2084 1165 Neo

1280 1196 1385 1224 vero
1423 1183 1477 1223 de
1515 1183 1699 1236 reliquis
1739 1184 1879 1224 critici
1917 1182 2082 1222 iudicio

1279 1241 1372 1281 ulla
1400 1241 1446 1280 in
1477 1247 1602 1293 parte
1630 1242 1894 1281 accedimus.

1335 1325 1659 1397 Cap.XXV1-.
1691 1328 1745 1368 Β.
1785 1325 2016 1378 Τιμᾶται
2048 1324 2071 1365 δ

1287 1377 1388 1424 οὖν
1423 1398 1512 1435 μοι
1552 1381 1575 1425 ὁ
1614 1380 1746 1439 ἀνὴρ
1794 1382 2082 1437 θανάτου]

1285 1442 1469 1483 Solebat
1509 1444 1626 1484 enim
1655 1450 1781 1484 actor
1813 1443 2084 1492 aestimatio·

1282 1514 1381 1541 nem
1420 1501 1511 1541 litis
1552 1502 1716 1542 addere
1749 1502 1796 1542 in
1833 1500 1982 1541 libello
2015 1512 2085 1541 ac-

1282 1559 1542 1610 cusationis,
1572 1560 1660 1600 nisi
1687 1571 1831 1612 poena
1861 1559 1949 1600 iam
1977 1558 2086 1610 legi-

1280 1617 1362 1657 bus
1393 1618 1630 1657 constituta
1662 1623 1790 1659 esset.
1849 1616 1949 1656 Hoc
1971 1615 2087 1656 dice-

1281 1675 1410 1715 batur
1430 1674 1658 1725 τιμᾶσθαι;
1680 1690 1722 1716 v.
1739 1675 1940 1721 Pollux
1956 1671 2086 1714 VIII.

1282 1731 1381 1775 150.
1435 1734 1620 1774 Meletus
1649 1734 1785 1786 igitur
1813 1733 1862 1773 in
1893 1726 2086 1782 ἆντωμο·

1286 1791 1357 1844 σίᾳ
1413 1791 1666 1843 addiderat,
1724 1790 1951 1833 Socratem
2002 1790 2088 1830 sibi

1284 1849 1467 1900 dignum
1505 1863 1610 1889 nece
1651 1850 1814 1900 videri,
1852 1849 1889 1889 si
1933 1858 2090 1889 caussa

1284 1907 1528 1948 cecidisset.
1557 1907 1878 1948 Fischerus.

1346 1989 1372 2046 ἢ
1414 1991 1617 2045 δῆλον.
1649 1989 1733 2033 ὅτι
1769 1992 1861 2045 τῆς
1900 1986 2086 2043 α’ξιάς]

1285 2050 1328 2091 h.
1360 2064 1398 2092 e.
1432 2051 1532 2091 sed
1563 2051 1697 2103 quid
1736 2051 1978 2102 quaero?
2023 2061 2086 2089 an

1284 2109 1344 2149 id
1427 2109 1645 2161 quidem
1731 2108 2087 2148 manifestum

1283 2171 1368 2207 est
1398 2173 1479 2207 etc.
1512 2180 1553 2205 v.
1583 2167 1639 2206 ad
1655 2167 1850 2235 i’rotag.
1879 2167 1942 2205 in.
1982 2164 2092 2205 Per·

1281 2237 1431 2277 peram
1461 2225 1598 2277 igitur
1643 2216 1669 2276 ἦ
1697 2224 1913 2264 scribitur
1971 2222 2091 2263 Dein

1284 2281 1538 2323 Cobetus
1569 2283 1698 2322 Varr.
1727 2282 1869 2322 Lectt.
1887 2293 1956 2348 p.
1987 2279 2086 2323 300.

1284 2342 1487 2381 emendat
1523 2341 1712 2381 scilicet.
1767 2342 1808 2378 τί
1846 2333 1930 2378 οὖν
1965 2334 2090 2389 ἄξιός

1283 2397 1379 2447 εἰμι.
1439 2397 1537 2446 Quo
1569 2403 1812 2438 commento
1841 2397 2090 2437 debilitavit

1286 2455 1540 2496 Socraticae
1571 2456 1788 2495 orationis
1806 2455 1895 2494 vim
1927 2459 1971 2493 et
1990 2466 2090 2506 gra-

1286 2514 1464 2553 vitatem
1501 2525 1590 2553 non
1634 2513 1927 2552 mediocriter.
1987 2512 2087 2551 Hoc

1285 2571 1401 2611 enim
1433 2571 1539 2611 dicit
1570 2568 1804 2611 Socrates:
1835 2568 1962 2622 quid
1992 2570 2086 2622 igi-

1285 2628 1402 2668 tur?
1437 2640 1594 2680 quum
1625 2634 1874 2680 apertum
1906 2627 1978 2668 sit
2006 2640 2086 2668 me

1287 2691 1488 2726 contra
1542 2687 1699 2726 litem
1755 2690 2086 2727 aestumatu-

1285 2756 1396 2784 rum
1439 2756 1558 2784 esse
1599 2745 1797 2797 prouti
1838 2755 2084 2795 mereor,

1286 2802 1420 2854 quid
1451 2807 1532 2842 etc.

1346 2860 1394 2899 τί
1444 2856 1602 2911 ἄξιός
1652 2857 1755 2908 εἰμι
1804 2856 2002 2898 παθεῖν
2057 2854 2085 2911 ἢ

1286 2911 1574 2970 ἀποτῖσαι]
1612 2916 1718 2957 Fuit
1757 2916 1864 2958 haec
1893 2916 2084 2957 formula

1282 2988 1365 3016 usu
1399 2976 1443 3015 in
1474 2975 1650 3016 iudiciis
1679 2979 1881 3028 recepta,
1920 2974 1968 3014 in
1998 2986 2086 3027 qua

1284 3033 1445 3074 παθεῖν
1497 3034 1554 3074 ad
1610 3045 1836 3086 poenam
1892 3043 2085 3084 corpo-

1283 3092 1368 3143 ris,
1414 3086 1612 3131 ἅποτῑσαι
1653 3091 1711 3132 ad
1758 3090 1978 3130 multam
2017 3102 2085 3130 re-

1283 3149 1436 3190 fertur.
1478 3164 1519 3189 v.
1550 3148 1828 3189 Heraldus
1859 3146 1989 3189 Obss.
2029 3147 2087 3188 ad

1283 3207 1315 3248 1.
1359 3209 1414 3247 Α.
1447 3207 1571 3248 etR.
1620 3206 1690 3246 ΙΙΙ.
1719 3204 1880 3248 1-6.
1930 3205 2087 3257 Lely-

1286 3267 1404 3305 velt
1434 3266 1503 3306 De
1544 3264 1727 3306 infamia
1757 3276 1811 3304 ex
1836 3263 1936 3316 jure
1967 3263 2086 3302 Atti·

1287 3336 1338 3363 co
1371 3323 1531 3377 p.268
1560 3322 1846 3363 Hermann.
1876 3320 2086 3372 Antiqui-

1287 3337 1396 3422 tattp
1418 3381 1538 3423 Publ.
1570 3378 1728 3421 Graec.
1765 3377 1811 3433 §.
1842 3376 1940 3422 143.
1983 3390 2085 3419 ann.
