2158 3718
538 131 1134 200 SYMP081UM.1›.
1177 133 1284 183 219
1321 135 1396 189 st.
1706 141 1808 191 189

138 281 339 350 δρείαν,
379 275 771 351 ὲντετυχηκότα
811 275 1108 351 ἀνθρώπῳ
1153 275 1403 351 τοιούτω,
1444 304 1547 352 οιῳ
1575 281 1675 355 ἐγὼ
1706 285 1807 343 οὐκ

138 359 214 419 ἂν
257 359 412 436 ᾤμην
451 367 586 420 ποτὲ
632 368 872 462 ἐντυχεῖν
919 369 995 428 εις
1036 361 1310 438 φρόνησιν
1363 367 1457 420 καὶ
1500 373 1576 432 εὶς
1616 391 1810 442 καρτε-

127 451 304 518 ρίαν·
348 445 478 513 ὥςτε
523 443 667 503 οὐθ’
720 445 869 513 ὅπως
897 469 999 503 ουν
1024 445 1341 521 ὀργιζοίμην
1371 446 1518 520 εἶχον
1542 455 1634 506 καὶ
1664 452 1812 509 ἀπο-

130 535 469 604 στερηθείην
511 533 612 599 τῆς
652 529 852 587 τούτου
891 536 1210 597 συνουσίας,
1277 528 1419 588 οὗθ’
1487 531 1598 613 ὅπῃ
1641 558 1808 633 προς,

138 618 452 687 αγαγοίμην
493 612 667 671 αὐτὸν
711 614 1004 688 εὐπόρουν.
1050 608 1107 672 εὗ
1151 614 1256 689 γὰρ
1299 613 1419 696 ῄδη,
1455 615 1541 674 ὅτι
1570 622 1812 692 χρήμασί

130 719 197 753 τε
253 696 397 755 πολὺ
446 703 663 771 μᾶλλον
716 696 966 772 ἄτρωτος
1016 693 1088 768 ἦν
1142 705 1396 779 πανταχῇ
1437 699 1472 770 ἢ
1518 702 1720 774 σιδηρῳ
1777 704 1808 762 ὁ

126 780 299 847 -Λῖας,
345 774 388 854 ᾧ
432 805 490 839 τε
534 779 690 855 ᾤμην
732 781 909 840 αὐτὸν
951 783 1105 856 μόνῳ
1148 783 1487 852 ἁλώσεσθαι,
1531 789 1815 866 διεπεφεύ-

124 887 218 937 ιγει
258 888 353 938 με.·
383 865 636 939 ἠπόρουν
689 865 788 936 δή,
843 871 1386 942 καταδεδουλωμένος
1441 892 1499 926 τε
1552 870 1663 927 ὑπὸ
1707 876 1812 931 τοῦ

136 947 453 1023 ανθρώπου
510 949 583 1017 ὡς
640 950 820 1017 ουδεὶς
881 950 981 1007 ὑπ’
1057 952 1283 1019 οὐδενὸς
1354 952 1528 1015 αλλου
1593 962 1810 1059 περιῇα.

144 1034 340 1090 Ταῦτά
389 1057 448 1090 τε
505 1058 613 1109 γαρ
671 1057 768 1106 μοι
823 1032 1054 1092 ἅπαντα
1097 1036 1481 1109 προύγεγόνει,
1539 1043 1632 1095 καὶ
1671 1064 1810 1142 μετα

137 1121 319 1174 ταῦτα
362 1124 622 1191 στρατεία
661 1118 796 1191 ἡμῖν
841 1126 915 1185 εὶς
940 1124 1260 1177 Ποτίδαιαν
1299 1130 1508 1194 ἐγένετο
1534 1123 1694 1193 κοινὴ
1722 1130 1815 1181 καὶ

134 1205 524 1275 συνεσιτοῦμεν
573 1209 696 1259 ἐκεῖ.
749 1206 974 1278 πρῶτον
1031 1208 1133 1277 μὲν
1186 1197 1288 1262 οὗν
1330 1214 1464 1272 τοῖς
1515 1205 1708 1275 πόνοις
1748 1210 1814 1267 οὐ

135 1448 265 1502 ᾔδειν.
295 1451 404 1506 Ang.
426 1465 475 1493 w.
506 1453 632 1506 ἤὸην,
662 1466 748 1507 quo
776 1456 953 1506 recepta
983 1452 1190 1506 scriptura
1222 1454 1514 1497 confirmatur.
1575 1456 1682 1498 Dein
1707 1456 1819 1513 χρή-

137 1509 274 1562 σομαί
309 1524 354 1551 τε
391 1509 519 1552 Bodl.
560 1510 657 1552 Vat.
688 1511 741 1553 A.
779 1511 880 1552 Par.
916 1510 1018 1552 ΒΚ.
1056 1514 1167 1564 Aug.
1193 1523 1244 1554 w.
1277 1511 1372 1555 Vat.
1390 1525 1431 1566 p.
1492 1513 1740 1568 Legebatur
1769 1532 1818 1571 γε

134 1578 214 1619 pro
243 1580 304 1607 τε.

169 1665 174 1670 -
246 1636 390 1693 μόνῳ
419 1625 772 1690 ἁλώσεσθαι]
807 1634 943 1693 μόνον
974 1638 1166 1691 ΑηςΛι-

250 1706 610 1764 διεπεφεύγει
649 1709 739 1765 με]
781 1706 1059 1764 διαπεφεύγει
1092 1723 1147 1763 με
1193 1710 1330 1752 Coisl.
1371 1714 1416 1752 et
1449 1706 1637 1754 B'ekker.
1669 1712 1819 1755 διαπέ-
1858 1681 1866 1689 ·

127 1770 267 1823 ’φενγέ
288 1782 343 1821 με
373 1767 480 1810 Ven.
500 1769 547 1810 Ξ.
576 1772 621 1810 et
651 1767 752 1810 edd.
781 1766 909 1810 Turr.

250 1850 424 1895 ἄλλον
453 1853 680 1908 περιῇα]
711 1855 762 1892 V.
795 1849 984 1907 περιήια,
1016 1850 1132 1904 quod
1160 1864 1185 1893 e
1215 1852 1312 1894 vat.
1335 1849 1390 1897 Δ.
1419 1852 1638 1898 Par.DK.
1670 1855 1817 1898 Ambr.

137 1909 233 1954 vat.
255 1909 295 1954 d.
319 1924 363 1964 p.
388 1924 422 1952 r.
455 1911 575 1962 aliis,
606 1915 832 1952 mutatum.

251 1996 462 2050 ἐγένετο
492 1993 672 2050 κοινή]
706 1997 828 2047 κοινῇ
847 1994 950 2036 Par.
968 1992 1067 2035 DF.
1087 1993 1236 2034 Ambr.
1260 1993 1355 2035 Vat.
1368 2007 1412 2048 p.
1423 2007 1458 2037 r.
1480 1999 1537 2039 et.
1560 2008 1624 2049 pr.
1646 1996 1766 2042 Vind.
1778 1997 1820 2042 2.

252 2085 465 2137 πρῶτον
501 2083 594 2136 μὲν
634 2074 730 2122 οὖν
773 2083 890 2127 τοῖς
930 2076 1158 2130 πόνοις]
1199 2079 1534 2122 Winckelmann.
1576 2081 1629 2122 ad
1660 2081 1823 2138 Euthy-

141 2139 255 2182 dem.
283 2153 326 2194 p.
349 2137 418 2184 13.
448 2139 558 2181 coni.
588 2139 631 2180 ἐν
662 2143 757 2186 τοῖς
787 2153 830 2179 π.
892 2136 1037 2178 Recte
1068 2135 1233 2191 opinor.

141 2336 262 2390 iun]
293 2327 481 2379 Referae
512 2334 566 2376 ἂν
604 2336 658 2378 ad
687 2336 939 2380 infinitivum

141 2396 355 2449 ἐντυχεῖν.
391 2394 458 2435 De
490 2393 567 2436 hac
595 2397 774 2436 voculae
805 2397 941 2437 collo·-

141 2453 311 2493 catione
340 2464 383 2494 v,
414 2451 494 2493 Ro
510 2457 572 2494 st.

143 2509 184 2553 5.
215 2523 257 2562 p.
285 2507 370 2552 462

143 2567 376 2608 sollicitare
385 2597 399 2618 ,

602 2452 641 2505 §.
672 2451 764 2495 121.
796 2457 940 2494 annot.

402 2520 471 2549 sm
509 2509 673 2552 Deinde
723 2510 809 2550 noli
859 2503 941 2550 οὖν

456 2566 571 2620 quod
626 2566 939 2620 Stephanus

143 2636 297 2666 vacare
334 2623 563 2665 iudicabat.
624 2624 789 2665 lndicat
829 2625 942 2666 enim

141 2681 510 2723 ratiocinationem
571 2681 808 2734 loquentis,
872 2682 943 2734 qui

144 2739 267 2792 quasi
329 2751 478 2780 secum
538 2740 715 2780 consilia
763 2743 943 2792 pectore

143 2796 311 2848 agitans
360 2795 592 2837 inducitur.
666 2797 839 2850 Quippe
892 2809 943 2838 ea

148 2857 216 2892 est
253 2853 386 2893 virtus
427 2853 595 2908 linguae
627 2853 855 2904 Graecae,
896 2858 944 2894 ut

148 2909 308 2959 multa,
347 2921 460 2960 quae
503 2911 574 2950 alii
604 2911 748 2963 populi
778 2911 944 2952 nonnisi

149 2965 344 3006 oratione
383 2972 503 3006 recta
533 2971 716 3018 possunt
745 2968 942 3008 enuntia-

148 3034 223 3074 re,
273 3034 323 3063 ea
365 3023 494 3062 etiam
536 3023 732 3064 oratione
775 3024 946 3076 obliqua

149 3078 394 3132 exprimere
438 3080 592 3120 valeat.
666 3079 796 3122 Quod
843 3079 946 3132 quid

147 3136 227 3177 sibi
257 3135 382 3186 velit,
419 3134 500 3176 hoc
530 3148 613 3177 uno
646 3138 844 3190 exemplo
875 3149 947 3177 sa-

152 3193 211 3234 tis
236 3197 368 3260 patet.
430 3193 571 3234 Recta
607 3193 719 3235 enim
750 3195 946 3235 oratione

148 3249 233 3291 dici
263 3250 325 3291 sic
355 3249 562 3292 debebat.
601 3254 690 3295 πῶς
718 3248 797 3292 οὖν
827 3249 947 3304 ὀργί-

149 3305 287 3362 ζωμαι
314 3307 387 3347 καὶ
414 3305 704 3361 ἀποστερηθῶ
735 3312 816 3359 τῆς
845 3305 948 3349 τού-

148 3379 231 3405 του
251 3364 506 3415 συνουσίαςς
535 3364 808 3417 quomodo
836 3363 947 3420 igi-

1026 2341 1113 2378 tu‘r
1133 2334 1178 2377 ei
1209 2333 1422 2375 irascar
1449 2334 1681 2390 eiusque
1701 2352 1822 2381 con-

1028 2391 1332 2435 suetudine
1370 2404 1449 2433 me
1479 2394 1822 2440 abstineam?

1027 2452 1156 2494 Quae
1196 2455 1451 2490 convertens
1492 2452 1741 2496 Alcibiades
1782 2456 1824 2497 in

1029 2519 1279 2562 suspensam
1322 2506 1559 2549 orationem
1603 2512 1824 2564 eleganter

1028 2566 1186 2607 retinet
1222 2565 1420 2605 voculam
1461 2563 1667 2620 igitur,
1712 2583 1825 2622 quae

1028 2623 1171 2664 animo
1210 2621 1387 2663 consilia
1426 2621 1626 2674 agitantis
1655 2627 1825 2679 gravius

1027 2679 1223 2720 indicium
1268 2677 1382 2721 facit.
1457 2678 1577 2723 Haec
1622 2695 1732 2726 nunc
1769 2685 1828 2726 si-

1027 2736 1250 2789 gnificasse
1280 2735 1485 2786 sufficiat3
1518 2740 1700 2782 eandem
1731 2755 1825 2784 rem

1548 2809 1588 2849 p.
1633 2795 1733 2842 322.
1777 2800 1827 2842 C.

1028 2794 1245 2846 attigimus
1290 2792 1344 2834 ad
1384 2793 1509 2834 Prot.

1028 2850 1216 2893 Pliaedr.
1250 2864 1291 2904 p.
1321 2849 1421 2894 228.
1450 2850 1501 2891 D.

1086 2961 1140 3004 E.
1199 2966 1466 3019 στρατεία
1495 2963 1578 3021 iffa..
1617 2967 1693 3013 εἰς
1723 2968 1826 3008 Πο-

1030 3020 1281 3074 τίδαιαν]
1333 3021 1475 3063 Huius
1524 3024 1826 3077 expeditionis,

1030 3076 1097 3118 cui
1128 3076 1332 3119 Socrates
1363 3084 1407 3119 et
1426 3080 1666 3121 Alcibiades
1695 3082 1826 3123 inter—

1030 3132 1227 3186 fuerunt,
1268 3135 1397 3177 Plato
1441 3138 1608 3189 saepius
1640 3139 1825 3180 mentio-

1030 3202 1128 3232 nem
1167 3191 1296 3242 facit,
1350 3193 1478 3233 veluti
1519 3196 1688 3247 Apolog
1660 3208 1701 3247 g.
1740 3195 1825 3236 So-

1030 3252 1134 3290 crat.
1155 3262 1194 3303 p.
1215 3248 1285 3291 28.
1313 3249 1359 3289 Ε.
1383 3261 1420 3288 c.
1447 3248 1580 3294 Xvn.
1614 3257 1658 3294 et
1687 3251 1825 3294 Char-

1031 3304 1130 3348 mid.
1162 3320 1202 3360 p.
1230 3306 1324 3350 153.
1359 3307 1411 3347 A.
1440 3305 1490 3346 C.
