2158 3718
544 207 1058 258 srmrosmm.
1099 223 1149 274 ρ.
1188 206 1293 255 218
1332 206 1406 256 st.
1705 204 1810 255 185

138 355 332 420 δοκεῖς,
376 343 448 420 ἦν
493 351 547 408 δ’
596 348 716 423 ἐγώ,
759 353 893 424 ἐμοῦ
936 348 1169 424 ἐραστὴς
1213 345 1368 417 ἄξιος
1402 355 1684 419 γεγονέναι
1709 348 1812 420 μό·

141 457 254 503 νος,
299 440 393 493 καί
429 457 529 509 μοι
575 439 763 512 φαίνει
805 433 987 492 ὀκνεῖν
1033 436 1362 508 μνησθῆναι
1401 429 1542 503 πρός
1582 452 1664 503 με.
1710 430 1810 500 ἐγώ

144 523 202 576 δὲ
249 519 447 577 οὑτωσὶ
490 523 620 592 έχω·
669 517 820 575 πάνυ
861 517 1102 587 ἀνόητον
1143 515 1392 590 ἡγοῦμαι
1425 515 1567 573 εἶναί
1607 536 1695 572 σοι
1736 514 1812 588 μὴ

141 602 211 661 οὐ
253 607 346 660 καὶ
387 606 558 660 τοῦτο
597 606 929 675 χαρίζεσθαι
983 605 1077 658 καὶ
1136 600 1186 657 εἴ
1225 622 1278 656 τι
1320 598 1457 657 ἄλλο
1499 597 1534 669 ἢ
1578 603 1678 668 τῆς
1719 598 1815 656 οὐ·

142 687 266 753 σίας
305 690 405 755 τῆς
447 691 580 761 ἐμῆς
623 692 766 744 δέοιο
796 684 830 754 ἢ
858 689 969 742 τῶν
993 690 1169 762 φίλων
1211 688 1321 740 τῶν
1363 687 1524 757 ἐμῶν.
1565 687 1687 756 ἐμοὶ
1713 687 1815 756 μὲν

139 767 247 843 γὰρ
291 770 451 828 οὐδέν
506 778 620 828 ἐστι
660 770 1032 844 πρεσβύτερον
1090 772 1191 826 τοῦ
1237 767 1310 835 ὡς
1351 766 1382 824 ὅ
1426 789 1479 824 τι
1519 771 1807 838 βέλτιστον

139 858 230 927 ἐμὲ
273 859 553 928 γενέσθαι,
596 856 801 918 τούτου
845 854 897 911 δ’
966 852 1121 925 οἶμαί
1171 875 1266 925 μοι
1322 849 1675 926 συλλήπτορα
1719 850 1815 908 οὐ-

141 942 271 995 δένα
328 938 662 1013 κυριώτερον
716 937 857 995 εἶναι
914 941 1034 993 σοῦ.
1091 934 1192 1009 ἐγὼ
1255 933 1322 1004 δὴ
1368 935 1607 1006 τοιούτῳ
1650 935 1814 1008 ἀνδρὶ

144 1021 292 1080 πολὺ
343 1026 561 1096 μᾶλλον
617 1020 691 1078 ἂν
747 1020 822 1094 μὴ
875 1019 1237 1094 χαριζόμενος
1281 1024 1643 1092 αἰσχυνοίμην
1684 1016 1818 1085 τοὺς

141 1111 448 1183 φρονίμους
489 1104 524 1175 ἢ
564 1105 929 1180 χαριζόμενος
971 1105 1104 1169 τούς
1143 1126 1201 1160 τε
1245 1100 1491 1169 πολλοὺς
1520 1106 1613 1159 καὶ
1636 1101 1820 1178 ἄφρο-

139 1210 261 1255 νας.
344 1193 462 1245 Καὶ
505 1183 672 1255 οὗτος
712 1187 964 1253 ἀκούσας
989 1187 1144 1259 μα’λα
1172 1189 1458 1258 εἰρωνικῶς
1483 1191 1576 1242 καὶ
1601 1187 1820 1263 σφόδρα

135 1276 319 1345 ἑαυτῷ
362 1272 649 1339 εἰωθότως
686 1273 889 1341 ἔλεξεν,
931 1265 1008 1327 Ὦ
1075 1275 1195 1347 φίλε
1234 1269 1579 1343 Ἀλκιβιάδη,
1614 1274 1822 1327 -κινὸυ-

139 1357 309 1424 νεύεις
351 1361 427 1430 τῷ
473 1355 595 1414 ὄντι
639 1356 707 1416 οὐ
754 1359 972 1435 φαῦλος
1004 1354 1160 1423 εἶναι,
1207 1355 1354 1429 εἴπερ
1384 1353 1580 1424 ἀληθῆ
1624 1353 1822 1428 τυγχά-

255 1576 354 1632 ἐγώ
383 1577 428 1619 δ’
462 1575 671 1620 οὑτωσὶ
700 1579 822 1630 ἔχω·
853 1575 995 1619 πάνυ
1027 1577 1130 1629 ἄν]
1174 1575 1249 1617 Sic
1279 1575 1444 1630 primus
1476 1574 1595 1618 dedit
1628 1576 1765 1619 ssekk.
1798 1589 1823 1618 e

148 1634 273 1687 nodi.
301 1635 421 1678 Vind.
445 1634 529 1678 1.2.
543 1636 583 1679 7.
608 1635 827 1677 Par.nK.
847 1635 945 1679 Vat.
958 1647 1002 1689 p.
1066 1633 1344 1676 scribebatur
1372 1635 1478 1686 ἔχων
1504 1631 1619 1674 πάνυ
1650 1631 1716 1676 ἄν.

258 1694 310 1735 D.
369 1691 434 1740 ὥς
472 1691 500 1734 δ’
535 1709 589 1734 τι
624 1692 915 1746 βέλτιστον
955 1694 1043 1747 ἐμὲ
1087 1689 1383 1746 γενέσθαι]
1423 1689 1510 1731 δ’σω
1549 1706 1594 1731 τι
1634 1691 1734 1733 vat.
1767 1688 1822 1740 A.

144 1752 245 1795 Par.
264 1751 317 1793 D.
351 1748 403 1797 ὃς
434 1766 487 1791 ωι
514 1766 559 1791 τι
589 1749 716 1792 Bodl.
747 1748 835 1791 δ’σω
867 1749 966 1791 Par.
990 1750 1041 1791 P.
1073 1750 1169 1791 Vat.
1191 1760 1235 1800 p.
1291 1747 1339 1788 ln
1369 1746 1487 1788 Flor.
1522 1761 1559 1789 c.
1600 1745 1657 1794 ὥς
1687 1748 1822 1789 omis-

144 1823 256 1852 sum.
316 1808 446 1850 Vides
476 1807 675 1850 librarios
704 1807 745 1848 in
775 1805 829 1855 ὥς
859 1804 888 1847 δ’
915 1822 960 1848 τι
990 1807 1054 1847 ita
1086 1805 1314 1849 coniuncto
1360 1803 1594 1846 offendisse
1635 1817 1821 1857 eamque

145 1868 203 1909 ob
238 1878 411 1908 eausam
441 1865 483 1906 in
513 1867 655 1906 varios
686 1864 888 1906 incidisse
917 1876 1101 1908 errores.
1162 1861 1292 1905 Quod
1335 1874 1390 1903 ne
1419 1861 1513 1903 aliis
1542 1874 1716 1915 quoque
1746 1875 1821 1904 ac-

145 1924 286 1975 cidat,
318 1924 359 1965 in
389 1922 711 1964 commentariis
741 1922 847 1963 infra
878 1922 1032 1975 positis
1062 1919 1299 1976 provisum..

257 1996 351 2034 μοι
391 1977 765 2033 συλλήπτορα]
804 1992 890 2034 μου
922 1978 1048 2020 Bodl.
1075 1977 1210 2020 Coisl.
1236 1980 1326 2016 vat.
1341 1971 1394 2018 A.
1416 1974 1630 2018 Par.EF.
1657 1977 1764 2029 Aug.
1777 1988 1819 2016 u.

148 2052 199 2081 w.
227 2038 377 2080 Ambr.
409 2042 499 2080 vat.
522 2049 562 2081 n.
576 2050 609 2081 r.
623 2052 657 2081 s,
687 2037 805 2078 Fior.
828 2036 1063 2078 a.b.c.i.n.
1124 2032 1215 2075 Sed
1252 2030 1529 2088 συλλήπτορα
1566 2032 1678 2074 εἷναί
1705 2047 1823 2080 τινος

145 2093 404 2153 πράγματός
432 2108 550 2142 τινος
579 2094 759 2136 Graecis
790 2105 876 2134 non
905 2093 1073 2135 videtur
1101 2092 1142 2133 in
1169 2103 1248 2131 usu
1278 2089 1425 2132 fuisse.

259 2153 431 2207 ἑαυτῷ
473 2150 783 2205 εἰωθότως]
824 2151 986 2192 ἑαυτοῦ
1025 2164 1071 2190 τε
1109 2148 1183 2189 καὶ
1220 2145 1444 2194 εἰωθότως
1489 2145 1614 2188 Bodl.
1649 2145 1745 2188 Vat.
1766 2143 1820 2187 A.

146 2209 278 2254 Coisl.
308 2209 409 2252 Par:
427 2208 626 2253 DEFK.
665 2209 809 2251 Ambr.
847 2210 955 2262 Ang.
977 2220 1089 2248 u.w.
1109 2206 1205 2247 Vat.
1226 2217 1416 2259 n.p.r.S.
1447 2202 1565 2246 Flor.
1593 2203 1822 2246 a.b.c.i.n.

146 2267 258 2310 lnud
288 2281 334 2308 τε
363 2271 512 2308 natum
549 2265 715 2308 videtur
747 2278 802 2306 ex
832 2265 918 2307 iota
947 2262 1187 2319 pronomini
1219 2275 1305 2304 non
1335 2262 1602 2315 subscripto,
1635 2260 1713 2301 sed
1743 2260 1822 2302 ad-

146 2325 325 2379 scripto.
388 2324 488 2367 Quo
529 2328 681 2365 exorto
723 2322 876 2375 reliqui
917 2335 1086 2364 errores
1123 2319 1249 2361 facile
1281 2324 1514 2373 potuerunt
1543 2319 1673 2359 nasci.
1734 2319 1823 2360 Deb

149 2382 284 2424 fendit
318 2387 462 2423 tamen
506 2380 708 2422 librorum
751 2380 1008 2434 scripturam
1048 2378 1343 2420 consentiente
1387 2377 1437 2417 C.
1470 2375 1539 2416 Fr.
1574 2375 1823 2417 Hermanno

147 2439 518 2482 Winckelmannus
555 2437 610 2479 ad
646 2436 904 2490 Euthydem.
936 2451 978 2491 p.
1010 2435 1105 2488 45„
1144 2435 1212 2488 qui
1252 2433 1383 2478 ἔλεξεν
1411 2434 1569 2488 ἑαυτοῦ·
1611 2433 1671 2474 ait
1701 2446 1823 2474 esse:

149 2496 293 2539 dixit
339 2508 436 2537 suo
476 2495 711 2548 ingenio
744 2494 1164 2536 convenienter.
1225 2491 1355 2535 Quod
1387 2491 1421 2532 si
1453 2491 1670 2532 Graecum
1701 2489 1826 2531 vide-

148 2558 292 2604 retur,
332 2554 534 2594 continuo
575 2553 882 2606 amplecterer3
923 2564 1036 2593 nunc
1072 2563 1182 2604 quae
1224 2549 1302 2590 viri
1347 2548 1461 2589 docti
1503 2549 1738 2589 attulerunt
1769 2546 1826 2588 ad

146 2611 255 2654 hanc
285 2609 488 2665 loquendi
516 2608 699 2652 formam
727 2608 1051 2662 vindicandam,
1082 2621 1134 2650 ea
1165 2606 1311 2648 omnia
1346 2606 1454 2648 alius
1484 2610 1583 2646 sunt
1611 2604 1796 2658 generis.

145 2764 268 2795 more
315 2735 559 2797 ἅσυνειῖως
612 2748 848 2792 adduntur.
905 2761 943 2791 v.
1030 2746 1128 2793 743.
1160 2748 1213 2789 ι).
1245 2747 1320 2791 vi.
1340 2746 1438 2791 758.
1462 2747 1510 2788 A.
1534 2746 1632 2790 759.
1655 2745 1707 2788 c,
1729 2744 1828 2789 783.

147 2810 288 2863 Gorg.
323 2823 364 2863 p.
407 2807 506 2852 450.
550 2808 602 2849 Α.
641 2805 740 2851 459.
780 2807 833 2848 Β.
888 2807 944 2848 ai.
1031 2806 1084 2848 D.
1111 2805 1167 2848 X.
1185 2804 1340 2860 p.908.
1362 2807 1422 2846 A:
1455 2802 1622 2861 ὅπῃπερ
1652 2802 1703 2844 ἂν
1734 2804 1831 2857 ἕρη-

149 2867 294 2909 Quam
332 2865 535 2917 loquendi
574 2865 784 2906 rationem
814 2876 947 2918 quum
1031 2861 1113 2917 μός
1151 2878 1195 2903 τε
1237 2862 1308 2902 καὶ
1361 2860 1416 2908 ὡς
1474 2858 1501 2901 δ’
1545 2878 1588 2901 τι
1642 2859 1831 2916 μάλιστα

150 2934 236 2963 non
275 2927 475 2963 tenerent
519 2921 815 2975 grammatici,
867 2933 946 2975 pro
1030 2918 1297 2973 ἀγριώτατος
1344 2914 1371 2973 ᾖ
1409 2916 1434 2959 0‘
1476 2916 1620 2967 τόπος.
1683 2918 1828 2958 Latini

148 2979 229 3029 ἔχω
267 2979 531 3030 scripserunt
566 2979 694 3030 ἔχων,
749 2977 866 3031 quod
906 2978 948 3019 in
1033 2978 1138 3019 item
1170 2977 1338 3019 dicunt:
1381 2982 1438 3017 ut
1477 2989 1627 3028 quam
1660 2974 1828 3015 maxi-

154 3040 260 3077 vett.
295 3035 416 3076 editt.
448 3034 662 3086 migravit.
1033 3046 1126 3082 me.
1158 3047 1196 3077 v.
1230 3034 1406 3089 Viger.
1426 3046 1464 3074 c.
1493 3030 1825 3075 V111.Sect.10.

212 3094 263 3133 D.
323 3090 480 3133 οὐδέν
511 3093 627 3131 ἐστι
655 3088 948 3143 πρεσβύτε-

153 3153 275 3203 ρον]
319 3148 487 3190 Eodem
526 3146 657 3189 modo
699 3147 841 3189 Latini
883 3147 951 3188 di·
1089 3146 1253 3202 οἶμαι
1280 3161 1379 3198 μοι
1410 3142 1760 3195 συλλήπτορα
1791 3158 1827 3182 ο.

152 3212 276 3249 cunt:
309 3206 438 3248 mihi
472 3206 605 3246 enim
637 3204 776 3247 nihil
807 3205 948 3245 anti·
1032 3205 1194 3259 n.]i.e,
1217 3205 1549 3246 adiutorem.
1576 3199 1843 3252 Xenoph.¹

153 3265 311 3317 quius
346 3268 448 3314 est,
479 3276 518 3303 v.
551 3262 604 3302 ad
626 3262 788 3302 Criton.
814 3274 852 3314 p.
875 3261 948 3305 46.
1032 3262 1165 3304 Mem.
1194 3263 1245 3304 11.
1279 3261 1330 3312 2,
1365 3261 1442 3303 12:
1486 3259 1554 3298 ἵνα
1574 3281 1629 3287 -
1649 3255 1829 3311 ἀγαθοῦ

154 3323 204 3365 Β.
267 3320 432 3362 Deinde
460 3317 516 3365 ὡς
546 3317 574 3359 δ’
602 3333 646 3359 τι
673 3323 772 3361 ante
799 3331 949 3371 super-
1031 3333 1099 3359 σοι
1142 3321 1336 3375 γίγνηται
1383 3314 1647 3367 συλλήπτωρ.
1719 3314 1826 3357 lbid.

154 3381 329 3422 lativum
382 3389 435 3418 ne
473 3377 661 3427 mireris,
707 3376 765 3417 ita
819 3375 946 3417 Plato
1029 3376 1083 3418 11.
1128 3377 1178 3428 1,
1216 3376 1296 3419 322
1348 3370 1499 3427 ἀγαθὴ
1561 3369 1827 3426 συλλήπτρια

156 3437 348 3490 saepius.
382 3439 429 3476 nt
449 3433 587 3488 Legg·
622 3433 670 3477 V.
702 3446 746 3487 p·
766 3433 864 3478 731.
894 3432 930 3474 B
1029 3437 1110 3475 τῶν
1138 3434 1181 3475 ἐν
1210 3430 1351 3488 εἰρήνῃ
1378 3426 1531 3471 πόνων.
