2158 3718
797 182 876 220 AD
911 180 1272 221 SYMPOSIUM.
1724 181 1875 219 XXIX

196 314 515 375 bidinosum,
552 304 648 364 s‘ed
682 309 825 362 intus
856 309 914 361 in
937 317 1155 380 pectore
1180 295 1380 361 tantam
1402 305 1658 360 inclusam
1679 306 1875 360 habere

197 383 615 455 temperantiam,
661 389 723 432 ut
757 380 914 433 nullis
949 398 1201 450 umquam
1234 377 1498 431 illecebris
1535 377 1602 430 ad
1635 377 1876 430 illicitum

196 464 426 509 amorem
459 452 638 525 pellici
672 451 922 522 potuerit,
959 451 1119 520 idque
1159 468 1216 503 se
1242 450 1299 519 ip
1305 468 1423 502 sum
1446 456 1724 519 expertum
1749 447 1877 500 dicit

195 545 332 591 esse,
379 544 543 594 quum
585 523 756 576 forma
801 540 896 574 sua
933 519 1208 575 Socratem
1252 528 1467 590 putaret
1511 526 1878 590 expugnatum

197 616 313 651 esse
348 596 612 664 velletque
647 593 752 663 ipsi
786 611 990 645 morem
1024 610 1226 665 gerere,
1262 609 1369 661 quo
1391 590 1543 643 fieret
1568 589 1876 661 sapientior3

195 676 309 720 tum
345 666 485 720 enim
521 663 588 718 ab
628 683 684 717 se
722 663 1098 718 continentiam
1133 662 1256 716 eius
1284 670 1442 732 atque
1477 660 1881 731 temperantiam

197 737 398 790 frustra
430 735 596 790 fuisse
633 743 900 788 tentatam.
941 732 1096 800 Quae
1133 751 1229 787 cur
1261 732 1338 785 ita
1361 731 1428 785 ab
1452 730 1733 785 Alcibiade
1755 749 1880 783 nar-

195 816 393 872 rentur,
429 807 613 878 pulcre
649 806 784 859 vidit
822 803 999 872 Quin
1011 812 1033 856 t
1044 804 1116 859 ili
1128 823 1160 857 a
1170 823 1253 856 nu
1268 823 1292 857 s
1326 802 1485 857 VIII.
1509 803 1561 866 4,
1589 803 1692 866 23.,
1730 801 1882 855 cuius

195 877 328 932 haec
366 886 490 931 sunt
524 876 713 930 verba:
763 875 817 929 N
831 895 900 929 ec
935 874 1090 928 mihi
1127 874 1390 928 videtur
1424 873 1489 926 in
1527 871 1725 942 S-ymp
1740 891 1770 925 o
1785 872 1883 925 sio

195 948 422 1014 Plato,
470 966 665 1017 quum
710 946 1132 1000 Alcibiadem
1181 945 1616 998 confitentem
1667 944 1739 995 de
1787 962 1880 1007 se,

198 1019 358 1090 qui'd
392 1038 425 1072 a
463 1017 739 1072 Socrate
774 1017 910 1088 pati
946 1015 1262 1080 voluerit,
1300 1022 1553 1078 narrat,
1589 1023 1660 1066 ut
1693 1013 1883 1068 illum

197 1091 527 1159 culparet,
564 1088 725 1141 haec
762 1086 1145 1150 tradidisse,
1194 1084 1308 1138 sed
1350 1093 1420 1137 ut
1458 1083 1755 1137 Socratis
1791 1087 1882 1137 in-

196 1163 437 1214 victam
492 1159 969 1212 continentiam
1021 1175 1052 1208 o
1068 1155 1438 1219 stenderet,
1499 1172 1535 1223 q
1552 1173 1590 1207 u
1609 1173 1640 1206 a
1659 1173 1688 1207 e
1743 1173 1884 1207 cor-

197 1230 420 1301 rumpi
473 1228 696 1301 specio
711 1226 963 1281 sissimi
1014 1226 1297 1279 hominis
1352 1233 1478 1278 tam
1531 1224 1728 1278 obvia
1780 1243 1883 1278 vo·-

197 1302 263 1356 lu
272 1321 309 1354 n
318 1308 339 1353 t
348 1320 381 1353 a
393 1309 416 1353 t
426 1318 454 1354 e
472 1318 596 1353 non
617 1317 655 1370 p
670 1317 701 1351 o
713 1318 738 1352 s
751 1318 775 1352 s
787 1317 815 1352 e
825 1306 863 1350 t.
904 1295 1242 1366 Quamquam
1258 1295 1415 1348 Plato
1433 1304 1710 1366 praeterea
1727 1295 1888 1348 etiam

199 1372 385 1425 maius·
409 1370 661 1441 quiddam
696 1368 971 1440 spectavit.
1008 1367 1326 1421 Informavit
1349 1366 1488 1419 enim
1510 1365 1610 1420 hoc
1632 1366 1748 1419 loco
1773 1367 1888 1420 eius

201 1442 450 1496 amatoris
497 1440 800 1512 imaginem,
847 1439 941 1508 qui
984 1446 1248 1492 contemto
1297 1437 1535 1508 corporis
1569 1437 1697 1490 flore
1732 1437 1888 1490 unice

202 1513 365 1566 animi
399 1511 811 1584 pulcritudinem
833 1510 1141 1574 admiratur,
1176 1527 1338 1579 quam
1362 1507 1617 1579 sapientis
1641 1508 1889 1562 virtutem

116 1655 120 1658 .
200 1602 318 1638 esse
365 1591 524 1636 antea
556 1581 825 1635 Diotimae
868 1580 1103 1636 oratione
1140 1579 1560 1634 demonstratum
1594 1597 1713 1632 esse
1748 1578 1888 1632 vidi-

205 1673 350 1717 mus3
394 1654 523 1723 quin
559 1654 717 1707 etiam
754 1671 876 1705 eum
911 1651 1197 1722 descripsit
1231 1651 1539 1722 sapientem,
1575 1649 1668 1719 qui
1703 1649 1890 1702 amasii

202 1725 451 1778 animum
483 1723 563 1776 adn
593 1723 888 1777 mirabilem
933 1722 1079 1775 illam
1115 1721 1322 1776 divinae
1357 1720 1728 1792 pulcritudinis
1765 1738 1889 1792 spe-

202 1796 340 1850 ciem
375 1794 836 1865 contemplandam
871 1800 1177 1847 convertere
1213 1801 1450 1856 conatur,
1488 1791 1644 1845 sicuti
1668 1797 1891 1861 apparet

203 1886 272 1920 ex
306 1866 411 1919 illis
446 1885 571 1938 pag.
597 1866 716 1918 218.
753 1863 822 1917 Ε.
877 1863 1068 1933 Itaque
1104 1871 1214 1917 toto
1249 1862 1351 1916 hoc
1384 1862 1502 1916 loco
1539 1863 1754 1932 egregie
1791 1861 1888 1914 do-

204 1945 353 1992 cetur
398 1934 672 1990 Socratem
715 1953 886 2004 usque
930 1953 1028 2005 pro
1075 1933 1278 1986 viribus
1335 1933 1406 1986 ad
1449 1950 1714 1986 summum
1758 1930 1890 1984 illud

205 2008 400 2062 amoris
418 2007 622 2079 philoso
661 2006 717 2058 hi
733 2005 1006 2078 fastigium
1025 2004 1361 2058 contendisse
1379 2011 1539 2073 atque
1556 2002 1733 2056 illami
1778 2021 1891 2055 sam

201 2079 518 2145 in.amando
554 2096 618 2130 su
654 2078 931 2130 limitatem
966 2084 1250 2145 sequutum
1284 2093 1418 2138 esse,
1464 2092 1624 2142 quam
1658 2074 1716 2126 in
1807 2073 1887 2126 io-

207 2150 368 2202 timae
403 2149 637 2202 oratione
673 2147 1041 2201 adumbratam
1074 2146 1319 2228 legimus·
1356 2144 1447 2198 Ab
1482 2145 1582 2197 hac
1612 2162 1739 2197 vero
1764 2162 1891 2198 con-

206 2219 456 2272 tinentiae
502 2227 663 2288 atque
709 2217 1089 2288 temperantiae
1133 2237 1191 2269 m
1230 2215 1449 2269 Socrate
1495 2214 1750 2268 elucentis
1795 2214 1890 2267 de-

206 2290 491 2360 scriptione
535 2289 701 2342 facilis
745 2307 873 2341 sane
917 2295 1074 2356 atque
1119 2285 1492 2357 percommoda
1536 2293 1617 2338 est
1653 2285 1891 2338 transitio

205 2361 277 2413 ad
310 2359 719 2431 praedicandam
755 2359 870 2412 eius
905 2357 1280 2421 fortitudinem,
1315 2374 1454 2425 quae
1486 2374 1604 2408 eam
1625 2355 1799 2425 ipsam
1822 2355 1891 2408 ob

209 2450 451 2484 caussam
474 2431 580 2483 iam
603 2450 657 2501 p.
683 2430 803 2482 219.
826 2428 899 2481 D.
935 2447 1043 2482 una
1079 2447 1200 2482 cum
1237 2427 1542 2496 σωφροσύνῃ
1573 2443 1890 2479 commemo-

205 2510 369 2555 ratur.
423 2500 713 2555 Enimvero
759 2500 852 2569 qui
893 2499 1203 2553 iracundam
1245 2496 1407 2550 animi
1442 2505 1649 2567 partem
1687 2495 1800 2550 sive
1835 2498 1890 2547 τὸ

206 2573 410 2641 θυμικὸν
446 2572 520 2624 ita
557 2570 785 2635 cohibet,
821 2570 963 2641 regit
998 2589 1060 2623 ac
1093 2568 1412 2632 moderatur,
1449 2575 1511 2620 ut
1545 2566 1739 2620 rationi
1773 2566 1890 2638 opi-

208 2644 404 2696 tuletur
436 2643 672 2711 eiusque
715 2648 1002 2712 praecepta
1049 2649 1263 2693 strenue
1308 2645 1525 2701 tutetur,
1571 2638 1617 2690 is
1652 2637 1894 2690 Platonis

209 2713 470 2767 sententia
511 2713 660 2770 fortis
707 2720 789 2765 est
831 2720 990 2780 atque
1023 2710 1419 2782 magnanimus3
1468 2709 1535 2761 de
1581 2726 1687 2778 qua
1720 2707 1892 2779 philo-

211 2784 364 2855 sophi
412 2783 668 2838 sententia
717 2782 775 2836 in
816 2782 968 2837 libris
1013 2781 1080 2834 de
1127 2781 1325 2852 optima
1369 2780 1579 2833 civitate
1624 2779 1895 2846 eleganter

211 2856 474 2925 explicata
517 2854 904 2925 disputavimus
947 2852 1198 2924 Prolegg.
1243 2851 1313 2904 ad
1354 2850 1491 2904 Rem
1533 2890 1545 2903 .
1591 2869 1646 2920 p.
1676 2847 1895 2902 XXXI

213 2943 328 2993 sqq.
398 2923 576 2990 Quam
619 2924 857 2994 quidem·
881 2924 1134 2978 virtutem
1187 2922 1347 2975 etiam
1389 2940 1487 2992 per
1513 2929 1630 2975 ecto
1676 2919 1895 2973 amatori

211 2994 481 3065 propriam
517 3013 634 3048 esse
670 3002 931 3064 oportere,
968 2994 1025 3046 id
1060 3011 1184 3046 vero
1218 3011 1372 3047 nemo
1407 2991 1646 3064 negabit,
1684 2991 1774 3059 qui
1797 3007 1895 3059 per

214 3084 332 3119 eam
376 3064 727 3117 continentiae
773 3072 931 3134 atque
978 3064 1354 3134 temperantiae
1395 3062 1550 3133 quasi
1591 3061 1699 3114 vim
1744 3078 1893 3112 suam

214 3144 374 3204 atque
409 3133 574 3187 robur
610 3134 860 3188 accedere
895 3153 951 3187 re
991 3134 1235 3188 utaverit.
1269 3134 1460 3203 Itaque
1484 3129 1893 3204 prudentissime

213 3204 520 3260 Alcibiades
554 3204 908 3258 laudationem
979 3205 1169 3258 ocratis
1204 3205 1280 3258 ita
1313 3205 1446 3267 finit,
1482 3211 1543 3256 ut
1574 3200 1783 3269 copiose
1807 3218 1893 3253 or-

139 3322 142 3323 .
215 3284 444 3346 nateque
483 3283 731 3345 exponat,
769 3283 964 3344 quanta
996 3275 1083 3329 ille
1121 3295 1230 3330 sem
1271 3294 1328 3330 er
1363 3272 1600 3328 fueritin
1622 3269 1893 3324 laboribus

216 3346 540 3418 perferendis
576 3345 886 3411 constantia,
919 3346 978 3401 in
1015 3346 1213 3400 toleran
1251 3347 1297 3401 is
1332 3341 1596 3400 aerumnis
1619 3340 1892 3413 patientia,
