2158 3718
381 119 792 176 APOLOGIA
829 116 1230 174 SOGRATIS.
1283 117 1345 169 P.
1384 120 1469 172 41.
1511 117 1591 171 St.
1750 117 1847 169 162)

151 291 251 326 τον
291 267 320 326 ὁ
353 266 610 331 θάνατός
632 269 760 329 ἐστι’,
793 269 980 338 κέρδος
1023 273 1181 336 ἔγωγε
1208 269 1340 334 λέγω
1363 282 1376 295 ·
1432 260 1654 335 καὶγὰρ
1690 260 1853 316 οὐδὲν

150 358 351 410 πλείων
396 349 426 407 ὀ
471 354 581 414 πᾶς
619 349 820 421 χρόνος
864 356 1124 425 φαίνεται
1169 346 1314 405 οὕτω
1377 345 1445 415 δὴ
1496 346 1635 401 εἶναι
1678 343 1710 412 ἢ
1755 350 1855 416 μία

153 437 265 504 νύξ.
310 443 355 492 εὶ
399 433 453 490 δ’·
490 427 562 488 αὖ
606 433 727 489 οἷον
775 432 1138 506 ἀποδημῆσαί
1178 441 1327 489 ἐστιν
1371 430 1400 488 ὁ
1448 431 1714 494 θάνατος
1772 436 1855 484 ὲν-

154 525 322 577 θὲνδε
367 526 441 583 εἰς
485 517 661 574 ἄλλον
707 516 913 583 τόπον,
971 522 1063 573 καὶ
1118 517 1315 585 ἀληθῆ
1363 524 1474 571 ἐστι
1520 513 1590 569 τὰ
1635 511 1858 585 λεγόμε-

155 629 242 670 νοι,
289 603 361 667 ὡς
404 601 516 671 ἄρα
562 610 666 659 ἐκεῖ
709 606 843 657 εἰσὶν
886 602 1132 667 ἅπαντες
1167 607 1221 658 οἱ
1266 603 1600 670 τεθνεῶτες,
1647 604 1701 653 τί
1742 608 1857 668 μεῖ-

157 695 254 757 ζον
312 686 548 756 ἀγαθὸν
606 685 810 742 τούτου
856 687 937 754 εἴη
977 686 1076 753 ἄν,
1126 678 1411 755 ὦλᾶνδρες
1464 687 1757 748 δικασταί,·
1814 688 1859 737 εὶ

155 772 264 844 γάρ
310 793 391 835 τις
439 769 782 845 ἀφικόμενος
836 778 909 835 εὶς
954 770 1181 842 Ἅιδου,
1237 769 1589 840 ἀπαλλαγεὶς
1644 766 1860 822 τούτων
1896 775 1961 827 41

157 860 268 912 τῶν
312 855 643 930 φασκόντων
688 859 959 911 δικαστῶν
1003 855 1159 920 εἶναι,
1201 853 1417 926 εὑρήσει
1442 850 1576 917 τούς
1613 850 1686 916 ὡς
1723 851 1861 917 άλη-

161 943 288 1005 θῶς
329 940 603 1004 δικαστάς,
649 962 802 1009 οιπερ
847 943 939 995 καὶ
982 943 1235 1009 λέγονται
1278 946 1384 993 ἐκεῖ
1426 937 1693 1004 δικάζειν,
1749 938 1861 990 Μί-

162 1048 267 1088 νως
306 1046 361 1078 τε
417 1028 507 1077 καὶ
545 1025 610 1079 ‘1
607 1022 950 1094 αδαμανθυς
1003 1026 1096 1077 καὶ
1139 1020 1354 1086 Αἰακὸς
1413 1026 1503 1077 καὶ
1558 1018 1862 1090 Τριπτόλε-

276 1187 327 1230 Ρ.
357 1186 428 1229 41.
495 1184 702 1226 τούτων
743 1188 842 1225 τῶν
874 1188 1063 1240 φασκ.]
1127 1186 1202 1226 Sic
1234 1198 1328 1226 cum
1364 1185 1559 1226 Stobaeo
1593 1191 1637 1225 et
1668 1185 1862 1225 Eusebio

163 1244 289 1287 codd.
330 1244 482 1296 optimi
521 1258 597 1298 pro
632 1245 746 1297 vulg
789 1245 968 1284 τουτωνὶ
996 1258 1028 1283 τ.
1065 1258 1111 1295 φ.
1174 1243 1280 1283 Dein
1320 1238 1394 1284 ὥς
1419 1248 1518 1283 ante
1558 1238 1736 1295 ἅληθως
1775 1256 1862 1284 οηι.

162 1303 266 1344 Par.
298 1301 377 1343 DS
391 1301 443 1344 Τ.
477 1308 519 1343 et
549 1308 662 1343 teste
694 1302 942 1343 Bekkero
973 1301 1162 1355 quidem,
1195 1301 1474 1342 dissentiente
1504 1301 1723 1352 Bastio,
1760 1301 1863 1341 V.en

163 1363 209 1402 b.
223 1361 357 1403 vind.
382 1360 420 1401 b.
451 1361 684 1402 Eieceruut
703 1359 981 1411 'ruricenses‚
1016 1360 1178 1409 iniuria,
1210 1358 1386 1412 opinor3
1419 1365 1461 1399 et
1479 1359 1622 1400 firmat
1643 1354 1702 1398 ὥς
1735 1359 1863 1399 etiam

165 1418 398 1460 Stobaeus.

168 1557 319 1612 κρύοις
345 1555 517 1612 χρόνον.
555 1556 664 1600 Ibid.
697 1558 824 1602 1096.
871 1572 968 1612 τρυ-

167 1617 377 1669 χομένους
408 1613 483 1656 τὸν
513 1613 650 1656 πάντα
678 1612 852 1667 χρόνον.
906 1618 969 1658 De

168 1676 278 1729 Rep.
308 1678 363 1717 Χ.
394 1688 435 1728 p.
470 1674 568 1717 618.
606 1674 666 1713 Β-
696 1670 720 1713 ὁ
759 1674 842 1714 πᾶς
881 1677 968 1715 κίν-

172 1732 317 1773 δυνος.
349 1733 484 1785 Gorg.
520 1747 558 1785 p.
587 1730 686 1775 470.
718 1733 770 1773 E.
802 1734 855 1775 ni.

174 1905 424 1959 δάμανθυ
438 1918 459 1946 s
482 1906 825 1959 uzi.]Atte11das
843 1920 978 1959 quae-

173 1981 224 2008 so
259 1964 574 2020 appositionem
610 1978 714 2006 casu
754 1963 976 2018 pronomi-

175 2025 242 2066 nis
290 2022 458 2065 reintiii
503 2022 677 2073 factam,
720 2036 849 2075 quum
892 2021 979 2075 pri-

175 2082 311 2125 maria
342 2093 441 2136 pars
465 2081 669 2121 enuntiati
700 2082 892 2132 requirat
909 2092 981 2119 ac-

175 2139 425 2181 cusatimm
485 2136 557 2177 Sic
590 2137 805 2179 Phaedon.
839 2151 878 2205 p.
913 2137 983 2180 6.ss

456 1848 638 1889 Μίνως
679 1863 728 1889 τε
768 1850 848 1889 καὶ
877 1845 973 1889 Ῥα-

177 2198 231 2239 Ε.
264 2197 343 2236 καὶ
367 2189 630 2246 τότε-ημῖν
661 2195 776 2235 ἔσται
814 2186 868 2234 οὗ
895 2192 983 2234 ε’πι-
1016 2199 1019 2201 “

91 2303 103 2309 ,
178 2254 424 2304 θυμοῦμεν,
471 2275 526 2281 -—-
586 2251 866 2306 φρονήσεως,
914 2252 983 2291 ubi

178 2312 484 2377 Fischerus
528 2322 610 2350 non
658 2311 844 2352 debebat
893 2323 984 2350 am-

181 2369 322 2439 plecti
345 2365 570 2436 φρόιησιε.
590 2367 790 2421 Sympos.
823 2382 861 2437 p.
882 2367 983 2410 206.

183 2433 235 2470 Α.
268 2422 398 2467 ουδέν
429 2440 477 2479 γε
508 2422 608 2465 ἄλλο
647 2424 760 2466 ἐστὶν
797 2418 853 2466 οὗ
881 2423 986 2478 ἐρεῦ-

183 2498 250 2526 ow
296 2481 547 2536 ἅνθρωποι,
598 2479 624 2535 ἢ
671 2485 750 2524 τοῦ
795 2479 986 2555 ἅχαθοῦ.

181 2543 316 2597 Hipp.
350 2542 456 2583 Mai.
503 2555 542 2594 p.
578 2542 675 2586 281.
711 2542 765 2583 C.
809 2544 851 2582 τί
886 2555 988 2582 ποτε

184 2598 231 2640 τὸ
263 2601 410 2648 αἴτιοι,
443 2594 506 2639 ὅτι
540 2599 585 2639 οί
613 2601 782 2640 παλαιοὶ
822 2598 989 2646 ἐκεῖνοι

187 2653 248 2699 ὧν
284 2654 471 2708 ὀνόματα
508 2654 665 2711 μεγάλα
710 2656 870 2711 λέγεται
921 2656 987 2698 ἐπι

184 2717 338 2772 σοφίᾳ,
371 2714 584 2756 Πιττακοῦ
616 2730 658 2756 τε
690 2717 757 2756 καὶ
791 2714 988 2764 Βιάιτος,

186 2798 243 2806 -
276 2773 500 2826 φαινονται
533 2769 786 2826 ἀπεχόμενοι
806 2775 862 2814 τῶ
865 2789 888 2813 ν
909 2788 986 2814 πο-

189 2833 355 2873 λιτικῶν
385 2828 594 2883 πράξεων.
645 2833 736 2872 Alia
770 2832 896 2872 huius
912 2846 987 2885 ge-

189 2890 300 2932 neris
332 2891 527 2942 exempla
561 2891 827 2940 collegerunt
851 2890 985 2930 Wol-

189 2947 297 2989 fius
347 2946 401 2987 ad
455 2946 729 2988 Demosthen.
779 2947 906 3001 Lept.
947 2948 984 3000 ξ.

191 3004 261 3050 15.
292 3003 579 3046 Heindorf.
619 3004 671 3045 ad
714 3003 843 3057 Hipp.
887 3005 983 3047 Mai.

194 3064 233 3116 ξ.
264 3063 304 3105 2.
335 3061 390 3102 ad
419 3061 636 3103 Phaedon.
683 3061 722 3112 ξ.
752 3062 821 3106 30.
861 3063 989 3104 Simi-

196 3122 292 3162 iiter
327 3119 607 3173 Sulpicius
638 3120 679 3159 in
711 3119 847 3164 Cicer.
876 3121 987 3174 Epp.

194 3178 276 3219 IV.
314 3176 357 3219 5.
396 3190 569 3230 genus
607 3175 705 3217 hoc
742 3180 989 3220 consola-

197 3234 368 3277 tionis
402 3235 656 3276 miserum
690 3239 799 3285 est,
843 3235 989 3287 quia,

199 3305 290 3347 per
333 3304 476 3346 quos
522 3305 579 3334 ea
622 3292 866 3333 confieri
906 3292 989 3334 de-

199 3352 316 3400 bet,
358 3351 710 3405 propinquos
749 3362 811 3390 ac
841 3350 990 3392 fami-

1053 1559 1221 1602 liares
1273 1558 1378 1611 ipsi
1435 1560 1557 1612 pari
1609 1557 1866 1600 molestia

1054 1616 1403 1658 afficiuntur.
1449 1622 1492 1657 et
1533 1618 1630 1670 ipse
1664 1617 1865 1657 Cicero

1056 1675 1191 1726 Legg.
1226 1674 1263 1713 Ι.
1297 1675 1366 1718 17.
1407 1681 1516 1718 extr.
1577 1675 1779 1718 Ceterum
1814 1675 1868 1714 de

1057 1732 1267 1774 iudicibus
1337 1731 1568 1773 inferorum
1632 1745 1867 1784 eorumque

1061 1790 1308 1832 muneribus
1370 1791 1571 1843 egregins
1624 1793 1742 1832 iocus
1802 1797 1870 1830 est

1061 1850 1199 1900 Gorg.
1232 1862 1270 1900 p.
1302 1846 1402 1891 523.
1433 1849 1485 1888 Ε.
1515 1862 1605 1902 sqq.
1639 1850 1770 1891 Quod
1793 1861 1868 1888 au-

1063 1913 1146 1948 tem
1166 1905 1466 1958 Triptolemus
1499 1912 1542 1947 et
1573 1908 1638 1947 aiii
1673 1906 1869 1953 heroum,

1063 1964 1135 2017 qui
1178 1963 1306 2004 vitam
1333 1964 1462 2005 iuste
1499 1970 1734 2016 sancteque
1766 1978 1871 2016 ege-

1067 2022 1163 2071 rint,
1203 2021 1242 2061 in
1274 2034 1452 2062 numero
1487 2021 1676 2062 iudicum
1708 2021 1873 2062 infero-

1065 2092 1157 2119 rum
1193 2078 1272 2119 hoc
1306 2080 1403 2119 ioco
1434 2085 1671 2132 ponuntur,
1721 2093 1769 2119 ea
1808 2079 1873 2119 vi-

1066 2136 1193 2176 detur
1223 2136 1359 2176 fuisse
1403 2137 1539 2188 piebis
1571 2137 1748 2176 Atticae
1781 2137 1873 2190 opi·

1067 2195 1162 2244 nio,
1204 2206 1312 2245 quae
1347 2194 1537 2234 fortasse
1570 2207 1621 2234 ex
1654 2194 1871 2246 mysteriis

1066 2252 1300 2292 Eleusiniis
1331 2251 1370 2290 in
1395 2253 1546 2303 vuigns
1568 2251 1875 2293 dimanaverat.

1066 2309 1240 2350 Etenim
1275 2309 1571 2361 Triptoiemns
1610 2321 1693 2350 non
1734 2310 1875 2350 soium

1070 2366 1372 2420 agriculturam
1394 2365 1683 2407 Athenienses
1705 2366 1879 2407 docuis-

1073 2439 1119 2465 se
1158 2423 1396 2475 ferebatur‚
1442 2423 1517 2464 sed
1558 2424 1709 2466 iisdem
1750 2425 1877 2465 etiam

1073 2484 1193 2531 ieges
1211 2483 1359 2522 tulisse
1381 2482 1739 2534 sapientissimas,
1766 2481 1879 2522 unde

1072 2537 1362 2593 θεσμοφόροε·
1410 2539 1551 2580 dictus
1597 2545 1678 2581 est.
1744 2540 1878 2580 Dixe-

1072 2602 1170 2639 runt
1209 2597 1262 2638 de
1306 2596 1387 2638 hoc
1434 2599 1529 2637 ioco
1581 2597 1877 2638 WeIkerus

1073 2657 1111 2697 in
1147 2656 1276 2696 iibroz
1311 2654 1644 2696 Zeitsciirift
1666 2655 1877 2696 fiiralte

1073 2715 1241 2755 Kunst
1275 2715 1302 2755 Ι.
1338 2713 1378 2756 1.
1423 2725 1464 2764 Ρ.
1499 2711 1597 2756 134.
1644 2719 1686 2754 et
1718 2714 1877 2754 Creu-

1073 2784 1235 2813 zerus
1266 2770 1507 2823 mytholog.
1539 2770 1593 2811 T.
1621 2770 1691 2812 lV.
1724 2785 1767 2824 p.
1794 2771 1875 2814 101

1073 2844 1135 2882 sq.
1171 2833 1397 2869 Praeterea
1430 2841 1534 2868 vero
1565 2828 1678 2881 qnod
1708 2829 1880 2870 additur

1073 2887 1139 2928 καὶ
1177 2884 1294 2926 ἄλλοι
1326 2886 1407 2925 κτλ.
1449 2885 1621 2927 videtur
1652 2887 1730 2928 hoc
1762 2885 1875 2928 refe-

1070 2943 1250 2987 rendum
1283 2957 1380 2984 esse
1420 2944 1472 2984 ad
1506 2945 1722 2997 vulgarem
1760 2945 1874 2985 iiiam

1073 3004 1336 3056 opinionem,
1368 3014 1451 3054 qna
1486 3015 1560 3041 sua
1593 3003 1769 3055 quisque
1801 3014 1874 3041 ne-

1071 3062 1207 3113 gotia,
1238 3072 1352 3111 quae
1382 3060 1501 3099 vivus
1531 3059 1712 3110 obierat,
1747 3060 1875 3099 etiam

1073 3118 1183 3170 apud
1233 3115 1392 3157 inferos
1437 3118 1559 3158 obire
1603 3117 1877 3159 credebatur.

1074 3174 1363 3228 Cogitandum
1409 3181 1476 3216 est
1525 3175 1652 3227 igitur
1703 3175 1875 3216 omnino

1075 3232 1130 3274 de
1163 3233 1302 3284 legum
1343 3232 1547 3272 latoribus
1585 3237 1627 3274 et
1666 3231 1875 3273 iudicibus

1075 3289 1307 3342 sapientiae
1353 3294 1396 3330 et
1438 3291 1606 3334 virtutis
1646 3292 1770 3334 laude
1803 3303 1874 3331 ce-

1076 3347 1266 3391 lebratis.
