2222 3762
293 149 694 204 PLATONIS
735 150 1221 205 APOLOGIAM
1263 150 1665 207 SOCRATIS.
1757 155 1824 206 45

135 295 180 345 1.
221 295 252 346 ‘2
290 292 571 362 (Bekkero
620 292 703 360 Υ)
744 294 792 345 3.
831 297 881 344 4.
924 296 971 345 Ξ).
1013 294 1062 345 6.
1102 292 1382 363 (Bekkero
1418 296 1516 360 (1)).
1557 293 1738 346 Flor.
1778 313 1824 346 a.

129 363 180 416 b.
222 383 268 417 c.
307 363 360 417 d.
398 382 444 415 e.
481 382 533 432 g.
569 362 620 418 h.
658 363 691 414 i.
742 364 969 417 Vatic.
1020 364 1279 416 Zittav,
1331 365 1575 435 Angel.
1615 384 1667 420 u,
1708 365 1826 417 Pa-

127 435 247 488 ris.
297 431 741 487 BCDEHST.
796 443 851 487 et
901 455 964 506 g,
1033 454 1342 504 quanquam
1394 435 1460 487 de
1510 435 1613 488 hoc
1676 435 1830 499 aliter

127 505 493 559 Bekkerus
531 505 584 557 in
624 505 871 559 Elencho
911 506 1089 559 Codd.
1127 526 1197 577 p..
1222 506 1297 558 X.
1321 547 1335 572 ‚
1377 514 1439 559 ut
1472 507 1710 560 voluisse
1750 507 1829 559 vi·-

130 576 327 630 deatur
364 574 604 643 Ricard.‚
647 595 807 644 quem
848 594 874 646 g
911 577 1165 649 signavit.
1203 599 1254 630 v.
1296 576 1661 631 Commentar.
1689 577 1828 632 Crit.

129 648 193 700 T.
233 647 276 701 I.
318 668 373 718 p.
412 646 551 701 VII.
589 648 771 700 Praef.

269 787 741 845 Bjodleianum
768 807 812 843 s,
843 785 1336 843 Clarckianum
1362 790 1602 843 excussit
1630 787 1829 843 Gais-

127 859 424 914 fordius.
485 859 851 913 Parisinos
902 859 1352 914 BCDEHST.
1406 860 1702 915 Coislin.
1745 865 1828 929 12,

129 931 574 1002 Angelicum,
627 934 720 1000 qui
773 931 952 983 littera
987 953 1024 984 u
1061 933 1308 1003 signatus
1347 940 1464 1001 est,
1516 933 1830 985 Venetos

130 1005 287 1070 .-ΙΞ.,
332 1002 691 1055 etincertum
718 1019 763 1070 g,
804 1002 920 1054 Im.
946 1001 994 1053 B
1013 1003 1142 1055 ekk
1160 1022 1317 1056 erus
1355 1003 1602 1071 contulit,
1643 1003 1737 1071 qui
1762 1002 1831 1055 de

130 1074 196 1127 iis
245 1072 502 1143 exposuit
570 1072 625 1124 in
687 1072 878 1126 Indice
928 1072 1213 1126 Codicum.
1303 1074 1422 1128 Nos
1485 1074 1830 1127 adhibuimus

129 1143 733 1198 Vindobonenses
789 1146 835 1195 1.
879 1145 927 1197 2.
969 1147 1019 1198 3.
1057 1148 1107 1197 4.
1148 1148 1196 1197 5.
1239 1148 1287 1197 6.
1339 1164 1371 1197 a
1422 1145 1674 1198 Bastio
1739 1164 1831 1197 ex—

131 1211 350 1283 cussos,
402 1213 470 1267 de
523 1215 751 1284 quibus,
802 1215 966 1269 sicuti
1016 1215 1084 1268 de
1131 1216 1355 1287 reliquis
1404 1216 1557 1270 libris
1607 1236 1638 1268 a
1670 1216 1832 1270 nobis

130 1287 363 1357 primum
411 1287 723 1356 usurpatiS‚
775 1289 931 1341 Tom.
979 1287 1117 1340 XII.
1177 1288 1234 1340 in
1283 1287 1534 1341 Platonis
1587 1286 1830 1358 Operum

132 1357 263 1411 edit.
301 1357 578 1428 Lipsiensi
615 1378 666 1428 p.
707 1359 798 1412 ΠΙ
839 1378 960 1429 sqq.
1017 1360 1368 1413 narravimus.
1442 1359 1600 1412 Duos
1639 1359 1832 1412 horum

133 1427 648 1482 Vindobonensium
664 1430 952 1501 usurpavit
963 1431 1123 1483 etiam
1139 1430 1166 1482 I
1177 1451 1246 1484 m.
1263 1430 1310 1482 B
1325 1450 1353 1483 e
1365 1430 1451 1483 kk
1466 1450 1493 1484 c
1507 1451 1535 1483 r
1546 1451 1583 1484 u
1597 1450 1642 1499 S,
1665 1449 1831 1483 unum

136 1502 207 1568 2.,
249 1519 409 1570 quem
446 1500 535 1552 ille
573 1501 784 1554 notavit
814 1503 995 1554 littera
1047 1505 1118 1570 Y..
1162 1501 1388 1562 alterum
1427 1503 1510 1570 b.,
1553 1521 1713 1571 quem
1759 1504 1832 1554 (Ι).

133 1590 252 1625 esse
303 1571 493 1624 voluit.
568 1572 690 1625 Nos
744 1573 800 1625 in
851 1573 934 1627 his
985 1573 1238 1626 notandis
1291 1574 1493 1627 nostris
1543 1574 1695 1645 siglis
1745 1573 1833 1625 usi

131 1660 335 1696 sumus.
408 1643 703 1696 Praeterea
751 1644 883 1698 Bas
901 1644 988 1697 tii
1041 1644 1344 1698 industriae
1382 1645 1669 1699 debuimus
1706 1645 1834 1698 Ve-

131 1721 340 1767 netos
387 1712 583 1768 litteris
633 1734 680 1768 a.
731 1723 787 1768 et
837 1718 890 1771 b.
946 1723 1182 1769 notatos.
1275 1717 1490 1769 Horum
1556 1716 1724 1770 altero
1779 1716 1832 1768 b.

132 1785 296 1838 etiam
331 1784 443 1839 Im.
480 1785 859 1842 Bekkerus
897 1806 1030 1841 usus
1067 1795 1168 1855 est,
1207 1787 1472 1859 insignito
1510 1788 1615 1858 ipsi
1653 1788 1836 1840 littera

134 1859 246 1921 [1.;
277 1856 375 1913 ,cui
409 1857 691 1926 praeterea
729 1859 891 1912 etiam
926 1867 1146 1930 praesto
1184 1859 1406 1912 fuerunt
1443 1858 1551 1912 duo
1591 1859 1683 1912 alii
1719 1859 1833 1912 Ve-

131 1927 271 1996 neti,
312 1945 448 1997 quos
487 1928 554 1981 ab
588 1928 708 1998 ipso
748 1935 805 1984 A
825 1934 886 1989 Ξ.
945 1938 1172 1984 vocatos
1212 1949 1332 1984 esse
1370 1939 1532 1984 antea
1568 1930 1835 1984 indicavi-

131 2018 269 2053 muS.
344 1999 518 2052 Porro
556 1999 901 2055 adhibuimus
941 2001 1136 2054 librum
1174 2002 1596 2055 Vaticanum
1633 2003 1765 2054 item
1803 2020 1836 2053 a

131 2070 386 2124 Bastio
435 2089 755 2136 excussum3
819 2073 1361 2139 Zittaviensem‚
1421 2093 1487 2127 ex
1537 2092 1646 2142 quo
1705 2073 1834 2125 Ru-

134 2140 451 2210 dolphus
490 2143 762 2213 excerpsit
801 2145 975 2197 varias
1001 2143 1295 2209 lectiones3
1334 2144 1650 2198 Palatini
1687 2144 1836 2214 frag-

131 2220 320 2264 menta
367 2230 400 2263 a
449 2209 806 2267 Creuzero
871 2214 1178 2285 publicata3
1245 2223 1301 2268 et
1362 2215 1832 2269 Florentinos

136 2290 290 2350 oct0‚
333 2300 565 2350 quorum
597 2283 937 2338 collationem
973 2283 1029 2338 J.
1069 2286 1139 2338 A.
1181 2283 1243 2342 C.
1279 2285 1713 2358 Weigelius‚
1752 2285 1838 2338 vir

134 2352 574 2422 honestissimus,
629 2373 662 2407 a
710 2353 827 2409 Cel.
863 2357 1079 2414 Furia
1115 2357 1535 2427 impetraverat,
1590 2357 1837 2428 signatos

133 2424 256 2479 illos
312 2424 410 2491 iis,
470 2443 605 2493 quas
666 2444 831 2497 supra
891 2427 1205 2497 posuimus,
1270 2429 1573 2482 litterarum
1631 2429 1836 2482 formiS.

136 2493 380 2558 Collatos
419 2494 587 2566 igitur
621 2495 692 2549 ad
713 2498 1047 2571 Apologiam
1076 2498 1336 2554 habemus
1362 2501 1580 2554 codices
1607 2500 1839 2571 triginta

135 2587 301 2620 unum
338 2566 426 2620 vel
463 2566 598 2620 duo:
651 2569 747 2637 qui
785 2578 1054 2639 quatenus
1087 2570 1231 2623 inter
1268 2591 1326 2624 se
1365 2571 1453 2625 vel
1490 2570 1839 2625 consentiant

133 2638 222 2691 vel
260 2637 588 2699 dissentiant
625 2646 680 2692 et
717 2643 904 2708 quanti
928 2641 1249 2695 aestimandi
1288 2644 1415 2712 sint,
1457 2643 1712 2712 quoniam
1749 2642 1837 2695 vel

135 2708 272 2763 levis
322 2709 501 2762 variae
552 2711 858 2780 scripturae
907 2713 1273 2768 consideratio
1338 2714 1530 2782 docet,
1593 2733 1704 2767 non
1752 2720 1838 2767 est

139 2800 234 2833 cur
269 2779 373 2833 hoc
411 2779 533 2833 loco
572 2800 923 2852 exponamus.
975 2783 1120 2837 Illud
1150 2804 1317 2838 unum
1349 2785 1696 2839 admonuisse
1724 2804 1838 2838 non

138 2870 601 2922 supervacaneum
643 2853 762 2922 erit,
803 2874 902 2910 nos
940 2855 1161 2926 optimis
1201 2856 1440 2925 quidem⁷
1479 2857 1651 2911 veluti
1687 2855 1838 2909 Bod-

134 2923 333 2988 leiano,
365 2923 634 2976 Vaticano
673 2931 729 2977 et
752 2925 894 2980 Ven.
923 2928 993 2995 b.,
1033 2927 1343 2998 plurimum,
1374 2947 1476 2982 nec
1501 2947 1631 2981 vero
1657 2928 1839 2981 omnia

136 2994 422 3060 tribuisse,
473 2993 916 3066 quandoquidem
964 2999 1044 3051 illi
1095 3017 1314 3068 quoque
1365 2999 1838 3070 grammaticorum

139 3065 511 3118 recensionem
549 3066 820 3136 referunt,
872 3089 1010 3139 quae
1047 3070 1116 3122 ad
1155 3070 1399 3123 criticam
1436 3070 1837 3141 probabilitatis

138 3135 311 3206 legem
349 3137 676 3206 comparatis
715 3139 875 3193 etiam
924 3141 1044 3194 aliis
1085 3139 1335 3195 codicum
1374 3142 1659 3211 scripturis
1700 3161 1839 3195 sem—

137 3225 233 3276 per
271 3211 324 3259 et
361 3206 566 3276 ubique
604 3210 964 3268 examinanda
1001 3219 1100 3266 est.
