2222 3762
352 165 496 220 XIV

352 309 422 362 ad
471 309 602 363 boni
650 307 976 377 honestique
1026 324 1273 374 sensum,
1338 324 1500 376 quem
1559 307 1807 362 omnibus
1856 317 2052 364 natura

352 381 531 434 inesse
593 379 989 446 arbitrabatur,
1047 378 1234 432 retulit
1282 382 1543 446 tanquam
1593 378 1664 431 ad
1709 379 2050 444 verissimum

353 451 821 520 certissimumque
869 449 1120 505 iudicem.
1209 448 1327 501 Iam
1377 467 1542 518 quum
1597 449 1885 522 disciplina
1931 452 2047 509 eius

354 523 440 576 vel
466 520 848 589 referreturfad
878 519 1201 574 refellendos
1227 518 1524 590 sophistas,
1550 522 1637 574 vel
1663 530 1938 594 spectaret
1961 543 2046 594 e0,

351 602 413 647 ut
460 593 770 664 aequalium
821 592 984 645 animi
1030 610 1190 643 verae
1237 590 1536 661 sapientiae
1589 601 1642 646 et
1686 593 1905 648 virtutis
1955 614 2048 649 co-

351 666 599 737 gnitione
629 665 1018 730 imbuerentur,
1056 663 1114 714 in
1142 661 1471 732 disputando
1498 683 1620 717 cum
1644 665 1819 718 ironia
1854 666 2047 720 uteba—

349 745 466 806 tur,
522 737 724 808 quippe
777 754 917 804 quae
966 734 1258 803 plurimum
1302 732 1508 788 valeret
1554 735 1625 787 ad
1660 735 1916 790 ridendas
1958 756 2048 791 so-

348 808 651 880 phistarum
689 805 1060 858 fraudulentas
1099 811 1270 872 artes,
1327 811 1443 863 tum
1495 806 1864 861 obstetriciam
1899 808 2047 862 illam

348 888 520 932 artem
557 877 870 944 adhibebat,
910 875 1063 929 cuius
1102 895 1224 946 ope,
1266 895 1396 929 suae
1441 876 1562 947 ipse
1598 878 1897 949 sapientiae
1936 878 2047 934 dis-

349 949 630 1005 simulator
666 947 1156 1019 prudentissimuS,
1213 966 1279 1000 ex
1318 948 1511 1002 animis
1550 968 1767 1019 eorum,
1822 949 2046 1020 quibus-

348 1042 472 1075 cum
511 1020 843 1087 disserebat,
884 1019 1154 1087 notioneS,
1196 1037 1334 1089 quae
1373 1027 1536 1073 antea
1573 1021 1730 1090 quasi
1766 1020 2047 1075 involutae

346 1093 672 1161 iacuissent,
721 1092 799 1144 ita
836 1090 1117 1158 eliciebat,
1168 1098 1230 1142 ut
1287 1110 1425 1160 quae
1461 1091 1541 1144 illi
1594 1091 1883 1161 dicebant,
1937 1092 1955 1144 i
1999 1092 2047 1146 si

346 1164 648 1235 reperisse,
705 1182 815 1215 non
854 1181 885 1214 a
923 1160 1148 1217 Socrate
1186 1161 1446 1215 didicisse
1486 1162 1816 1216 viderentur.
1891 1163 1940 1217 E
1987 1183 2043 1218 e-

347 1236 423 1290 cit
459 1242 638 1288 autem
674 1241 729 1287 et
768 1240 1185 1304 praeceptorum
1233 1234 1433 1287 veritas
1471 1253 1535 1287 ac
1572 1234 1939 1305 praestantia,
1989 1242 2045 1289 et

345 1305 649 1361 disserendi
687 1306 828 1358 ratio
867 1323 1092 1376 prorsus
1129 1303 1492 1374 admirabilis,
1531 1313 1595 1359 ut
1631 1306 1748 1360 eius
1783 1305 1976 1365 laudes
2012 1327 2045 1360 a

345 1379 555 1432 civibus
603 1377 716 1431 suis
762 1377 987 1431 mirifice
1034 1376 1438 1430 celebrarentur
1489 1377 1773 1448 ipsiusque
1812 1395 2043 1432 consue-

344 1450 479 1503 tudo
540 1449 608 1502 ab
673 1447 1116 1506 adolescentibus
1183 1449 1482 1519 sapientiae
1530 1448 1791 1503 studiosis
1843 1447 2043 1521 cupide

343 1527 707 1593 appeteretur.
793 1519 868 1573 Et
916 1518 1370 1591 quemadmodum
1420 1521 1503 1574 vis
1556 1520 1825 1586 veritatis,
1887 1520 2043 1575 cuius

342 1593 444 1646 fuit
491 1592 926 1661 amantissimus,
977 1591 1207 1644 multum
1255 1592 1430 1645 valuit
1471 1591 1540 1645 ad
1579 1591 1888 1662 aequalium
1923 1599 2042 1646 stu-

344 1664 433 1718 dia
469 1663 758 1717 excitanda
797 1672 852 1717 et
885 1662 1308 1733 commovenda,
1358 1664 1434 1716 ita
1470 1663 1634 1716 etiam
1672 1663 1905 1716 maxima
1939 1663 2043 1717 fuit

342 1736 590 1804 virtutiS,
646 1736 800 1789 cuius
850 1735 1008 1805 quasi
1057 1735 1334 1805 exemplar
1381 1734 1658 1805 quoddam
1706 1735 1764 1787 in
1826 1733 1889 1788 eo
1946 1754 2039 1788 ex-

382 1826 591 1862 ressum
645 1808 999 1876 cernebatur,
1064 1805 1311 1860 efficacia
1361 1806 1431 1859 ad
1480 1806 1756 1860 hominum
1811 1806 2039 1861 animos.

340 1828 487 1933 {Iam
525 1897 589 1932 ea
626 1886 743 1932 erat
778 1880 881 1932 viri
916 1879 1192 1950 probitas,
1248 1897 1314 1931 ea
1351 1879 1694 1947 innocentia,
1737 1897 1800 1931 ea
1838 1877 2040 1931 sancti·-

338 1959 454 2018 tas,
494 1957 556 2003 ut
594 1950 880 2020 omnibus,
922 1969 1152 2020 quorum
1190 1950 1354 2003 animi
1392 1970 1503 2003 non
1543 1956 1727 2004 essent
1763 1947 2040 2021 praeiudi-

339 2022 474 2076 catis
514 2022 863 2093 opinionibus
902 2022 1186 2093 occupati,
1239 2021 1534 2075 clarissime
1573 2039 1837 2093 apparere
1873 2019 2039 2075 debe-

338 2101 451 2162 ret,
515 2101 775 2163 quantum
825 2095 941 2148 eius
988 2093 1258 2164 sapientia
1311 2100 1598 2164 superaret
1642 2093 1900 2146 virtutem
1949 2111 2038 2146 so-

338 2165 660 2236 phistarum,
702 2166 798 2235 qui
838 2165 1019 2219 omnia
1055 2164 1127 2218 ad
1162 2166 1379 2218 inanem
1419 2164 1691 2234 quandam
1729 2163 2039 2218 referebant

339 2237 639 2307 sapientiae
689 2237 925 2309 speciem
973 2244 1028 2290 et
1076 2237 1193 2290 sola
1238 2235 1487 2289 lucrandi
1538 2233 1837 2306 cupiditate
1886 2233 2038 2291 ducti

338 2307 574 2362 docendi
612 2316 780 2362 artem
819 2308 1230 2380 profitebantur.
1306 2307 1503 2377 Itaque
1525 2307 1684 2360 facile
1710 2312 1896 2377 potest
1924 2305 2037 2359 exi-

336 2379 544 2433 stimari
591 2380 753 2434 huius
804 2379 905 2433 viri
961 2399 1170 2433 summa
1221 2377 1576 2431 admiratione
1626 2384 1680 2431 et
1732 2374 1916 2430 studio
1953 2376 2037 2431 in-

337 2450 668 2504 flammatum
730 2470 850 2504 esse
911 2469 1235 2522 generosum
1294 2449 1541 2502 Platonis
1605 2447 1872 2515 animum,
1941 2448 2037 2518 qui

337 2539 504 2590 quum
566 2540 884 2592 magnarum
946 2520 1387 2589 excelsarumque
1460 2538 1640 2572 rerum
1713 2517 2036 2590 cogitationi

336 2611 549 2662 semper
582 2593 782 2647 infixus
819 2598 965 2645 esset
1002 2598 1057 2644 et
1081 2598 1306 2644 naturae
1331 2590 1603 2646 beneficio
1627 2589 1859 2660 polleret
1882 2608 2033 2644 acer-

335 2664 469 2717 rimo
521 2665 633 2717 veri
679 2663 918 2733 bonique
970 2681 1165 2730 senSU,
1230 2682 1340 2716 non
1389 2668 1600 2733 poterat
1657 2681 1768 2715 nou
1829 2661 2032 2715 sentire

336 2755 503 2806 quum
553 2734 833 2789 doctrinae
852 2774 869 2802 ,
927 2753 1091 2804 quam
1131 2733 1387 2788 Socrates
1423 2732 1702 2800 tradebat,
1743 2733 2031 2786 veritatem

333 2814 498 2877 atque
537 2806 887 2879 dignitatem,
925 2812 1039 2858 tum
1076 2805 1320 2873 rationis,
1399 2825 1522 2858 uam
1559 2803 1648 2857 ille
1686 2805 1743 2856 in
1781 2803 2030 2859 docendo

334 2879 696 2948 sequebatur,
746 2877 855 2931 vim
893 2883 947 2930 et
982 2876 1281 2930 efficaciam
1329 2895 1361 2928 a
1438 2874 1816 2948 coarguendos
1857 2875 2029 2929 homi-

331 2969 460 3003 num
499 2968 708 3004 errores
766 2960 821 3003 et
856 2947 1237 3002 inveniendam
1275 2947 1521 3001 veritatis
1560 2947 1840 3000 rationem.
1914 2946 2028 3001 Ita-

332 3040 438 3091 que
477 3020 796 3075 adolescens
831 3028 1008 3073 totum
1044 3038 1103 3073 se
1143 3018 1358 3075 Socrati
1397 3017 1609 3072 dedidit
1647 3037 1878 3088 eumque
1916 3038 2027 3071 non

331 3093 507 3147 solum
543 3093 636 3146 illo
672 3100 947 3162 tempore,
982 3110 1090 3162 quo
1128 3091 1244 3144 eius
1278 3090 1567 3162 disciplina
1603 3091 1887 3156 utebatur,
1928 3089 2026 3143 sed

333 3164 494 3217 etiam
542 3171 737 3235 postea
785 3171 938 3216 tanta
988 3163 1157 3216 coluit
1207 3162 1442 3233 pietate,
1492 3170 1553 3214 ut
1598 3181 1709 3213 non
1756 3160 1917 3214 modo
1968 3161 2025 3213 in

330 3235 547 3308 scriptis
597 3235 708 3290 suis
758 3234 1047 3288 retinuerit
1099 3233 1434 3288 Socraticam
1499 3230 1801 3286 disserendi
1858 3232 2023 3286 ratio-

327 3326 480 3378 nem,
530 3326 842 3378 quanquam
890 3324 1006 3359 eam
1055 3305 1285 3377 perfecit
1321 3305 1493 3377 magis
1535 3313 1590 3357 et
1625 3302 1697 3356 ad
1730 3302 1861 3357 artis
1898 3322 2022 3356 nor·-

327 3398 469 3432 mam
508 3378 766 3447 excoluit,
804 3397 990 3432 verum
1028 3376 1187 3430 etiam
1229 3376 1510 3433 Socratem
1543 3375 1724 3446 ipsum
1761 3382 2019 3445 tanquam
