2158 3718
200 104 306 157 218
935 106 1255 151 PLATONIS

203 257 294 297 σοι
330 241 575 314 ἁρμονίᾳ
611 244 648 314 ἦ
687 242 832 315 ἄλλῃ
870 246 983 298 τινὶ
1022 246 1293 318 συνθέσει
1329 248 1632 318 προςήκει-ιν
1659 248 1844 314 ἄλλως
1877 267 1996 315 πως

82 324 171 386 ’93
202 330 352 398 ἔχειν
387 327 425 399 ἢ
463 325 539 391 ὥς
576 326 648 382 ἂν
688 329 880 382 ἐκεῖνα
918 330 1042 399 ἔχῃ,
1094 329 1152 393 ἐξ
1190 322 1273 383 οἷν
1310 329 1383 384 ἄν
1420 331 1743 402 ξυγκέηται;
1803 333 1996 389 Οὐδα-

201 417 337 483 μῶς.
417 409 570 468 Οὐδὲ
617 411 730 482 μὴν
767 421 953 466 ποιεῖν
989 431 1062 482 τι,
1101 409 1178 477 ὥς
1215 407 1457 485 ἐγῷμαι,
1497 415 1637 471 οὐδέ
1667 438 1721 472 τι
1758 419 1997 488 πάσχειν

202 496 342 551 ἄλλο
380 496 516 567 παρ’
556 495 593 549 ὁὶ
630 496 703 550 ἂν
742 498 934 550 ἐκεῖνα
971 495 1008 566 ἢ
1045 501 1179 568 ποιῇ
1215 496 1253 567 ἢ
1290 499 1493 570 πάσχῃ.
1554 502 1806 573 Ξυνέφη.
1871 501 1999 558 Οὐκ

202 580 314 652 ἄρα
359 580 630 652 ἡγεῖσθαί
671 576 736 649 γε
773 581 1040 651 προςήκει
1077 579 1357 651 ἁρμονίαν
1405 585 1654 656 τούτων,
1708 586 1765 651 ἐξ,
1805 579 1888 640 ὦν
1925 585 1998 641 ἂν

203 667 481 736 ξυντεθῇ,
539 663 666 718 ἀλλ’
714 666 971 719 ἕπεσθαι.
1048 666 1376 727 Ξυνεδόκει.
1452 673 1688 724 Πολλοῦ
1746 669 1857 742 ἄρα
1913 672 2006 725 δεῖ

203 751 435 805 ἐναντία
471 769 536 818 γε
574 749 854 820 ἁρμονίαν
891 754 1199 820 κινηθῆναι
1224 751 1269 821 ἢ
1295 752 1655 821 φθέγξασθαι
1690 753 1727 824 ἥ
1765 775 1817 809 τι
1856 753 1997 808 ἄλλο

314 909 362 948 Ρ.
385 910 454 950 93.
486 901 554 956 ὣς
577 898 648 950 ὅὶν
668 902 889 960 ἐκεῖνα]
912 908 965 952 V.
991 902 1054 957 ὡς
1075 902 1240 951 ἐκεῖνα
1261 923 1324 951 αν
1346 911 1474 952 codd.
1498 913 1671 966 optimis
1693 913 1855 956 invitis.

316 974 610 1032 ἁρμονίαν
650 977 1002 1047 κινηθῆναι]
1043 979 1220 1020 Plurimi
1242 981 1357 1034 libri,
1380 981 1490 1021 inter
1512 994 1620 1032 quos
1642 988 1707 1023 851
1729 983 1855 1024 etiam
1877 982 1999 1025 Bodl.

201 1030 331 1077 Coisl.
359 1037 469 1078 Ven.
495 1034 547 1077 H
563 1035 671 1078 Tub.
678 1034 869 1087 ,habent
890 1032 1114 1090 ἁρμονία,
1138 1043 1181 1077 111
1203 1038 1468 1091 scripserunt
1488 1039 1738 1082 Tuticenss.

868 1103 890 1118 Φ

202 1178 321 1218 varia
347 1177 466 1220 vitia.
507 1176 714 1225 Quocirca
743 1176 779 1216 si
803 1176 899 1226 quis
928 1183 1061 1229 ponat

202 1235 393 1274 animum
413 1233 620 1274 contineri
640 1231 875 1284 hormonia,
899 1233 937 1272 ei
958 1245 1061 1274 con-

203 1290 442 1331 cedendum
476 1289 570 1330 fore
597 1289 656 1328 ait
689 1289 732 1328 in
769 1289 865 1342 ipsa
894 1288 1062 1330 harmo-

202 1348 272 1387 nia
292 1359 444 1387 rursus
466 1346 594 1386 aliam
616 1346 865 1397 quampiam
885 1344 1058 1386 harmo—

203 1405 318 1445 niam
366 1411 440 1443 aut
488 1402 820 1455 discrepantiam
867 1403 1056 1456 reperiri,

205 1459 418 1512 siquidem
467 1459 647 1499 virtutes
687 1470 738 1498 ac
778 1459 881 1499 vitia
920 1459 1057 1499 conti-

202 1524 385 1557 neantur
405 1516 537 1556 animi
554 1521 760 1555 concentu
778 1515 964 1567 quodam
985 1523 1061 1555 aut

203 1573 504 1626 discrepantia.
546 1571 669 1620 Quod
700 1572 891 1625 profecto
931 1572 1060 1612 intel-

202 1630 359 1683 legitur
386 1640 579 1682 pugnare
611 1640 709 1668 cum
740 1641 804 1680 eo,
836 1628 952 1680 quod
980 1641 1059 1669 an-

201 1695 274 1728 tea
305 1693 394 1727 erat
420 1685 675 1736 indicatum,
720 1684 986 1727 harmoniam
1013 1686 1059 1725 in

203 1756 251 1784 se
290 1743 446 1783 debere
484 1754 615 1782 unam
655 1753 752 1781 esse
782 1750 823 1781 et
859 1742 1060 1782 omnibus

203 1800 399 1865 partibus
422 1800 512 1839 suis
533 1799 859 1838 convenientem
881 1798 949 1850 (p.
959 1798 1057 1840 93ss

204 1864 310 1898 extr.
321 1850 452 1922 Φέρε
478 1847 542 1908 δή
559 1876 612 1883 -
629 1867 672 1907 Ρ.
684 1853 782 1895 930
806 1863 916 1895 extr.
939 1848 1061 1897 ἐκεῖ·

203 1925 259 1955 νο
306 1905 651 1964 ὑποθέμενος).
714 1911 878 1959 Quibus
938 1918 1061 1952 acute

203 1968 417 2010 conclusis
441 1967 638 2009 Socrates
679 1969 882 2008 continuo
923 1969 1063 2022 pergit

155 2049 157 2053 .
204 2027 266 2067 sic
305 2025 610 2079 argumentari.
652 2024 709 2063 At
741 2036 838 2065 vero
871 2026 908 2065 si
946 2032 1062 2065 recte

203 2090 330 2124 antea
355 2081 654 2131 indicavimus,
685 2081 838 2133 inquit,
869 2082 1063 2122 animum

205 2140 247 2180 vi
268 2147 310 2179 et
331 2145 484 2178 natura
505 2150 585 2178 sua
613 2150 713 2177 esse
734 2143 999 2179 constantem
1023 2146 1064 2178 et

202 2195 525 2243 immutabilem,
568 2194 627 2234 ita
667 2201 714 2233 ut
741 2194 852 2234 alius
893 2196 1062 2235 animus

174 2300 176 2302 ¹
204 2264 289 2293 non
312 2253 369 2292 sit
389 2251 471 2291 alio
492 2251 632 2305 magis
649 2251 928 2304 temperatus,
948 2258 1063 2292 certe

205 2310 334 2349 etiam
355 2319 625 2360 consequens
643 2308 734 2358 erit,
755 2315 801 2348 ut
821 2320 875 2348 ne
894 2307 1063 2349 harmo-

205 2366 276 2405 nia
316 2365 491 2418 quidem
530 2364 630 2418 plus
679 2365 880 2405 minusve
925 2365 1063 2418 possit

206 2434 302 2463 esse
342 2421 565 2462 harmonia
613 2433 753 2473 neque
802 2422 939 2475 magis
988 2429 1062 2461 aut

203 2480 347 2520 minus
370 2483 621 2531 temperata,
654 2478 869 2529 siquidem
890 2477 1062 2519 harmo-

205 2536 303 2575 niae
343 2542 495 2575 natura
525 2535 675 2574 eadem
702 2535 757 2575 sit
785 2547 896 2599 quae
932 2535 1064 2574 animi

204 2603 254 2631 ac
283 2591 475 2632 vicissim
505 2587 574 2644 (p.
603 2593 657 2631 93
679 2591 714 2631 D
749 2583 879 2632 'Ana
911 2603 1065 2645 προω-

205 2641 471 2701 μολόγηται
499 2669 554 2676 -
585 2642 716 2689 ἔστιν
743 2640 931 2697 οὕτως).
974 2647 1063 2687 Hoc

206 2711 348 2745 autem
396 2704 469 2743 ubi
514 2704 579 2742 ita.
629 2716 725 2743 esse
774 2704 1062 2752 statuerimus,

205 2759 429 2800 harmonia
452 2771 671 2810 nunquam
692 2758 792 2811 plus
813 2759 881 2799 vel
903 2760 1062 2809 minus,
1078 2759 1093 2767 ⁵

205 2816 285 2857 sed
305 2815 485 2867 aequale
515 2827 685 2868 semper
705 2824 834 2866 atque
853 2815 969 2855 idem
993 2812 1063 2867 (τὸ

206 2870 332 2923 ἴσον)
353 2871 539 2922 habebit,
573 2878 619 2910 ut
641 2883 719 2910 nec
740 2883 943 2922 umquam
965 2871 1064 2924 plus

205 2929 405 2968 minusve
433 2934 665 2968 concentus
700 2934 774 2967 aut
814 2928 1061 2981 discrepan-

206 2986 291 3025 tiae
331 2985 387 3025 511
424 2983 638 3024 habitura.
681 2985 792 3036 Ergo
821 2985 989 3024 animus
1025 2985 1063 3024 si

206 3041 429 3082 harmonia
468 3047 547 3093 est,
575 3040 658 3081 isto
687 3046 812 3094 pacto
844 3048 955 3080 certe
984 3053 1062 3081 nec

175 3138 178 3141 ,
208 3097 430 3152 pravitatis
452 3109 530 3137 nec
552 3097 723 3137 virtutis
742 3098 818 3137 erit
834 3098 1060 3151 particeps,

207 3154 556 3206 quandoquidem
584 3154 773 3207 pravitas
813 3155 945 3194 animi
978 3155 1063 3195 dis-

207 3211 449 3264 crepantia,
491 3211 628 3251 virtus
668 3216 811 3251 autem
853 3219 1061 3250 concentu

207 3267 462 3310 continetur.
512 3266 558 3307 Si
586 3279 685 3307 vero
714 3268 881 3307 animus
919 3269 1063 3321 pravi-

206 3323 309 3364 tatis
339 3330 380 3363 et
411 3324 581 3364 virtutis
610 3324 780 3364 omnino
804 3336 958 3378 expers
982 3331 1061 3376 est,

207 3380 410 3421 continuo
435 3381 511 3421 erit
533 3393 816 3432 consequens,
846 3388 893 3420 ut
915 3393 1062 3421 omnes

210 3437 380 3478 omnino
413 3438 602 3478 omnium
623 3438 902 3478 animantium
933 3438 1062 3477 animi

1146 1179 1305 1230 pariter
1324 1178 1425 1219 boni
1445 1179 1529 1219 sint
1552 1178 1616 1233 (p.
1635 1179 1731 1222 93D
1753 1173 1783 1234 ἡ
1808 1174 1862 1221 δὲ
1883 1172 2002 1233 μήτε

1146 1233 1331 1287 μᾶλλον
1352 1248 1468 1288 -Ρ.
1491 1237 1547 1277 94
1566 1234 1643 1288 A).
1686 1236 1735 1276 Id
1774 1236 1890 1288 quod
1924 1231 2001 1276 ab·
2051 1258 2057 1262 -

1146 1292 1324 1331 surdum
1366 1304 1464 1332 esse
1501 1292 1648 1344 liquet.
1700 1292 1787 1333 Sed
1814 1293 1870 1332 ad
1896 1291 2004 1332 haec

1146 1349 1335 1398 accedit,
1393 1349 1508 1400 quod
1555 1350 1746 1388 animum
1793 1349 2003 1402 imprimis

1145 1404 1400 1457 prudentem
1423 1412 1463 1445 et
1489 1406 1726 1458 sapientem
1754 1405 1799 1445 111
1828 1405 2003 1446 homine

1145 1461 1372 1514 imperium
1409 1474 1558 1514 gerere
1598 1462 2004 1513 animadvertimus3

1145 1517 1400 1558 adversatur
1429 1519 1543 1558 8111111
1573 1531 1658 1559 11011
1687 1530 1782 1558 raro
1812 1518 2003 1572 corporis

1146 1573 1453 1627 cupiditatibus
1505 1582 1545 1614 81
1594 1575 2003 1627 perturbationibus.

1147 1631 1270 1679 Quod
1311 1639 1426 1671 certe
1465 1632 1502 1671 si
1541 1632 1635 1684 ipse
1665 1639 1780 1672 esset
1814 1632 2005 1685 corporis

1146 1687 1333 1740 partium
1354 1699 1403 1727 ac
1423 1688 1577 1727 virium
1597 1688 1774 1729 intentio
1792 1689 2006 1739 quaedam

1146 1753 1220 1783 aut
1241 1744 1434 1785 remissio
1457 1752 1585 1795 atque
1612 1743 1835 1786 harmonia
1863 1745 2005 1786 absol-

1147 1806 1337 1848 veretur,
1379 1800 1471 1840 fieri
1511 1801 1628 1841 nullo
1679 1801 1806 1842 modo
1857 1806 2006 1855 posset

1147 1854 1274 1910 (Cap.
1296 1856 1446 1898 XLIII.
1475 1858 1534 1901 in.
1566 1869 1703 1907 usque
1734 1858 1789 1898 ad
1817 1871 1859 1911 p.
1890 1858 2006 1899 95A

1147 1911 1242 1966 in..)
1282 1914 1396 1954 Haec
1435 1914 1566 1966 igitui
1606 1913 1694 1954 fere
1735 1922 1836 1954 sunt
1863 1926 2004 1978 'argu-

1147 1976 1313 2020 menta,
1365 1970 1519 2020 quibus
1570 1970 1767 2011 Socrates
1809 1970 2007 2011 evincere

1148 2032 1327 2066 conatur
1395 2027 1526 2066 animi
1580 2027 1669 2068 vim
1726 2032 2007 2077 naturamque

1150 2083 1266 2123 nullo
1306 2090 1429 2136 pacto
1469 2085 1511 2123 in
1554 2082 1775 2133 harmonia
1815 2083 2005 2136 corporis

1149 2146 1392 2180 contentam
1423 2151 1533 2181 esse.
1575 2138 1771 2180 Ceterum
1793 2139 2007 2180 harmo-

1150 2197 1287 2237 niam
1309 2195 1459 2237 Graeci
1489 2208 1574 2236 non
1605 2196 1805 2237 dixerunt
1825 2208 2008 2237 concen-

1149 2262 1239 2294 tum
1269 2253 1552 2306 complurium
1581 2264 1735 2293 vocum
1763 2261 1862 2307 apte
1895 2253 2008 2293 inter

1149 2322 1195 2350 se
1216 2315 1563 2362 temperatarum,
1586 2310 1645 2350 ita
1661 2316 1707 2350 ut
1722 2310 1852 2350 simul
1873 2321 2005 2351 sonos

1149 2366 1381 2407 concordes
1415 2366 1626 2414 emittant,
1669 2378 1798 2416 quam
1827 2378 2006 2406 concor-

1149 2423 1265 2463 diam
1281 2423 1425 2476 potius
1447 2435 1505 2476 sy
1518 2434 1594 2476 mp
1607 2422 1670 2463 ho
1683 2423 1820 2462 niam
1839 2423 2006 2464 dixisse

1149 2480 1444 2531 reperiuntur3
1506 2480 1583 2519 sed
1622 2479 1850 2525 voluerunt
1888 2478 2006 2518 illam

1151 2548 1247 2576 esse
1283 2543 1427 2588 aptam
1452 2536 1816 2587 .concinnamque
1863 2536 2003 2576 vario-

1149 2605 1245 2632 rum
1266 2604 1469 2632 sonorum
1487 2593 1832 2633 consecutionem
1848 2603 2006 2632 secuu-

1151 2649 1254 2688 dum
1283 2655 1480 2688 tonorum
1506 2660 1665 2700 genera
1693 2660 1748 2688 ex
1777 2648 1882 2689 artis
1911 2647 2007 2700 lege

1151 2703 1331 2752 factam,
1374 2704 1513 2755 qualis
1553 2705 1596 2743 in
1637 2703 1820 2744 melodia
1862 2711 2007 2745 nostra

1152 2761 1350 2812 cernitur,
1382 2766 1429 2799 ut
1457 2759 1627 2800 ridiculi
1654 2761 1752 2812 sint,
1785 2760 1858 2811 qui
1878 2761 2005 2800 har-

1151 2817 1377 2856 moniam
1415 2816 1683 2869 interpretati
1722 2825 1824 2857 sunt
1864 2815 2003 2857 Germ

1150 2872 1439 2925 Einklang,
1469 2873 1585 2924 quod
1607 2873 1778 2915 Graecis
1809 2866 2007 2926 85111μό-

1152 2928 1328 2981 φωνιά,
1358 2929 1424 2969 vel
1446 2930 1653 2970 Accord
1668 2961 1685 2995 ‚
1702 2930 1818 2981 quod
1840 2938 1906 2971 851
1926 2942 2006 2983 Ρο-

1149 2987 1233 3026 tius
1271 2983 1527 3039 συμφωνία
1564 2987 1629 3027 ν81
1664 2980 1932 3039 ὁμοφωνία.
1962 2999 2004 3026 v.

1150 3041 1603 3085 (301111118111.110511·8111;
1627 3042 1827 3083 Musica
1848 3043 2004 3084 exPla·

1148 3106 1261 3140 tone.
1284 3098 1400 3153 Lips.
1418 3099 1541 3141 1846.
1562 3100 1605 3140 4.
1627 3111 1669 3151 Ρ.
1687 3099 1755 3140 24.
1778 3112 1821 3153 Ρ.
1838 3101 1893 3141 28
1909 3111 2005 3151 sqq.

1150 3162 1191 3195 et
1212 3168 1255 3209 Ρ.
1277 3157 1331 3197 33
1354 3169 1448 3208 sqq.

1204 3268 1252 3311 P
1266 3270 1336 3310 93.
1354 3261 1598 3310 ἐναντία
1619 3280 1681 3321 γε
1704 3261 2004 3321 ἁρμ.]ἔναν-

1150 3324 1230 3366 τία
1267 3332 1332 3366 851
1366 3337 1549 3375 580115,
1587 3331 1771 3364 contla
1817 3331 1858 3363 et
1900 3336 2006 3389 conq-¹

1148 3382 1271 3434 iungi
1329 3381 1455 3422 debet
1503 3393 1599 3421 cum
1655 3377 1924 3434 κινηθῆναι
1974 3370 2006 3434 ἢ

1151 3412 1491 3491 φθέγξασθαι.
