2158 3718
210 122 280 175 70
705 149 709 152 <
853 115 1348 161 PROLEGOMENA

353 264 621 328 Diligenter
653 253 852 312 ¹excussi
886 268 933 310 et
958 260 1018 310 ad
1045 274 1187 309 usum
1216 260 1440 309 criticum
1467 258 1671 309 adhibiti
1706 265 1820 310 sunt
1845 260 1990 311 codd.

211 337 290 385 hi:
343 334 726 384 Bodleianus
770 332 869 380 sive
920 329 1315 387 ClarkianuS‚
1366 330 1619 380 Coislin.
1671 330 1733 388 Γ,
1778 330 1901 380 Vat.
1938 332 1994 381 A

216 407 380 472 (quem
418 412 466 456 et
500 403 818 454 Bekkerus
859 407 908 451 et
951 402 1195 450 Bastius
1240 399 1594 462 contulerunt),
1635 403 1773 450 Ven.
1802 399 1989 460 ΛΞΠ,

213 477 402 531 vind„
438 477 542 526 ΤΦ
588 473 747 541 (nobis
803 474 854 521 in
898 471 1133 536 Apologia
1178 477 1224 521 et
1270 471 1469 521 Critone
1513 473 1734 521 numeris
1781 469 1815 520 2
1860 478 1908 521 et
1959 469 1993 521 6

213 545 435 613 signati),
486 546 615 596 Par.
662 542 932 593 CEGHIL
978 548 1026 591 et
1069 557 1214 606 quem
1259 541 1506 591 Bastius
1550 543 1763 591 excussit
1803 542 1993 591 Paris

218 615 370 668 1808.
410 633 435 666 a
464 616 606 665 nohis
631 614 792 663 littera
819 614 856 662 A
881 615 1124 676 signatuS,
1161 611 1610 661 Ambrosianus
1639 612 1692 678 (s)
1723 618 1771 662 et
1795 614 1993 676 Ange-

214 688 376 738 licus
403 686 483 752 (u).
514 686 573 735 Hi
600 699 771 734 omnes
797 690 994 748 praeter
1021 682 1444 739 Clarkianum,
1474 685 1557 746 qui
1583 699 1609 732 a
1637 683 1993 732 Gaisfordio

216 760 521 809 examinatus
556 762 651 815 est,
681 762 728 804 et
755 761 951 818 praeter
987 753 1115 803 Par.
1153 754 1206 808 A,
1245 768 1393 817 quem
1431 753 1678 802 Bastius
1711 753 1940 810 contulit,
1969 769 1993 802 a

216 828 503 879 Bekkero
531 825 693 875 collati
719 832 832 874 sunt
857 840 1066 874 numero
1093 824 1325 873 sedecim.
1379 823 1450 873 Ad
1477 823 1568 872 hos
1594 825 1834 873 accedunt
1858 822 1995 872 Flo-

215 899 458 949 rentini
505 913 530 946 a
553 897 584 946 b
607 913 632 946 c
659 897 830 952 dim,
887 910 1099 959 quorum
1143 895 1300 942 varias
1349 893 1584 943 lectiones
1628 894 1998 958 diligentissime

218 975 438 1019 enotatas
475 969 565 1017 viri
601 966 856 1017 clarissimi
891 967 962 1015 de
988 965 1025 1014 F
1038 966 1211 1014 uriae
1237 964 1480 1013 sollertiae
1508 964 1759 1014 debemus,
1812 965 1997 1014 Vicesi-

218 1056 329 1090 mus
355 1041 530 1089 tertius
557 1045 630 1088 est
656 1037 1092 1093 ZittaviensiS,
1131 1051 1275 1099 quem
1303 1034 1585 1100 Rudolph
1605 1051 1672 1084 us
1709 1035 1997 1098 exploravit,

218 1111 478 1160 vicesimus
504 1115 707 1174 quartus
743 1115 790 1157 et
815 1109 1016 1173 quintus
1043 1106 1468 1169 Tubingensis
1497 1114 1543 1154 et
1568 1108 1997 1170 AugustanuS‚

219 1181 350 1231 unde
386 1181 670 1230 varietatem
706 1178 931 1228 lectionis
970 1177 1309 1226 Fischerus
1337 1192 1447 1225 cum
1487 1177 1689 1226 eruditis
1724 1178 1996 1226 communi-

222 1253 362 1303 cavit.

362 1322 435 1371 Ex
469 1321 546 1370 his
579 1321 717 1370 libris
753 1321 937 1385 primas
975 1325 1143 1368 tenent
1186 1318 1585 1375 BodleianuS,
1636 1319 1998 1375 VaticanuS,

221 1392 671 1456 Tubingensis‚
701 1391 918 1439 Veneti
943 1387 1079 1447 ΞΠ,
1117 1388 1617 1438 Vindobonensis
1646 1390 1722 1445 Φ,
1759 1388 2000 1437 Parisi-

220 1480 333 1514 nus
380 1465 443 1519 G,
490 1462 896 1512 Florentinus
939 1460 983 1509 d.
1035 1461 1138 1509 Nec
1179 1460 1387 1508 multum
1429 1460 1486 1508 iis
1522 1459 1852 1523 postponendi
1887 1464 2002 1508 sunt

220 1528 693 1590 Ambrosianus,
738 1532 1165 1596 Augustanus,
1211 1529 1347 1579 Ven.
1388 1531 1466 1587 A,
1513 1529 1769 1578 Vindob.
1814 1530 1868 1587 Y,
1915 1529 2000 1578 sed

221 1605 315 1654 illis
349 1611 514 1654 tamen
550 1602 865 1653 tribuendum
904 1608 976 1651 est
1010 1601 1292 1665 plurimum.
1346 1601 1607 1650 Praeterea
1635 1615 1778 1649 nosse
1805 1606 2004 1665 oportet

221 1675 543 1726 Bodleianum
578 1674 759 1723 librum
793 1673 1038 1737 duplicem
1065 1671 1255 1721 referre
1280 1672 1644 1729 recensionem,
1672 1670 1874 1720 alteram
1901 1672 2003 1734 pri-

222 1747 454 1803 mitivam,
485 1746 563 1795 cui
607 1743 925 1794 tribuendum
963 1749 1035 1792 est
1070 1742 1363 1808 plurimum,
1401 1742 1603 1790 alteram
1641 1741 2000 1797 secundariam,

223 1832 350 1882 quae
385 1831 477 1865 nec
512 1818 616 1881 ipsa
654 1815 931 1880 spernenda
970 1820 1057 1863 est.
1116 1812 1251 1862 Illam
1288 1828 1377 1876 per
1413 1814 1576 1862 omnia
1610 1812 1835 1876 probavit
1870 1811 1918 1861 C.
1948 1811 2002 1861 F.

223 1887 632 1942 HermannuS,
662 1901 751 1935 nos
769 1900 866 1933 non
890 1884 1074 1949 ubique
1102 1883 1491 1947 amplectendam
1520 1883 1860 1938 iudicavimus,
1891 1898 2003 1931 cum

226 1964 273 2008 et
299 1960 402 2023 ipsa
430 1957 737 2021 grammatici
763 1955 966 2005 alicuius
991 1956 1332 2004 recensionem
1360 1954 1545 2003 referat
1581 1958 1637 2003 ac
1670 1953 1876 2002 subinde
1905 1968 2004 2001 ma-

226 2028 403 2078 nifesto
429 2029 490 2077 sit
515 2029 699 2077 vitiosa.

367 2099 527 2148 Minus
564 2099 868 2148 auctoritatis
905 2102 952 2146 et
987 2095 1204 2146 utilitatis
1238 2095 1421 2144 habent
1466 2094 1659 2144 codices
1693 2093 2005 2142 Vindobo-

225 2184 453 2220 nenses
503 2169 528 2218 1
557 2167 590 2217 2
617 2167 649 2219 3
675 2166 710 2217 4
734 2167 768 2219 5
794 2167 826 2218 6
854 2166 909 2225 8,
967 2174 1230 2232 propterea
1286 2165 1418 2229 quod
1475 2181 1646 2214 eorum
1696 2164 1930 2214 lectiones
1980 2179 2006 2214 a

227 2239 711 2306 Wyttenbachio
738 2240 908 2303 paucis
934 2244 1121 2288 tantum
1149 2237 1268 2286 locis
1295 2243 1593 2286 memoratae
1621 2242 1746 2293 sunt,
1775 2235 1889 2284 licet
1914 2236 1954 2283 is
1981 2250 2006 2283 a

227 2312 436 2362 Bastio
476 2311 647 2360 eadem
683 2309 930 2374 diligentia
957 2315 1175 2358 enotatas
1201 2309 1495 2371 accepisset,
1535 2323 1628 2371 qua
1667 2322 1756 2356 nos
1792 2306 1851 2356 ad
1878 2307 2006 2369 Apo-

227 2382 404 2446 logiam
442 2388 490 2430 et
516 2381 783 2431 Critonem.
836 2380 933 2430 Sed
969 2380 1303 2444 compensavit
1338 2378 1466 2427 hanc
1500 2379 1738 2427 iacturam
1775 2376 2007 2440 aliquate-

228 2468 323 2501 nus
368 2451 617 2516 diligentia
661 2451 962 2508 Bekkeri,
1010 2452 1093 2515 qui
1139 2449 1410 2499 secundum
1449 2455 1594 2513 atque
1630 2454 1845 2505 sextum,
1886 2461 2009 2512 quos

228 2522 405 2572 litteris
438 2524 486 2571 Y
505 2529 553 2571 et
580 2524 630 2572 Φ
655 2523 928 2584 insignivit,
958 2522 1324 2571 accuratissime
1362 2520 1668 2568 examinavit.
1722 2518 1829 2567 Non
1856 2518 2007 2566 maio-

229 2609 336 2642 rem
384 2592 709 2658 Wyttenha
727 2593 902 2642 chius
963 2591 1262 2655 diligentiam
1322 2591 1562 2653 praestitit
1621 2590 1670 2636 in
1723 2587 2009 2637 enarrandis

230 2663 523 2712 lectionibus
577 2663 798 2712 codicum
845 2663 1215 2711 Venetorum
1270 2676 1295 2709 c
1334 2660 1387 2715 d,
1443 2674 1650 2722 quarum
1708 2674 1850 2724 usum
1889 2659 2009 2707 Μο-

230 2733 420 2782 rellio
457 2733 639 2801 debuit.
692 2733 861 2795 Itaque
896 2732 971 2780 his
1010 2747 1204 2795 quoque
1230 2732 1281 2778 in
1310 2730 1475 2778 critica
1505 2729 1764 2778 factitanda
1793 2744 1889 2777 non
1918 2730 2012 2778 nisi

231 2804 402 2869 paucis
428 2802 549 2852 locis
577 2803 930 2868 aliquidpretii
958 2809 1044 2851 est.

377 2875 605 2924 Ceterum
634 2874 773 2922 Ven.
803 2889 827 2923 a
867 2881 915 2922 et
954 2872 983 2921 b
1002 2912 1014 2928 ‚
1044 2872 1173 2920 unde
1202 2871 1239 2919 B
1258 2872 1417 2919 astiu
1436 2886 1458 2917 s
1483 2871 1639 2919 varias
1666 2870 1899 2919 lectiones
1927 2885 2010 2918 ex-

235 2946 441 3008 cerpsit,
478 2945 622 2994 iidem
657 2944 881 2993 videntur
919 2958 1047 2998 esse,
1089 2957 1210 3006 quos
1245 2941 1561 2990 Bekkerus
1597 2940 1856 3004 appellavit
1880 2937 2009 2997 ΞΠ.

234 3015 305 3066 De
348 3015 486 3063 Ven.
515 3015 545 3063 b
584 3015 630 3064 id
676 3031 775 3064 non
822 3020 893 3063 est
937 3013 1155 3062 dubium.
1223 3011 1319 3061 Sed
1358 3013 1495 3060 Ven.
1538 3028 1564 3060 a
1601 3027 1697 3060 non
1736 3027 1843 3060 esse
1879 3026 2008 3065 eum,

235 3101 383 3150 quem
422 3085 736 3135 Bekkerus
769 3086 977 3147 signavit
1004 3085 1076 3139 Σ,
1116 3100 1175 3132 ex.
1200 3084 1259 3131 iis
1286 3081 1479 3146 colligo,
1520 3098 1643 3146 quae
1669 3082 1748 3131 hic
1774 3081 1932 3131 Praei.
1962 3096 2009 3145 p.

234 3157 360 3206 Xlll.
408 3157 467 3205 de
513 3156 680 3205 codice
727 3172 774 3205 n.
816 3153 932 3206 189.
980 3161 1164 3203 narrat.
1222 3154 1389 3218 Itaque
1434 3153 1681 3202 Bastius
1726 3151 2012 3201 fasciculum

177 3263 178 3267 ,
235 3228 481 3276 variarum
533 3226 797 3276 lectionum
849 3227 907 3275 ad
953 3225 1224 3281 Critonem,
1278 3223 1562 3288 Apologiam
1606 3229 1654 3271 et
1696 3222 2011 3271 Phaedonem

241 3313 413 3347 errore
448 3297 643 3347 videtur
686 3313 895 3347 numero
939 3297 1122 3346 codicis
1169 3292 1284 3345 189.
1331 3295 1662 3359 inscripsisse,
1715 3308 1824 3342 cum
1870 3291 2014 3340 vellet

241 3365 358 3418 184.
411 3368 503 3426 Qui
532 3384 672 3418 error
699 3371 844 3418 etiam
873 3367 931 3417 ad
958 3366 1244 3431 Apologiam
1274 3371 1321 3415 et
1347 3365 1595 3414 Critonem
1632 3363 1876 3412 notandus
1903 3362 2008 3411 fuit.

238 3439 499 3488 Maximam
527 3446 688 3489 autem
718 3439 1089 3489 consensionem
1124 3452 1230 3487 esse
1257 3436 1392 3485 Ven.
1419 3434 1467 3492 Ξ
1490 3441 1536 3485 et
1562 3436 1687 3491 eiuS,
1718 3449 1863 3497 quem
1892 3431 2013 3483 falso
