2158 3718
276 156 475 196 XXVIII
890 155 1335 195 PROLEGOMENA

275 282 673 347 declamatione,
711 300 816 352 quo
838 282 1043 336 facilius
1073 283 1443 354 perspiciatur,
1482 292 1680 354 quanta
1704 302 1825 338 cum
1850 285 1953 338 sol-

274 354 428 407 lertia
474 363 642 408 totum
685 353 787 407 hoc
823 362 1196 425 argumentum
1231 373 1263 407 a
1297 354 1518 409 Platone
1556 363 1837 409 tractatum
1873 356 1956 409 sit.

345 424 420 477 Et
462 426 690 497 primum
728 423 943 493 quidem
977 442 1086 495 non
1122 423 1235 478 sine
1269 424 1459 480 idonea
1493 424 1682 480 caussa
1705 426 1781 479 ita
1802 426 1960 480 insti-

277 503 450 550 tutum
504 504 611 562 est,
667 503 728 548 ut
770 493 1080 547 Alcibiades
1135 495 1378 549 convivio
1471 516 1600 551 aene
1645 505 1864 568 peracto
1900 506 1963 550 et

273 584 399 620 vero
454 567 611 619 etiam
668 564 987 636 temulentus
1028 565 1377 637 ingrediatur.
1500 587 1586 621 am
1635 567 1870 621 sobrium
1917 568 1962 621 si

274 635 430 690 Plato
464 636 780 699 induxisset,
816 635 979 688 multo
1015 635 1273 689 minorem
1306 637 1416 690 vim
1451 639 1566 692 eius
1603 639 1769 692 oratio
1806 637 1960 692 habi-

277 717 397 760 tura
433 716 587 760 esset.
625 706 783 760 Nunc
818 724 945 760 vero
980 706 1071 761 ille
1105 706 1247 759 nihil.
1271 726 1519 763 reverens
1554 709 1753 763 iudicia
1788 708 1962 762 homi-

273 797 401 830 num
443 778 615 848 ipsius
660 796 781 830 cum
825 774 1045 830 Socrate
1100 778 1500 832 familiaritatem
1548 779 1964 851 improbantium

272 848 460 900 intima
513 849 744 920 pectoris
797 866 952 902 sensa
997 848 1360 919 proloquitur,
1416 859 1477 902 ut
1522 869 1696 919 neque
1741 850 1962 904 reticere

275 917 567 987 quidquam
609 938 710 973 nec
753 919 917 972 ullam
951 938 1064 973 rem
1098 919 1302 992 fingere
1339 927 1431 972 aut
1467 921 1793 975 comminisci
1828 922 1964 974 velle

274 990 534 1043 videatur.
594 989 756 1058 Quod
800 999 979 1043 autem
1024 990 1241 1044 ultimus
1289 992 1523 1045 omnium
1558 991 1778 1045 advenit·
1807 1000 1966 1060 atque

275 1078 341 1114 eo
384 1060 502 1131 ipso
548 1060 801 1132 temp0re,
860 1080 965 1131 quo
1011 1059 1249 1115 Socratis
1298 1062 1467 1115 oratio
1513 1063 1670 1116 modo
1725 1061 1968 1116 absoluta

278 1139 360 1184 est
405 1140 456 1185 et
501 1132 571 1184 ad
615 1133 776 1186 finem
811 1132 1087 1203 perducta,
1136 1151 1356 1203 prorsus
1394 1133 1575 1187 divina
1610 1141 1724 1186 arte
1759 1132 1859 1187 hoc
1893 1133 1969 1186 ita

273 1220 303 1255 a
343 1201 570 1257 Platone
608 1203 972 1275 excogitatum
1009 1222 1126 1256 esse
1166 1204 1424 1257 existimO.
1479 1203 1621 1257 Nam
1655 1204 1732 1256 ita
1766 1203 1831 1268 is,
1871 1203 1964 1272 qui

274 1273 544 1326 Diotimae
593 1275 884 1327 orationem
929 1293 961 1326 a
998 1271 1218 1328 Socrate
1257 1282 1551 1328 enarratam
1586 1294 1694 1327 non
1730 1275 1967 1328 audivis-

277 1352 376 1408 set,
435 1352 610 1397 tamen
657 1343 990 1427 stupentibus
1034 1344 1224 1404 ceteris
1273 1345 1509 1400 convivis
1559 1345 1807 1400 omnibus
1852 1363 1970 1397 eam

276 1416 530 1486 proponit
555 1414 795 1469 Socratls
830 1415 1132 1488 imaginem,
1172 1434 1307 1485 quae
1343 1435 1563 1487 prorsus
1601 1416 1669 1468 ad
1697 1415 1969 1469 Diotimae

277 1485 595 1540 sententiam
639 1505 894 1558 expressa
940 1496 1097 1555 atque
1145 1487 1407 1540 illustrata
1453 1487 1712 1540 videatur.
1760 1485 1828 1539 In
1864 1505 1970 1556 quo

275 1546 559 1627 quantum‘
576 1557 705 1611 insit
750 1557 1045 1611 venustatis
1090 1576 1154 1610 ac
1196 1558 1414 1628 leporiS,
1465 1566 1607 1611 certe
1651 1576 1807 1612 nemo
1853 1557 1969 1623 erit,

275 1628 406 1697 quin
443 1629 605 1681 semel
639 1629 871 1682 monitus
907 1636 1164 1699 protenus
1201 1628 1603 1683 animadvertat.
1656 1626 1769 1682 Sed
1806 1646 1972 1698 quum

275 1699 359 1770 vel
405 1699 648 1752 scenicus
696 1708 984 1771 apparatus
1020 1699 1075 1751 in
1110 1698 1211 1752 hac
1247 1699 1504 1752 sermonis
1539 1708 1694 1770 parte
1732 1699 1801 1753 sit
1839 1699 1970 1752 arti-

274 1769 605 1823 ficiosissime
642 1770 880 1823 delectus
918 1779 971 1823 et
994 1770 1298 1834 adornatus,
1337 1779 1450 1823 tum
1472 1771 1649 1841 ipsum
1684 1789 1973 1843 argumen-

276 1849 389 1892 tum
427 1840 681 1893 orationis
719 1840 786 1893 ab
823 1839 1109 1894 Alcibiade
1154 1841 1407 1894 recitatae
1443 1860 1625 1894 omnes
1661 1840 1823 1895 habet
1861 1841 1970 1895 ele-

275 1911 488 1983 gantiae
511 1930 778 1965 numeros.
813 1911 1144 1984 Depingitur
1180 1912 1320 1964 enim
1346 1909 1583 1965 Socratis
1615 1913 1786 1964 forma
1809 1921 1973 1981 atque

277 1982 484 2053 species
534 1982 628 2046 sic,
677 1991 739 2035 ut
785 1982 963 2035 omnia
1013 1991 1066 2036 et
1111 1982 1216 2054 ipsi
1259 2001 1440 2036 rerum
1475 1982 1688 2036 veritati
1725 1991 1971 2036 accurate

276 2053 592 2107 conveniant
657 2062 709 2106 et
768 2053 838 2106 ad
893 2052 1168 2124 scriptoris
1225 2054 1501 2107 consilium
1559 2053 1975 2125 prudentissime

279 2123 384 2177 sint
427 2131 796 2195 attemperata.
855 2122 1125 2190 Quorsum
1168 2124 1402 2196 pertinet
1448 2133 1572 2177 ante
1610 2125 1786 2177 omnia
1819 2124 1972 2189 illud,

278 2194 422 2263 quod
467 2214 589 2248 eum
634 2214 755 2248 cum
803 2192 997 2248 Silenis
1042 2204 1203 2264 atque
1243 2193 1454 2265 Satyris
1503 2204 1772 2265 comparat
1815 2204 1975 2264 atque

314 2266 399 2319 lus
443 2266 501 2319 in
544 2284 762 2320 recessu
796 2265 992 2320 habere
1030 2266 1201 2331 docet,
1254 2286 1415 2337 quam
1459 2266 1635 2320 fronte
1682 2266 1973 2337 promittat.

276 2285 419 2389 {Iam
456 2356 576 2390 cum
616 2335 825 2408 Satyris
856 2346 1020 2406 ,atque
1060 2335 1256 2390 Silenis
1291 2357 1459 2407 quum
1491 2357 1613 2391 eum
1639 2355 1974 2390 communem

276 2406 473 2461 habere
500 2408 629 2462 dicit
651 2408 861 2462 iocandi
884 2408 1199 2478 ridendique
1226 2408 1680 2474 consuetudinem,
1719 2417 1831 2461 tum
1855 2416 1973 2460 tan-

280 2487 389 2532 tam
425 2479 499 2532 ait
536 2498 653 2533 esse
679 2480 978 2533 orationum
1011 2479 1126 2533 eius
1150 2479 1258 2533 vim
1284 2489 1337 2533 et
1362 2479 1698 2551 gravitatem,
1736 2487 1798 2532 ut
1820 2491 1992 2532 nemo¹

281 2550 365 2614 sit,
407 2551 535 2619 quin
571 2550 637 2603 iis
674 2550 1135 2604 vehementissime
1160 2559 1570 2615 commoveatur,
1611 2568 1774 2619 seque
1799 2549 1977 2621 ipsum

278 2620 477 2673 fatetur
502 2620 616 2674 eius
640 2622 869 2686 monitis,
908 2622 1228 2692 praeceptis,
1267 2621 1717 2675 cohortationibus
1752 2621 1829 2673 ita
1851 2639 1975 2691 per-

281 2691 401 2744 celli
448 2692 642 2754 solere,
688 2700 750 2744 ut
795 2692 974 2761 ipsum
1022 2692 1329 2762 saepissime
1376 2693 1715 2745 consiliorum
1762 2710 1978 2744 suorum

280 2761 510 2814 maxime
536 2761 819 2829 poeniteat.
860 2760 1072 2827 Quibus
1097 2760 1275 2814 verbis
1312 2762 1432 2829 quis
1473 2770 1555 2814 est
1579 2761 1708 2830 quin
1735 2780 1855 2814 eum
1880 2761 1975 2814 de-

283 2831 436 2902 pingi
479 2831 660 2884 videat
707 2840 1011 2895 amatorem,
1059 2831 1150 2900 qui
1199 2841 1251 2884 et
1292 2831 1408 2902 ipse
1447 2832 1515 2884 sit
1552 2831 1977 2902 sapientissimus
2015 2888 2019 2889 ⁷

282 2910 334 2954 et
370 2901 629 2954 amasium
667 2921 823 2955 suum
860 2901 1114 2955 orationis
1152 2920 1280 2955 suae
1318 2901 1583 2974 gravitate
1621 2910 1782 2972 atque
1817 2902 1872 2955 vi
1909 2902 1979 2954 ad

283 2991 493 3026 omnem
541 2971 790 3026 virtutem
839 2980 893 3026 et
942 2973 1254 3042 sapientiam
1302 2973 1594 3044 perducere
1631 2982 1685 3027 et
1757 2973 1891 3027 ossit
1927 2981 1979 3026 et

286 3044 487 3097 soleat?
530 3042 798 3096 Nimirum
841 3043 966 3097 inde
1012 3043 1306 3097 certissime
1351 3044 1667 3115 intelligitur
1747 3053 1978 3097 ocratem

238 3179 240 3184 y
284 3114 693 3169 itafAlcibiadis
729 3115 986 3186 flagrasse
1023 3134 1219 3179 amore,
1258 3123 1319 3167 ut
1341 3114 1705 3186 philosophiae
1730 3134 1760 3167 o
1802 3134 1830 3169 e
1854 3114 1976 3185 pul-

287 3204 436 3238 crum
474 3205 541 3239 ex
577 3184 762 3256 pulcro
799 3185 1021 3258 gignere
1057 3195 1317 3268 perpetuo
1356 3194 1572 3240 conatus
1611 3186 1694 3239 sit.
1815 3204 1978 3239 anens

287 3265 463 3310 autem
500 3256 692 3310 deinde
717 3254 1029 3310 Alcibiades
1063 3277 1119 3310 1n
1145 3257 1330 3311 eadem
1352 3257 1601 3340 imagine,
1641 3276 1800 3326 quam
1825 3264 1979 3310 antea

289 3328 675 3399 proposuisset,
714 3336 934 3382 externa
972 3327 1185 3397 quidem
1225 3329 1398 3401 specie
1435 3336 1508 3382 alt
1547 3347 1668 3382 eum
1700 3327 1868 3382 videri
1893 3327 1974 3381 lu·-
