2158 3718
400 165 508 217 ³98

1038 163 1458 219 PLAToNtS

400 308 666 384 ὑβριστοῦ
711 307 900 382 δοράν.
948 305 1112 373 ὅνους
1154 307 1640 382 γὰρ-κανθηλίους
1667 316 1806 382 λέγει
1831 316 1924 369 καὶ
1945 318 2080 386 xa).-

405 400 532 460 κὲας
592 392 751 460 τινὰς
806 396 897 449 καὶ
953 387 1342 465 σκυτοτόμουξ
1383 400 1476 452 καὶ
1529 401 1920 475 βυρσοδέψας,
1989 404 2084 457 καὶ

406 479 496 536 ἀεὶ
546 477 638 536 διὰ
685 481 797 534 τῶν
840 475 1026 549 αὐτῶν
1050 475 1230 533 ταύτὰ
1255 483 1514 555 φαίνεται
1537 486 1744 554 Mysius
1766 478 1901 547 ὥςτε
1928 478 2085 538 ἄπει..

408 587 509 639 ρος
554 567 645 620 καὶ
688 560 932 628 ἀνόητος
973 558 1285 634 ἄνθρωπος
1342 566 1452 629 πᾶς
1495 561 1567 621 ἂν
1611 570 1722 621 τῶν
1765 566 1946 635 λόγων
1987 588 2086 622 κα·-

263 650 370 705 222
407 647 738 719 ταγελάσειε.
798 648 1176 717 διοιγομένους
1229 650 1286 702 δὲ
1343 645 1473 703 ἰδών
1526 645 1600 706 ἄν
1648 656 1735 715 τις
1786 653 1880 706 καὶ
1932 647 2088 716 ἐντὸς

407 732 594 789 αὐτῶν
639 727 961 802 γιγνόμενος
1004 733 1230 802 πρῶτον
1273 734 1374 803 μὲν
1394 735 1531 789 νοῦν
1554 737 1779 805 ἔχοντας
1803 737 1959 793 ἔνδον
1985 732 2090 807 μό-

407 837 540 882 νους
580 813 799 888 εὑρήσει
837 817 950 871 τῶν
992 813 1186 885 λόγων,
1229 820 1416 872 ἔπειτα
1446 817 1783 883 &storniz-ovs·
1805 822 1898 874 καὶ
1938 823 2088 875 πλεῖ-

403 920 510 957 στα
552 898 855 971 ἀγάλματα
901 898 1105 971 ἀρετῆς
1146 905 1206 954 ἐν
1230 898 1424 966 αὐτοῖς
1447 905 1676 973 ἔχοντας
1701 902 1795 959 καὶ
1818 905 1911 959 ἐπὶ
1941 907 2089 960 πλεῖ-

520 1066 576 1108 Ρ..
603 1062 706 1108 222.
770 1062 898 1106 ἰδὼν
935 1065 996 1104 ἅν
1038 1081 1124 1112 τις
1163 1066 1253 1107 καὶ
1283 1066 1440 1114 ἐντὸς
1470 1065 1675 1118 αὐτῶν]
1705 1065 1760 1108 ἂν
1787 1068 1830 1110 ἰιι
1858 1061 1918 1109 mi
1946 1073 2088 1112 muta-

403 1129 501 1167 runt
540 1123 681 1164 Bekk.
725 1123 845 1174 Ast,
887 1122 934 1163 C.
976 1121 1048 1163 Fr.
1090 1124 1328 1166 Hermann.
1370 1125 1455 1166 alii.
1516 1125 1604 1166 Sed
1643 1130 1762 1166 recte
1803 1125 1897 1168 libri
1939 1138 2087 1168 omnes

407 1181 657 1236 particulam
689 1184 876 1221 tuentur.
937 1180 1172 1223 Praeterea
1203 1182 1357 1225 mirare
1388 1195 1568 1223 acumen
1600 1182 1857 1233 Hommelii,
1893 1183 2087 1225 scriben-

406 1239 510 1281 dum
541 1237 754 1292 putantis:
794 1236 866 1278 καὶ
904 1235 1029 1292 ἐγγὺς
1069 1237 1211 1280 αὐτῶν
1244 1253 1307 1295 γε.
1369 1239 1578 1281 Videlicet
1614 1252 1700 1281 non
1731 1239 1838 1281 vidit
1864 1241 1936 1282 ille
1969 1241 2090 1282 ἔνδον

409 1298 643 1352 γίγνεσθαι
677 1294 760 1336 dici
792 1307 895 1348 eos,
927 1295 999 1348 qui
1032 1309 1080 1338 se
1110 1297 1231 1350 quasi
1262 1297 1301 1338 in
1333 1309 1557 1339 sermones
1588 1297 1838 1339 Socraticos
1867 1302 1987 1340 totos
2021 1298 2087 1341 in—

405 1355 577 1401 sinuent
605 1365 769 1405 eosque
798 1352 1110 1407 introspiciant.

519 1409 611 1455 Sui·
642 1410 910 1453 πλεῖστον
940 1425 992 1451 τε
1006 1411 1157 1451 [vom
1173 1415 1262 1461 mc]
1293 1413 1517 1459 retr-arrae
1548 1412 1675 1454 Bodl.
1700 1411 1798 1454 vat.
1813 1409 1867 1454 A.
1895 1410 2084 1460 Vind.2,

403 1468 617 1511 panim.
650 1468 796 1527 Vatp.
829 1472 872 1509 et
901 1481 963 1522 pr..
1000 1468 1104 1513 Ven.
1123 1470 1168 1510 Ξ.
1231 1470 1335 1515 Dein
1365 1469 1430 1509 ἔτι
1455 1473 1541 1510 πᾶν
1572 1468 1700 1510 Bodl.
1734 1468 1832 1510 Vat.
1849 1466 1903 1511 A.
1922 1469 2022 1513 Par.
2035 1469 2089 1515 K.

399 1526 501 1570 vat.
525 1539 569 1581 p.

403 1642 542 1687 minus
581 1640 737 1681 Latine
775 1640 840 1680 sic
878 1639 1020 1683 dicas:
1068 1653 1205 1693 quae

401 1711 635 1754 prorsus
686 1697 879 1752 Satyri
938 1697 1203 1750 quaedam

401 1757 579 1811 pellis
620 1754 694 1797 sit
724 1755 815 1798 sive
846 1753 1054 1797 suerit?
1114 1755 1203 1796 lam

402 1815 528 1868 igitur
573 1825 784 1868 ponamus
830 1806 966 1856 οὖσαν
1002 1811 1086 1865 legi
1127 1811 1205 1853 ad-

404 1873 587 1922 iectum,
630 1870 784 1923 ecquis
824 1870 904 1911 erit
934 1870 1033 1922 quin
1065 1870 1205 1910 Grae—

404 1942 503 1971 cum
539 1941 639 1970 esse
671 1939 914 1969 sermonem
957 1933 1084 1980 atque
1116 1929 1206 1968 ele-

402 1991 575 2040 gantem
616 1982 833 2027 fateatur?
902 1984 1046 2029 Quum
1101 1997 1204 2026 vero

404 2043 672 2098 participium
714 2040 795 2094 ὢν,
840 2042 909 2083 ubi
954 2041 1067 2083 aliud
1109 2055 1205 2083 ver—

402 2104 531 2143 bum‘
574 2099 821 2155 praecedit,
889 2111 1204 2154 saepenumero

403 2159 647 2209 omittatur,
685 2156 740 2198 de
770 2167 855 2209 quo
885 2157 1084 2210 loquendi
1118 2170 1200 2198 usu

400 2216 455 2259 ad
468 2218 604 2270 Gorg.
627 2228 668 2269 p.
683 2214 780 2258 501.
799 2218 846 2256 Α.
870 2215 934 2256 De
954 2216 1066 2268 Rep.
1085 2214 1132 2258 11.
1160 2228 1200 2268 p.

401 2273 500 2320 464.
531 2279 580 2315 Α.
598 2275 652 2319 X·
677 2286 718 2326 p.
733 2271 830 2316 599.
855 2275 906 2314 Α.
939 2272 1199 2324 monuimus,

401 2339 443 2374 et
475 2344 605 2386 quum
646 2330 843 2372 eiusdem
881 2331 946 2371 vis
980 2343 1032 2371 ac
1070 2330 1199 2381 signi-

399 2389 544 2432 ficatio
586 2390 683 2442 ipsa
717 2388 991 2442 appositione
1022 2387 1198 2429 nominis

400 2444 813 2501 comprehendatur,
856 2445 954 2486 nibil
985 2445 1197 2486 verisimi-

399 2506 479 2548 lius
510 2509 713 2558 putamus
745 2515 868 2554 esse,
901 2511 1028 2556 quam
1063 2502 1198 2555 parti-

399 2563 560 2617 cipium
618 2559 940 2614 intelligendum
1002 2559 1197 2613 relinqui,

398 2620 648 2675 particulam
674 2622 815 2663 autem
849 2631 873 2659 a
904 2617 1197 2671 grammaticis

398 2691 497 2719 csse
529 2676 770 2730 expulsam,
803 2677 873 2728 qui
910 2678 1076 2718 rariore
1107 2674 1197 2714 eius

398 2747 481 2775 usu
513 2732 848 2774 offenderentur.
879 2731 989 2772 Nam
1010 2743 1063 2771 ne
1083 2731 1196 2782 opti-

397 2803 494 2833 mos
542 2789 714 2842 quidem
774 2788 967 2829 Platonis
1018 2786 1194 2827 codices

396 2862 421 2892 a
451 2845 825 2901 grammaticorum
859 2842 1194 2885 correctionibus

398 2904 606 2953 mansisse
651 2901 812 2943 liberos
864 2905 908 2941 et
965 2900 1192 2951 immuneS,

397 2974 531 3017 nuper
560 2957 814 3002 certissimis
844 2958 1109 3009 argumentis
1127 2957 1189 2997 vi-

398 3014 550 3062 demur
570 3018 618 3072 (in
649 3013 778 3059 Ialinii
804 3015 938 3056 nostri
963 3015 1192 3062 Annalibus

397 3073 763 3120 demonstravisse
798 3079 893 3113 acta
934 3072 1191 3126 Eutliydemi

395 3129 800 3177 Wlnekelmanniani
857 3142 1054 3173 censura.
1135 3129 1195 3171 Et

397 3193 480 3235 boc
527 3189 702 3245 quidem
758 3188 856 3230 loco
910 3188 1056 3241 ecquis
1086 3187 1193 3242 ⁴sibi

395 3247 672 3306 persuadebit
708 3243 959 3300 particulam
1018 3246 1059 3286 in
1103 3251 1193 3286 tam

397 3309 558 3351 multos
590 3304 766 3347 codices
795 3306 958 3344 temere
982 3303 1192 3344 invectam

400 3376 522 3416 esse,
563 3376 692 3417 quum
726 3361 839 3402 nulla
870 3372 1045 3414 prorsus
1075 3373 1194 3401 erro-

400 3423 458 3466 ris
489 3435 616 3465 causa
659 3424 709 3464 et
733 3417 1033 3475 opportunitas
1065 3418 1198 3460 exsti-

1291 1639 1397 1685 tisse
1439 1639 1667 1682 videatur?
1724 1637 1874 1692 Itaque
1911 1639 1973 1681 sic
2009 1653 2087 1682 no-

1290 1697 1357 1740 bis
1395 1697 1720 1752 persuasimus,
1758 1695 1814 1737 ἂν
1852 1697 2085 1741 tenendum

1291 1759 1337 1796 et
1378 1768 1456 1810 per
1493 1755 1658 1809 ellipsin
1706 1755 1823 1797 verbi
1865 1755 2085 1810 explican-

1291 1812 1392 1854 dum
1424 1826 1531 1854 esse.
1594 1810 1724 1856 Quod
1753 1824 1808 1854 ne
1835 1813 1930 1866 quis
1960 1826 2086 1868 prae-

1291 1875 1359 1912 ter
1391 1883 1512 1911 usum
1555 1875 1599 1911 et
1634 1870 1989 1912 consuetudinem
2020 1872 2085 1912 lo-

1289 1927 1446 1980 quendi
1498 1927 1587 1968 fieri
1627 1927 1862 1980 existimet,
1914 1927 1969 1969 de
2009 1942 2085 1969 eo—

1292 1985 1388 2026 dem
1430 1997 1591 2038 genere
1631 1983 1843 2036 quaedam
1885 1986 2085 2039 exposuit

1291 2042 1648 2085 Hermannus
1687 2041 1753 2083 De
1790 2041 1911 2085 Part.
1953 2042 2007 2081 ἅν
2044 2057 2085 2096 p.

1293 2099 1406 2151 187„
1438 2100 1509 2140 ubi
1542 2099 1651 2141 inter
1680 2098 1764 2140 alia
1793 2099 1920 2140 affert
1944 2101 2082 2141 locuni

1287 2157 1588 2211 Euripidis
1659 2154 1754 2198 huic
1822 2156 2081 2199 simillimum

1289 2216 1448 2256 Alcest.
1485 2213 1586 2257 181:
1620 2215 1663 2253 σὲ
1694 2212 1735 2254 δ’
1767 2211 1876 2266 ἄλλη
1907 2230 1974 2262 τις
2002 2229 2080 2268 γυ-

1286 2272 1332 2325 νὴ
1376 2270 1649 2324 κεκτήσεται,
1691 2269 1870 2325 σώφρων
1899 2275 1974 2325 μὲν
2000 2270 2082 2313 οὔκ

1284 2329 1337 2373 ὃν
1387 2331 1576 2384 μᾶλλον,
1634 2326 1820 2381 εὐτυχὴς
1869 2328 1928 2368 δ”
1967 2330 2082 2376 ἴσως.

1283 2388 1390 2429 Nam
1451 2387 1515 2429 bic
1574 2398 1746 2447 quoque
1803 2391 1924 2440 patet
1982 2399 2082 2429 cum

1283 2445 1586 2487 Mattliiaeo
1617 2449 1739 2484 οὐσα
1781 2445 1849 2486 vel
1870 2446 2081 2498 γενομένη

1282 2502 1603 2556 intelligendum
1634 2501 1843 2553 relinqui,
1880 2501 1933 2542 ad
1962 2502 2078 2554 quod

1280 2559 1332 2598 ἄν
1355 2561 1584 2614 pertineat.
1608 2559 1697 2600 Ari
1713 2558 1886 2612 stopb.
1909 2559 2077 2611 Equitt.

1283 2617 1417 2661 1257:
1450 2622 1494 2657 σὲ
1523 2615 1564 2658 δ’
1597 2616 1722 2661 ἄλλος
1749 2631 1818 2664 τις
1846 2614 1984 2668 λαβὼν
2010 2630 2077 2654 κε·-

1278 2673 1506 2725 κτήσεται,
1562 2673 1740 2724 κλέπτης
1791 2674 1866 2725 μὲν
1906 2670 1984 2713 οὔκ
2025 2671 2078 2712 ἄν

1278 2728 1466 2784 μᾶ).λον’,’
1499 2727 1686 2781 εὐτυχὴς
1715 2727 1756 2768 δ’
1787 2730 1901 2775 ἴσως.

1338 2813 1503 2862 ὄνους
1561 2813 1663 2868 γὰρ
1727 2814 2077 2866 κανθηλίους

1277 2871 1423 2926 λέγει
1461 2887 1497 2913 κ.
1535 2888 1574 2913 τ.
1617 2870 1682 2924 λ.]
1747 2871 1855 2912 Vide
1894 2872 2077 2914 Xeno-

1277 2928 1456 2982 pbont.
1502 2928 1634 2972 Metu.
1670 2929 1703 2970 l.
1733 2928 1786 2981 2,
1818 2926 1888 2972 37.
1931 2930 2076 2984 ibique

1275 2985 1557 3086 [ξῖιιίιὶκθη.
1588 2987 1685 3028 coll.
1715 2986 1853 3030 Plat.
1873 2987 2010 3042 Gorg.
2030 3002 2072 3042 p.

1305 3044 1374 3090 90.
1423 3043 1457 3085 “.

1336 3130 1389 3171 Ρ.
1421 3127 1518 3173 222.
1580 3129 1704 3171 idam
1732 3127 1794 3169 ἄν
1820 3127 2072 3177 τις-εύ-

1277 3185 1461 3241 ρήσει]
1503 3187 1568 3229 Ne
1610 3185 1661 3227 ἂν
1700 3187 1928 3238 sollicites,
1971 3199 2071 3240 pro—

1278 3245 1483 3286 hibebunt
1522 3257 1633 3298 quae
1676 3244 1905 3297 disputavit
1934 3244 2070 3285 Her—

1279 3315 1503 3343 mannus
1532 3303 1597 3343 De
1623 3302 1739 3344 Part.
1765 3301 1818 3341 ἅν
1840 3315 1881 3355 p.
1904 3300 1960 3345 32
1978 3313 2069 3354 sqq.

1279 3359 1389 3400 conf.
1430 3359 1486 3401 ad
1521 3360 1643 3413 Apol.
1676 3359 1800 3401 Socr.
1834 3373 1875 3412 p.
1907 3358 1976 3403 29.
2019 3359 2071 3398 C.

1279 3417 1434 3472 Remp.
1458 3419 1533 3463 lx.
1557 3432 1597 3471 p.
1613 3415 1711 3462 589.
1721 3416 1775 3460 Ε
1797 3414 2013 3459 Phaedon.
2028 3430 2067 3468 p.
