2158 3718
207 125 307 179 148

939 85 1260 167 PLATONIS
1919 97 1922 98 ⁷
1982 94 1984 98 ’
2115 99 2158 187 'j

205 262 333 319 οὐδ’
380 263 520 319 ἄλλο
568 285 622 318 τι
668 251 783 317 τῶν
829 261 1103 316 τοιούτων
1151 260 1348 330 οὐδέν,
1404 259 1547 315 ἄλλα
1602 261 1754 333 παρὰ
1809 267 1985 318 ταῦτα

195 350 388 404 ,πάντα
412 347 607 420 ἕτερόν
633 368 704 418 τι,
745 343 882 400 αὐτὸ
922 345 985 400 τὸ
1013 350 1162 400 ἴσον·
1206 346 1401 416 φῶμέν
1438 366 1491 400 τι
1529 342 1673 400 εἶναι
1708 346 1744 417 ἢ
1781 348 1983 418 μηδέν;

105 476 116 480 x
150 438 412 506 ΒΦῶμεν
457 434 648 505 μέντοι
694 430 763 501 νὴ
802 429 921 500 Δί’,
974 433 1082 500 ἔφη
1131 428 1160 483 ὁ
1199 433 1470 501 Σιμμίας,
1524 436 1864 502 θαυμαστῶς
1899 453 1982 501 γε.

196 513 272 573 Ἦ
322 521 417 574 καὶ
474 519 822 588 ἐπιστάμεθα
870 512 1007 568 αὐτὸ
1054 513 1087 568 ὃ
1133 516 1311 580 ἔστιν;
1364 516 1532 569 Πάνυ
1580 535 1673 585 γε,
1720 509 1757 586 ἦ
1803 515 1854 569 δ’
1905 515 1982 580 ὅς.

203 603 405 660 Πόθεν
453 604 722 673 λαβόντες
768 599 947 655 αὐτοῦ
993 597 1097 668 τὴν
1145 600 1480 670 ἐπιστήμην;
1531 595 1624 670 ἆρ’
1663 597 1770 654 οὐκ
1809 600 1867 665 ἐξ
1905 594 1986 654 ὧν

204 693 316 743 νῦν
355 687 423 759 δὴ
465 689 758 757 ἐλέγομεν,
797 686 834 756 ἢ
872 684 1012 749 ξύλα
1048 682 1084 754 ἢ
1122 687 1323 748 λίθους
1359 683 1394 755 ἢ
1432 683 1558 738 ἄλλ’
1598 684 1734 739 ἄττα
1773 685 1988 748 ἰδόντες

206 778 330 843 ἴσα,
371 774 434 827 ἐκ
472 771 692 826 τούτων
732 772 916 825 ἐκεῖνο
957 769 1364 838 ἐνενοήσαμεν,
1403 769 1595 839 ἕτερον
1634 768 1701 824 ὂν
1738 769 1984 834 τούτων;

203 858 242 928 ἢ
279 856 383 927 οὐχ
420 856 615 928 ἕτερόν
653 870 744 909 σοι
782 856 1071 924 φαίνεται;
1113 853 1311 908 σκόπει
1341 853 1410 908 δὲ
1449 855 1542 907 καὶ
1578 857 1730 925 τῇδε.
1783 847 1877 924 ἆρ’
1918 851 1987 907 οὐ

206 945 362 997 λίθοι
399 941 504 1012 μὲν
544 944 657 994 ἴσοι
695 941 790 994 καὶ
827 939 967 1004 ξύλα
1007 940 1188 994 ἐνίοτε
1225 936 1401 992 ταύτὰ
1439 935 1575 992 ὄντα
1601 939 1725 994 τοτὲ
1750 939 1854 1008 μὲν
1893 943 1987 992 ἴσα

319 1093 476 1167 παρὰ
519 1098 702 1143 ταῦτα
743 1092 953 1153 πάντα]
981 1098 1051 1140 Sic
1073 1099 1192 1141 Bodl
1217 1099 1322 1142 Tub.
1348 1099 1452 1139 Ven.
1479 1098 1639 1139 HPar.
1665 1099 1711 1141 G.
1736 1099 1847 1139 Vett.
1872 1098 1987 1139 editt.

204 1172 336 1212 παρα
357 1171 518 1200 παντα
538 1154 707 1198 ταῦτα.

321 1207 463 1256 αὐτὸ
486 1209 547 1254 τὸ
572 1212 718 1265 ἴσον]
741 1205 869 1253 αὐτῶ
894 1213 999 1253 ven.
1025 1213 1065 1253 Λ
1089 1212 1182 1252 Pal.
1204 1213 1266 1252 HI
1289 1219 1328 1251 et
1349 1225 1413 1265 pl.
1437 1212 1483 1252 Ε.
1510 1224 1559 1252 τε
1581 1224 1656 1265 pro
1679 1207 1732 1253 τό
1753 1226 1816 1266 pr.
1837 1212 1959 1255 Bodl.

319 1271 366 1315 B.
398 1270 597 1325 Φῶμεν

637 1255 855 1323 μέντοι]
899 1268 968 1309 Sic
996 1269 1115 1309 Bodl.
1139 1269 1235 1310 Vat.
1267 1269 1374 1310 Tub.
1399 1269 1506 1308 Ven.
1530 1268 1579 1309 H
1604 1269 1733 1310 Vind.
1757 1269 1796 1311 Φ
1828 1269 1935 1310 F101.
1960 1269 1989 1310 d

206 1329 300 1372 Par.
322 1327 358 1368 G
380 1329 524 1368 Ambr.
546 1333 586 1366 et
607 1338 711 1390 cort}³
735 1325 862 1366 Coisl.
906 1324 1012 1365 Olim
1036 1332 1142 1364 erat:
1175 1323 1343 1378 Φῶμεν
1363 1324 1543 1366 τοίνυν.

320 1376 347 1426 ὃ
370 1379 574 1435 ἔστινς]
608 1383 661 1426 V.
685 1372 710 1423 ὃ
735 1377 862 1424 ἔστιν
884 1379 1003 1423 ἰσον.
1044 1380 1132 1422 Sed
1153 1379 1258 1423 ἴσον
1280 1393 1361 1422 om.
1385 1393 1495 1434 apr.
1521 1395 1576 1423 m.
1600 1382 1641 1422 in
1663 1381 1784 1424 Bodl.
1807 1382 1916 1424 Ven.
1942 1380 1989 1423 11

208 1449 248 1482 et
268 1453 381 1482 corr.
402 1441 497 1481 Par.
521 1440 571 1482 G.
601 1440 730 1480 Deest
750 1439 850 1478 item
870 1439 914 1478 in
934 1438 1041 1482 Tub
1066 1445 1106 1477 et
1127 1439 1309 1491 August
1339 1438 1424 1478 Nec
1445 1438 1621 1478 dubium
1644 1445 1707 1479 est
1729 1439 1829 1489 quin
1852 1445 1987 1478 ortum

207 1498 263 1540 sit
304 1511 358 1540 ex
397 1497 674 1551 glossemate;
716 1495 1005 1535 necessarium
1046 1507 1143 1535 esse
1171 1507 1247 1535 nec
1278 1495 1581 1535 demonstravit
1607 1495 1752 1538 Herm.
1783 1494 1986 1536 Schmidt.

206 1555 312 1599 Krit.
334 1554 498 1598 Comm.
520 1555 551 1594 Ι
574 1567 616 1607 p.

640 1554 694 1594 50
723 1553 918 1616 quamvis
939 1552 1109 1616 piolixa
1131 1552 1417 1605 disputatione
1439 1552 1491 1592 de
1514 1563 1561 1591 ea
1582 1563 1627 1591 re
1648 1553 1856 1593 instituta.

321 1604 551 1659 ἰδόντες
593 1608 704 1661 ἴσα]
746 1610 799 1650 V.
831 1601 1019 1656 ἰδόντες
1048 1622 1107 1649 τα
1138 1606 1235 1649 ἰ’.σα
1277 1609 1408 1648 Recte
1438 1600 1496 1649 τά
1519 1620 1601 1652 οιιι.
1625 1608 1744 1651 Bodl.
1763 1610 1868 1650 Tub.
1890 1591 1987 1649 Vat.

206 1669 317 1710 Ven.
339 1667 536 1709 HVind.
559 1666 713 1708 ΦΡειι.
737 1664 938 1705 GAmbr.
964 1666 1071 1706 Flor.
1095 1666 1122 1705 d
1158 1666 1252 1707 Zitt.

321 1751 449 1780 τοτε
471 1733 574 1791 μὲν
605 1735 700 1778 ἴσα
723 1734 1034 1802 φαίνεται,
1058 1730 1202 1776 τοτὲ
1199 1728 1259 1775 δ’
1281 1726 1390 1788 ov]
1413 1735 1492 1776 Pro
1515 1749 1619 1778 τοτε
1640 1732 1727 1790 μέν
1750 1743 1790 1777 et
1811 1731 1916 1778 τοτὲ
1937 1728 1989 1777 δ’

207 1795 330 1837 Bodl.
341 1808 406 1849 pr
418 1795 528 1835 Ven.
540 1793 591 1835 H
607 1806 633 1834 a
653 1805 716 1846 pl.
731 1806 789 1835 m.
805 1790 867 1849 τῷ
890 1788 976 1846 μέν
999 1801 1038 1832 et
1059 1790 1123 1848 τῷ
1147 1787 1202 1833 δέ
1224 1794 1427 1845 scriptum
1448 1792 1617 1843 habent,
1641 1793 1755 1844 quod
1777 1802 1842 1834 est
1863 1794 1990 1834 etiam

206 1853 248 1892 in
271 1852 379 1892 Tub.
424 1850 511 1892 Sed
541 1863 590 1891 ea
621 1850 831 1904 scriptura
839 1836 1020 1889 videtur
1043 1861 1096 1889 ex
1116 1858 1390 1902 praepostera
1412 1850 1622 1893 emendat.
1647 1851 1737 1892 crit.
1762 1856 1852 1890 orta
1875 1863 1987 1894 csse.

207 1922 248 1950 v.
272 1909 387 1962 expl.

264 2041 408 2091 αλλὰ
448 2061 603 2102 παρα
640 2047 826 2090 ταῦτα
867 2042 1056 2091 πάντα

208 2099 408 2160 ἕτερόν
449 2105 526 2157 τι]
587 2105 627 2145 h.
672 2118 707 2149 e.
769 2107 863 2146 sed
912 2106 1057 2145 aliud

208 2163 455 2215 quiddam
523 2162 784 2215 intellego
845 2163 903 2202 ab
973 2162 1056 2202 his

209 2220 450 2260 omnibus
494 2219 783 2261 diversum.
824 2219 988 2260 Politic.
1012 2233 1053 2272 p

207 2279 291 2318 295
314 2276 346 2315 Ε
375 2268 439 2329 μὴ
465 2268 634 2326 ἐξέστω
665 2270 726 2329 δὴ
749 2269 879 2329 παρὰ
903 2275 1057 2317 ταῦτα

209 2329 346 2386 ετερα
376 2327 701 2399 προςτοὶττειν.
743 2332 804 2373 De
821 2334 931 2400 ³Rep
957 2335 987 2376 l
1012 2346 1054 2385 p.

208 2392 290 2431 337
320 2389 355 2428 D
398 2387 540 2453 δείξω
589 2381 755 2443 ἑτέραν
804 2400 1056 2443 αποκρισιν

207 2441 337 2498 παρὰ
375 2456 532 2493 πασας
567 2444 760 2494 ταύτας
805 2447 901 2486 Alia
931 2446 1056 2486 huius

208 2502 380 2555 generis
385 2503 601 2570 exempla
623 2516 662 2545 v.
688 2504 743 2543 ad
769 2504 847 2544 107
872 2504 922 2546 A.
958 2502 1057 2543 Mox

209 2560 362 2599 dicitur
384 2571 546 2623 ετερον
568 2573 629 2601 αν
651 2552 868 2601 τούτων.

267 2607 411 2656 αὐτὸ
435 2609 495 2656 τὸ
521 2613 664 2669 ἰσον]
695 2629 722 2658 ι
750 2629 785 2658 e
811 2616 980 2656 ideam
1009 2624 1058 2655 et

209 2670 425 2711 formam
474 2673 827 2737 aequalitatis
878 2673 1053 2712 animo

209 2735 532 2792 conceptam
590 2728 695 2767 Nam
738 2720 858 2769 αὐτό
898 2729 1056 2768 indicat

209 2784 294 2823 vim
325 2791 366 2823 et
393 2791 582 2823 naturam
613 2784 791 2823 alienius
823 2785 882 2824 rei
913 2797 989 2837 pet
1011 2797 1056 2824 se

208 2840 518 2880 considemtae.

265 2896 312 2939 B.
346 2889 532 2938 πόθεν
555 2889 850 2950 λαβόντες]
875 2910 931 2938 se.
957 2889 1056 2937 ἐπι-

209 2948 449 3020 στάμεθα,
471 2960 513 2992 ut
535 2965 635 2992 mox
657 2966 699 3006 p.
723 2955 776 2993 76
800 2954 846 2995 (3.

266 2998 353 3060 ἆρ’
385 3003 488 3050 οὐκ
517 3001 574 3060 ἐξ
606 2998 679 3049 ὧν
713 3032 760 3037 -
791 3002 1054 3077 τουτων]

211 3064 281 3106 Sic
303 3077 404 3106 mox
426 3079 467 3119 p.
492 3067 545 3106 74
563 3066 593 3107 C
615 3058 734 3107 ἀλλὰ
756 3059 853 3118 μὴν
876 3059 925 3107 ἐκ
949 3062 1056 3107 τού-

209 3136 303 3164 των
331 3115 380 3176 γ’
385 3154 397 3175 ,
415 3118 557 3191 ἐφη,
588 3120 680 3163 τῶν
710 3121 845 3174 ἴσων,
886 3115 1055 3186 ἑτέρων

209 3171 363 3220 ὄντων
406 3171 593 3221 ἐκείνου
634 3177 717 3220 τοῦ
759 3154 887 3247 ἰ’,·’,σου
931 3171 1056 3244 ὅμως

210 3227 361 3276 αὐτοῦ
393 3234 496 3285 (τοῦ
519 3234 644 3286 ἴσον)
674 3229 761 3289 τὴν
792 3211 1055 3289 ἐπιστήμην

210 3284 467 3346 ἐνενόηκοές
497 3305 546 3333 τε
567 3289 649 3333 καὶ
674 3291 899 3346 εἰ’ληφας;
924 3293 1055 3331 Nimi-

210 3360 303 3388 rum
332 3361 474 3388 r=exum
497 3356 764 3389 externarum
787 3350 1054 3402 perceptione

211 3405 289 3444 hoc
311 3403 420 3445 effici
442 3406 681 3456 arbitratur,
704 3414 750 3446 ut
771 3406 958 3445 idearum
983 3419 1055 3445 no*

212 3462 277 3502 bis
307 3470 522 3515 tamquam
552 3463 711 3503 conscii
740 3463 905 3503 fiamus.
949 3463 1054 3503 Nam

1146 2055 1283 2089 ortum
1324 2061 1465 2088 earum
1515 2049 1659 2102 ipsum
1709 2048 1990 2103 philosophus

1145 2117 1231 2145 non
1262 2117 1315 2145 ex
1343 2106 1469 2146 rebus
1498 2106 1880 2159 adspectabilibus,
1913 2107 1989 2147 sed

1146 2174 1200 2201 ex
1220 2162 1307 2201 vita
1324 2162 1558 2202 animorum
1577 2163 1793 2215 superiore
1810 2163 1988 2216 repetiit.

1146 2217 1257 2260 conf
1276 2219 1410 2284 etia,m
1432 2231 1474 2272 p.
1500 2220 1552 2260 75
1571 2218 1666 2263 AB.

1202 2263 1290 2329 ἆρ’
1305 2268 1375 2316 οὐ
1400 2275 1564 2316 λίθοι
1587 2298 1639 2304 -
1662 2289 1785 2317 τοτε
1809 2269 1859 2317 δ’
1880 2267 1989 2329 οὕς]

1144 2330 1186 2374 h.
1219 2344 1256 2375 e.
1288 2343 1458 2372 annon
1486 2333 1713 2385 lapides,
1745 2335 1829 2383 qui
1866 2343 1991 2374 sunt

1142 2388 1281 2428 inter
1310 2401 1364 2428 se
1393 2389 1667 2441 aequales,
1697 2398 1853 2441 atque
1883 2389 1987 2442 lig—

1143 2457 1206 2485 na
1242 2445 1423 2485 itidem
1459 2446 1600 2485 inter
1629 2459 1686 2486 se
1715 2447 1989 2498 aequalia,

1144 2514 1455 2553 quamquam
1496 2509 1620 2542 sunt
1660 2503 1864 2556 cadem,
1907 2509 1990 2542 ta-

1143 2570 1254 2597 men
1277 2559 1540 2598 interdum
1564 2560 1702 2599 inter
1722 2572 1777 2600 se
1798 2572 1988 2611 aequa-

1143 2614 1218 2654 lia
1247 2615 1514 2663 videntur,
1558 2615 1822 2655 interdum
1861 2617 1989 2657 non?

1142 2671 1216 2713 i.e.
1232 2682 1372 2710 nonne
1395 2683 1463 2711 res
1489 2671 1674 2722 eaedem,
1690 2683 1799 2721 quae
1816 2673 1989 2724 quidem

1144 2727 1223 2766 sub
1246 2739 1400 2767 sensus
1423 2727 1590 2776 cadunt,
1615 2729 1740 2768 modo
1759 2729 1837 2780 sic,
1859 2730 1987 2770 modo

1144 2783 1263 2822 aliter
1304 2791 1571 2836 comparatae
1622 2785 1839 2834 videntur,
1892 2799 1988 2826 cum

1143 2839 1239 2878 idea
1279 2841 1570 2892 aequalitatis,
1612 2854 1738 2892 quam
1774 2842 1817 2882 in
1845 2843 1987 2883 animo

1143 2896 1435 2948 consignatam
1467 2896 1687 2949 habemus,
1718 2910 1886 2952 semper
1914 2912 1987 2939 ea-

1142 2952 1234 2992 dem
1260 2960 1426 2993 maneat
1448 2966 1523 2993 nec
1547 2953 1671 2994 ullam
1694 2956 1843 2996 subeat
1865 2957 1988 2996 vicis-

1142 3010 1399 3049 situdinem?
1446 3010 1611 3051 Etenim
1654 3012 1762 3052 inter
1802 3025 1867 3052 res
1908 3014 1988 3053 sub

1145 3079 1298 3106 sensus
1320 3067 1521 3108 cadentes
1545 3075 1584 3108 et
1605 3068 1713 3108 iuter
1734 3081 1876 3109 earum
1898 3068 1985 3109 sor·

1143 3135 1234 3163 mas
1257 3124 1298 3162 in
1322 3124 1475 3163 animis
1499 3126 1772 3177 consignatas
1795 3125 1876 3166 hoc
1897 3126 1986 3166 dis-

1145 3180 1331 3220 criminis
1383 3181 1624 3234 intercedit,
1676 3183 1789 3233 quod
1829 3182 1987 3223 alterae

1144 3249 1311 3290 semper
1341 3239 1555 3278 varientur
1589 3239 1782 3288 adeoque
1824 3239 1893 3279 uui
1926 3240 1983 3278 ei-

1143 3294 1324 3344 demque
1352 3293 1512 3334 homini
1540 3295 1621 3334 alio
1651 3301 1839 3348 tempore
1867 3295 1986 3335 aliter

1143 3359 1412 3403 comparatae
1442 3352 1683 3401 videantur,
1725 3352 1883 3391 alterae
1918 3353 1984 3391 sni

1142 3409 1328 3460 speciem
1352 3409 1445 3447 sive
1466 3409 1602 3448 ideam
1622 3419 1789 3461 semper
1806 3409 1982 3448 eandem

1143 3464 1378 3505 exhibeant.
1433 3467 1474 3505 ln
1499 3478 1582 3517 qna
1612 3465 1781 3516 quidem
1813 3473 1983 3507 sentcn-
