2158 3718
735 0 769 22 ,Σ
788 0 809 22 ,κ
832 0 884 17 *³3¹*st
900 0 990 29 ⁷¹¹⁵·
1011 15 1013 17 Ι
1036 0 1040 3 .

245 116 351 170 276
388 97 390 100 ⁴
967 114 1290 159 PLATONrs
1325 140 1328 142 -

183 265 218 307 O
247 253 315 310 τοὶ
363 254 570 327 ἄστρα,
619 253 687 309 ὃν
736 253 804 325 δὴ
852 250 1394 329 αἰθέραῆόνομάζειν
1437 254 1573 319 τούς
1619 253 1868 319 πολλοὺς
1918 259 2036 310 τῶν

249 341 378 410 περὶ
423 337 492 394 τὰ
540 343 772 393 τοιαῦτα
819 338 1109 393 εἰωθότων
1156 337 1369 406 λέγειν·
1436 332 1509 393 οὗ
1544 338 1613 409 δὴ
1661 337 2036 410 ὑποστάθμην

247 428 425 479 ταῦτα
464 421 607 478 εἶναι
645 425 739 478 καὶ
777 424 1006 495 ξυρῤεῖν
1044 421 1130 476 ἀεὶ
1169 423 1247 486 εἰς
1282 421 1350 476 τά
1388 427 1552 478 κοῖλα
1588 428 1686 493 τῆς
1722 427 1840 494 γῆς.
1894 421 2038 495 ἡμᾶς

248 504 358 578 οὖν
395 509 695 572 οἰκοῦντας
734 509 798 562 ἐν
835 516 951 571 τοῖς
988 511 1198 570 κοίλοις
1245 504 1417 578 αὐτῆς
1454 509 1755 579 λεληθέναι
1792 509 1887 562 καὶ
1922 512 2040 563 οἴε-

251 600 390 648 σθαι
437 591 555 647 ἅνω
597 594 688 646 ε’πὶ
725 596 823 662 τῆς
858 596 961 661 γῆς
998 593 1205 660 οἰκεῖν,
1246 589 1428 663 ὥςπερ
1468 593 1540 647 ἄν
1579 599 1635 648 εἴ
1664 614 1747 657 τις
1787 595 1851 648 ἐν
1887 594 2038 665 μέσῳ

249 682 327 750 τῷ
365 678 617 747 πυθμένι
662 680 764 730 τοῦ
811 676 1093 746 πελάγους
1139 677 1314 730 οἰκῶν
1359 679 1535 732 οἴοιτό
1570 698 1630 732 τε
1669 679 1761 734 ἐπὶ
1796 682 1893 748 τῆς
1927 684 2041 732 θα-

251 763 452 831 λάττης
499 762 677 814 οἰκεῖν
724 762 818 814 καὶ
866 759 959 814 διὰ
1005 764 1106 814 τοῦ
1155 758 1363 825 ὕδατος
1409 759 1562 832 ὁρῶν
1608 762 1708 816 τὸν
1743 762 1908 834 ἥλιον
1945 763 2039 816 καὶ

250 845 325 900 τὰ
357 845 501 899 ἄλλα
539 843 719 915 ἄστρα
755 844 860 916 τὴν
895 845 1187 900 θάλατταν
1224 844 1416 915 ἡγοῖτο
1455 844 1706 917 οὐρανὸν
1744 844 1908 916 εἶναι,
1948 845 2040 901 διὰ

183 943 220 984 D
251 932 314 985 δὲ
351 929 676 999 βραδυτῆτά
711 949 771 984 τε
796 930 890 984 καὶ
916 928 1220 985 ἀσθένειαν
1257 932 1623 1001 μηδεπώποτε
1663 933 1755 986 ἐπὶ
1790 930 1859 986 τὰ
1895 930 2041 1002 ἄκρα

250 1018 348 1086 τῆς
392 1014 675 1084 θαλάττης
722 1013 1030 1085 ἀφιγμένος
1075 1016 1215 1086 μηδὲ
1263 1015 1522 1086 ἑωρακώς
1570 1021 1681 1086 εἴη,
1734 1015 1902 1080 ἐκδὺς
1947 1017 2042 1070 καὶ
2127 1018 2139 1026 “

250 1098 548 1166 ἀνακύψας
597 1100 659 1153 ἐκ
710 1104 807 1170 τῆς
850 1101 1134 1170 θαλάττης
1182 1103 1260 1165 εἰς
1296 1100 1397 1154 τὸν
1437 1102 1648 1155 ἐνθάδε
1684 1102 1886 1171 τόπον,
1927 1099 2041 1174 ὅσῳ

250 1185 651 1255 καθαρώτερος
688 1187 782 1238 καὶ
819 1189 1068 1240 καλλίων
1106 1187 1371 1256 τυγχάνει
1410 1185 1492 1240 ὢν
1528 1190 1631 1240 τοῦ
1668 1185 1821 1257 παρὰ
1858 1189 2040 1256 σφίσι,

250 1270 392 1340 μηδὲ
447 1267 626 1323 ἄλλον
682 1268 934 1339 ἀκηκοώς
990 1275 1074 1339 εἴη
1136 1275 1237 1324 τοῦ
1301 1271 1627 1339 ἑωρακότος.
1703 1269 1913 1326 ταύτὸν
1974 1268 2042 1341 δὴ

248 1357 420 1408 τοῦτο
458 1355 553 1407 καὶ
590 1352 733 1427 ἡμᾶς
769 1356 1143 1424 πεπονθέναι·
1187 1357 1486 1419 οἰκοῦντας
1510 1355 1618 1426 γὰρ
1645 1358 1708 1410 ἔν
1733 1376 1844 1410 τινι
1870 1358 2042 1427 κοίλῳ

247 1442 349 1507 τῆς
393 1442 495 1508 γῆς
541 1442 763 1492 οἰέσθαι
803 1439 992 1493 ἐπάνω
1040 1439 1213 1510 αὐτῆς
1250 1441 1456 1510 οἰκεῖν,
1496 1442 1590 1494 καὶ
1627 1439 1730 1494 τὸν
1768 1440 1904 1512 ἀέρα
1941 1438 2044 1494 οὕ-

250 1522 430 1594 ρανόν
478 1526 700 1592 καλεῖν,
753 1520 827 1586 ὥς
874 1523 967 1578 διὰ
1013 1525 1221 1578 τούτου
1268 1524 1522 1594 οὐρανοῦ
1560 1523 1723 1590 ὄντος
1758 1523 1827 1580 τὰ
1864 1524 2043 1596 ἄστρα

369 1723 414 1766 C.
445 1716 581 1771 τούς
602 1718 855 1772 πολλοὺς
876 1723 985 1766 τῶν
1005 1723 1138 1778 περὶ
1159 1739 1198 1766 τ.
1222 1740 1260 1769 τ.
1289 1722 1445 1770 stc-2³.
1466 1723 1526 1781 L]
1552 1727 1695 1767 Verba
1716 1722 2042 1780 τῶν-λέγειν

250 1781 374 1821 eiecit
395 1779 622 1834 Hirschig„
652 1782 725 1832 qui
756 1778 910 1835 λέγειν
931 1781 1046 1836 περί
1061 1796 1105 1823 τι
1128 1781 1337 1823 Graecum
1360 1795 1456 1823 esse
1478 1790 1619 1837 negat.
1642 1796 1684 1827 v,
1707 1784 1927 1838 explicatt.

368 1857 466 1905 διὰ
496 1859 558 1906 δὲ
588 1863 950 1922 βραδυτῆτα]
977 1866 1078 1908 Vat.
1102 1859 1395 1921 βραδύτητα.
1439 1867 1525 1908 Sed
1547 1867 1771 1908 verissime
1789 1866 2042 1908 Grammati-

248 1933 328 1962 cus
357 1934 426 1975 ap.
458 1921 649 1962 Bastium
676 1922 815 1974 Epist.
845 1923 938 1963 crit.
969 1936 1011 1976 p.
1037 1925 1119 1964 199
1149 1925 1392 1964 observavit
1423 1925 1593 1965 nomina
1621 1918 1877 1979 βραδυτής,
1901 1938 2045 1979 ταχυ·

250 1971 885 2086 {Zaehgngvg'gssaoeemum
915 1979 1026 2020 ferre
1054 1981 1100 2020 in
1130 1980 1289 2033 syllaba
1321 1982 1486 2021 ultima.
1517 1981 1571 2021 ef.
1596 1981 1853 2022 Boissonad.'
1869 1981 1925 2022 ad
1946 1981 2044 2022 Phi-

312 2204 358 2246 G.
393 2197 624 2257 περὶτὰ
660 2203 907 2247 τοιαῦτα
937 2228 990 2236 --
1013 2203 1105 2248 22³⁶

250 2258 398 2316 γειν]
423 2262 645 2312 Loquendi
671 2274 809 2314 genus
837 2263 947 2303 idem
969 2263 1102 2303 habes

254 2318 383 2371 Gorg.
406 2332 446 2372 p.
472 2320 556 2360 490
579 2318 610 2359 C
636 2316 746 2372 περὶ
775 2318 905 2361 σιτία
935 2315 1100 2374 λέγεις,

251 2375 325 2415 ubi
346 2388 390 2415 v.
411 2387 510 2415 ann.
554 2373 748 2415 Ceterum
769 2376 823 2417 cf.
845 2388 893 2428 p.
916 2378 997 2418 108
1020 2377 1065 2417 O.

268 2508 279 2524 e
312 2447 375 2499 οὗ
409 2452 477 2510 δὴ
507 2452 913 2515 ὑποστάθμην]
944 2460 1105 2501 Dicitur

255 2510 548 2569 υποστάθμη
600 2518 863 2568 quidquid
915 2520 1104 2558 subse-

256 2572 348 2618 dit,
391 2573 656 2621 sedimen,
688 2573 822 2615 faex.
865 2587 905 2612 V.
942 2575 1102 2615 Gata-

256 2629 361 2671 ker,
402 2628 456 2667 ad
499 2629 699 2668 Antonin.
733 2630 806 2671 IX.
848 2631 917 2670 36.
961 2631 1104 2670 Obss.

256 2683 480 2723 Miscell.
504 2685 601 2727 Vol.
625 2686 678 2726 V.
704 2698 745 2737 p.
770 2687 869 2726 230.
891 2687 1105 2725 Wesse-

255 2739 379 2791 ling.
403 2740 458 2778 ad
478 2740 649 2780 Diodor.
675 2740 757 2783 Sic.
781 2743 826 2781 T.
851 2743 880 2781 Ι.
904 2755 947 2795 p.
971 2743 1067 2781 211.

312 2815 461 2875 ἡμᾶς
521 2811 624 2864 οὖν
664 2846 718 2853 -
759 2823 1099 2880 λεληθέναι]

255 2879 416 2919 Horum
444 2880 669 2919 verborum
699 2884 949 2921 sententiam
992 2891 1105 2922 recte

255 2936 320 2974 sic
341 2935 572 2976 declaravit
601 2936 925 2990 Stephanus:
958 2951 981 2977 a
1012 2952 1101 2979 no-

255 2992 337 3031 bis
367 2991 529 3043 igitur
560 2993 799 3045 ignorari
832 3007 926 3034 nos
958 2995 1006 3034 in
1036 2996 1101 3034 il-

256 3047 328 3088 lis
350 3050 781 3091 concavitatibus
804 3051 1065 3095 habitare.

316 3126 374 3174 ἐν
401 3131 548 3188 μέσῳ
577 3132 648 3191 τῷ
678 3131 943 3189 πυθμένι
966 3149 1005 3179 τ.
1030 3134 1102 3204 m]

258 3191 309 3229 in
331 3190 430 3229 imo
453 3191 604 3242 mari,
636 3204 732 3231 nam
755 3199 1028 3246 opponuntur
1048 3209 1106 3235 τα

256 3237 383 3298 ἄκρα
405 3246 490 3300 τῆς
507 3242 769 3303 θαλάττης.

317 3329 368 3374 D.
400 3330 500 3396 toy?
523 3328 675 3386 παρὰ
702 3331 887 3389 σφίσι]
915 3335 1105 3388 Exspec-

185 3430 196 3434 ,
258 3394 324 3427 tas
346 3400 475 3442 παρα
498 3384 550 3429 οἷ
577 3390 639 3430 vel
662 3383 782 3445 παρ’
806 3383 974 3447 ἕαυτῷ.
1020 3392 1105 3433 Sed

258 3444 318 3483 ita
339 3452 435 3498 post
459 3443 508 3486 εἶ’
522 3458 591 3494 τις
614 3460 742 3501 saepe
764 3447 941 3488 infertur
961 3461 1104 3489 nume-

1191 2220 1262 2247 rus
1284 2207 1477 2259 pluralis.
1503 2219 1542 2248 V.
1574 2207 1628 2247 ad
1663 2207 1816 2262 Remp.
1838 2209 1871 2251 Ι.
1893 2220 1938 2262 p.
1958 2207 2041 2249 344

1190 2264 1236 2305 B.
1271 2265 1324 2307 V.
1343 2265 1428 2305 468
1448 2263 1499 2304 D.

1249 2369 1317 2424 ὡς
1351 2373 1447 2417 διὰ
1477 2369 1685 2441 τούτου
1708 2398 1759 2406 -
1788 2374 2042 2448 χωροῦν-

1193 2430 1281 2531 ἒῗέ
1310 2429 2042 2544 2325}ss⁶5553⁰0352225⁰ssti⁰02²33

1191 2538 1329 2594 ὄντος
1351 2539 1409 2586 τὰ
1432 2538 1580 2599 ἄστρα
1601 2550 1786 2601 χωρεῖν.
1816 2545 2043 2594 Construc-

1193 2604 1248 2643 tio
1273 2603 1419 2641 eadem
1443 2610 1518 2650 est,
1552 2616 1661 2654 quae
1682 2603 1742 2643 De
1764 2603 1944 2656 Republ.
1968 2603 2039 2645 IV.

1191 2672 1234 2711 p.
1256 2659 1340 2699 426
1364 2657 1395 2698 C
1424 2652 1800 2711 προαγορεύουσι
1831 2661 1930 2706 τοῖς
1956 2671 2044 2700 πο·

1194 2714 1347 2761 λίταις
1377 2708 1467 2766 τὴν
1504 2712 1799 2756 κατάστασιν
1834 2713 1921 2768 τῆς
1955 2708 2039 2756 πό-

1194 2772 1307 2817 λεως
1337 2761 1455 2824 ὅλην
1483 2765 1553 2837 μῆ(
1572 2774 1741 2824 κινεῖν,
1765 2765 1826 2819 ὡς
1848 2764 2043 2813 ἀποθα-

1193 2820 1427 2879 νούμενον
1448 2818 1500 2875 ὃς
1522 2841 1583 2868 αν
1606 2826 1745 2869 τοῦτο
1769 2826 1876 2882 δρᾷ.
1909 2828 2040 2881 Legg.

1194 2886 1224 2924 Ι.
1250 2885 1332 2924 643
1358 2883 1405 2925 D.
1438 2885 1510 2926 VI.
1536 2886 1617 2925 762
1635 2885 1680 2927 E.
1717 2885 1799 2926 765
1825 2886 1868 2925 Ε.
1902 2885 2041 2927 7831).

1193 2940 1266 2979 ΙΧ.
1290 2942 1373 2981 853
1397 2940 1442 2983 C.
1482 2942 1565 2981 874
1588 2941 1634 2985 Β.
1676 2941 1730 2981 Χ.
1754 2942 1837 2983 886
1859 2942 1907 2981 D.
1946 2942 2040 2983 XII.

1190 2997 1273 3037 968
1296 2999 1345 3038 Α.
1385 2998 1497 3038 Prot.
1531 3011 1574 3051 p.
1606 2999 1690 3039 342
1711 2997 1759 3041 C.
1799 2997 1971 3041 Theaet.
1996 3011 2039 3052 p.

1191 3055 1273 3094 157
1296 3053 1341 3093 E.
1375 3053 1483 3096 Xen.
1527 3054 1630 3096 Hell.
1673 3056 1726 3098 II.
1768 3056 1814 3105 3,
1856 3056 1931 3107 19,
1971 3055 2043 3095 ubi

1195 3117 1292 3163 post
1313 3101 1463 3162 ὥςπερ
1495 3119 1535 3151 et
1556 3111 1825 3164 participium
1845 3111 1885 3150 in
1910 3111 2040 3151 altero

1194 3168 1382 3207 membro
1412 3168 1684 3220 subiungitur
1719 3167 1948 3221 optativus
1991 3169 2040 3207 In

1193 3223 1259 3263 his
1289 3231 1329 3263 et
1357 3224 1566 3264 similibus
1596 3225 1700 3264 locis
1722 3225 1894 3276 ponitur
1914 3235 2041 3264 accu-

1193 3281 1356 3320 sativus
1378 3281 1588 3334 participii
1609 3288 1847 3334 propterea,
1861 3280 1975 3346 quod
1997 3280 2040 3319 in

1192 3332 1253 3383 ὥς
1291 3338 1403 3377 inest
1443 3338 1556 3378 notio
1597 3337 1716 3376 verbi
1757 3330 2038 3390 ἡγουμενος,

1191 3392 1408 3445 νομίζων,
1451 3386 1681 3447 οἰόμενος.
1723 3407 1761 3436 v.
1786 3392 2040 3434 Matthiae
