2158 3718
322 110 423 163 184
891 106 1435 160 PRAEFATIO

319 249 568 302 deantur.
642 250 771 304 Alia
807 267 938 302 vero
971 247 1112 300 ratio
1153 254 1238 300 est
1269 247 1439 316 partis
1477 246 1823 318 posterioris,
1875 266 2015 316 quae

317 319 444 373 inde
492 339 524 372 a
571 341 630 392 p,
671 325 759 375 4&
811 320 876 372 B.
929 317 1224 372 exorditur.
1309 317 1396 370 Ea
1457 317 1600 371 enim
1648 316 2017 372 dilucidantur

317 393 591 459 rationeS,
650 393 848 462 quibus
898 397 1177 460 permotus
1231 388 1488 451 Socrates
1535 390 1613 442 ita
1660 389 1879 458 statuit,
1953 396 2018 443 ut

317 463 423 517 sibi
460 463 736 517 existimet
773 462 925 515 nullo
964 469 1124 531 pacto
1161 460 1325 514 licere
1361 461 1547 514 invitis
1585 461 1801 532 legibus
1839 460 2017 532 publi-

318 535 398 587 cis
446 554 475 587 e
525 534 776 588 custodia
826 532 1062 586 carceris
1111 530 1368 603 effugere.
1452 530 1609 599 Quae
1670 531 1889 601 quidem
1939 531 2018 584 ita

319 614 660 676 comparatae
713 615 874 671 sunt,
922 603 1087 657 sicuti
1134 605 1251 673 ipse
1303 602 1520 656 disertis
1569 604 1752 657 verbis
1790 603 2016 671 indicat,

317 686 379 728 ut
431 697 460 730 e
508 677 660 729 fonte
707 676 933 728 rationis
973 674 1170 728 ductae
1210 674 1350 740 sint,
1398 693 1509 726 non
1560 693 1627 727 ex
1674 694 1823 728 mera
1868 675 2017 728 vitae

318 748 653 818 experientia
691 756 745 799 et
780 766 884 800 usu
921 746 1203 817 repetitae.
1278 743 1511 798 Constat
1549 754 1730 798 autern
1766 746 2013 817 disputa-

317 819 395 871 tio
448 818 690 871 Socratis
739 838 807 870 ex
855 817 1069 870 duabus
1118 815 1369 886 partibus
1405 817 1835 887 principalibus,
1885 835 2019 886 qua-

316 910 436 942 rum
486 897 667 942 tamen
716 890 887 942 altera
925 908 1047 942 cum
1084 888 1252 941 altera
1290 889 1590 940 arctissime
1640 907 1780 940 nexa
1816 895 1900 942 est
1935 898 2019 940 at-

320 980 424 1030 que
463 961 733 1031 copulata.
809 961 954 1014 Nam
990 960 1223 1030 primum
1262 958 1482 1029 quidem
1518 960 1597 1030 (p.
1620 961 1705 1016 46.
1744 958 1808 1013 C.
1837 991 1907 998 —
1930 961 2018 1014 48.

316 1031 410 1102 Β.)
458 1032 714 1101 docetur,
765 1032 821 1084 in
875 1030 1089 1103 agendo
1138 1032 1455 1100 neutiquam
1507 1049 1693 1084 omnes
1741 1030 2020 1084 hominum

318 1104 605 1174 opiniones
641 1103 968 1175 spectandas
1006 1122 1142 1164 esse,
1181 1101 1278 1156 sed
1313 1101 1689 1156 tantummodo
1725 1103 2012 1173 opiniones

319 1175 675 1247 sapientium,
737 1174 842 1228 hoc
889 1182 1002 1243 est,
1066 1193 1230 1227 sanae
1291 1181 1347 1226 et
1393 1175 1743 1245 incorruptae
1788 1173 2019 1227 rationis

316 1246 527 1318 legem,
577 1245 1054 1316 quandoquidem,
1105 1246 1153 1298 si
1203 1245 1325 1314 quis
1376 1243 1797 1316 imprudentium
1833 1243 2021 1298 audiat

316 1318 550 1386 iudicia,
591 1318 896 1388 periculum
934 1318 1035 1384 sit,
1071 1335 1138 1369 ne
1177 1317 1299 1386 quis
1339 1317 1577 1368 animum
1616 1325 1927 1387 corrumpat
1966 1323 2020 1368 et

319 1389 621 1442 iniustitiae
658 1389 930 1459 pravitate
969 1388 1253 1458 deturpet,
1308 1408 1415 1458 quo
1459 1387 1606 1440 facto
1644 1387 1814 1440 vitam
1854 1387 2018 1440 etiam

318 1461 489 1514 multo
535 1461 713 1513 minus
765 1460 986 1512 vitalem
1048 1479 1198 1527 esse,
1263 1478 1423 1528 quam
1483 1478 1712 1529 corpore
1757 1469 2018 1528 corrupto

319 1550 382 1585 ac
419 1531 735 1603 depravatO.
809 1531 973 1585 Unde
1014 1531 1143 1583 item
1182 1531 1473 1602 colligitur,
1513 1549 1579 1583 ne
1608 1530 1775 1583 vitam
1801 1530 2022 1599 quidem

318 1604 492 1674 ipsam
528 1603 700 1674 pluris
739 1621 856 1656 esse
886 1602 1297 1671 aestimandam,
1338 1621 1501 1671 quam
1537 1602 1706 1654 vitam
1743 1602 1882 1655 iuste
1921 1601 2022 1655 ho-

319 1682 584 1744 nesteque
639 1682 844 1742 actam,
898 1693 1036 1744 quae
1082 1694 1192 1726 una
1240 1675 1424 1744 magni
1470 1672 1723 1726 facienda
1760 1673 1847 1727 sit.
1919 1673 2022 1727 Ni-

319 1746 515 1799 mirum
551 1747 660 1799 isto
697 1745 864 1799 modo
901 1753 1056 1817 patet
1095 1754 1149 1798 et
1183 1743 1426 1798 Critonis
1465 1744 1790 1798 sententiam
1827 1744 2020 1814 refelli,

321 1817 415 1886 qui
462 1817 742 1870 hominum
792 1817 1251 1870 existimationem
1307 1816 1569 1888 imprimis
1622 1815 2022 1886 respiciendam

321 1889 644 1958 arbitratur,
685 1895 740 1941 et
774 1907 904 1941 vero
944 1888 1104 1941 etiam
1145 1887 1357 1956 doceri,
1412 1898 1538 1940 ante
1577 1887 1757 1940 omnia
1804 1886 1862 1939 id
1901 1905 2022 1941 esse

321 1958 649 2028 curandum,
714 1967 778 2012 ut
841 1960 1004 2012 animi
1058 1959 1233 2013 virtus
1286 1966 1341 2012 et
1383 1959 1596 2012 iustitia
1646 1966 2020 2028 conservetur,

322 2050 430 2100 qua
489 2031 690 2085 amissa
749 2049 851 2084 nec
908 2031 1031 2101 ipsa
1089 2031 1205 2083 vita
1259 2030 1422 2084 ullius
1471 2031 1633 2100 pretii
1693 2030 1880 2083 futura
1934 2031 2021 2084 sit.

319 2102 648 2156 Aretissime
687 2122 836 2170 vero,
873 2110 935 2154 ut
972 2101 1226 2168 diximuS,
1267 2120 1391 2155 cum
1426 2101 1512 2155 his
1551 2101 1846 2155 cohaerent
1883 2120 2022 2171 quae

320 2181 475 2244 parte
512 2173 901 2245 disputationis
943 2172 1257 2228 Socraticae
1295 2173 1466 2226 altera
1506 2175 1582 2244 (p.
1623 2175 1706 2227 48.
1745 2172 1813 2225 Β.
1842 2203 1910 2212 —-
1935 2175 2020 2227 54.

321 2243 415 2315 C.)
457 2253 825 2316 exponuntur.
901 2245 1108 2316 Agitur
1160 2245 1303 2298 enim
1340 2244 1417 2298 ibi
1452 2245 1587 2312 hoc,
1641 2253 1706 2297 ut
1741 2242 2024 2298 Socratem

321 2317 640 2371 ostendatur
674 2318 807 2388 fuga
845 2314 1183 2388 capessenda
1218 2316 1420 2370 iniuste
1469 2317 1741 2370 facturum
1790 2314 2026 2386 ideoque

321 2389 735 2442 commissurum
790 2406 958 2454 esse,
1001 2395 1066 2440 ut
1117 2388 1262 2440 vitae
1319 2387 1495 2441 bonae
1544 2405 1780 2457 vereque
1847 2387 2024 2440 vitalis

320 2460 588 2512 iacturam
642 2459 827 2512 faciat.
900 2459 1046 2512 Nam
1098 2478 1265 2528 quum
1315 2459 1466 2511 nullo
1517 2466 1681 2530 pacto
1731 2457 1899 2511 liceat
1943 2459 2024 2511 in-

321 2531 464 2583 iuste
515 2531 695 2584 facere
743 2549 806 2583 ac
857 2549 926 2583 ne
972 2529 1223 2582 iniuriam
1268 2528 1490 2598 quidem
1548 2528 1746 2583 iniuria
1798 2529 2019 2597 referre,

322 2610 438 2654 tum
475 2621 576 2655 nec
614 2601 822 2654 civitati
859 2619 922 2654 ac
959 2600 1174 2671 legibus
1212 2600 1446 2670 publicis
1478 2599 1707 2654 docetur
1743 2619 1776 2652 a
1812 2600 2023 2654 civibus

322 2690 562 2740 unquam
600 2673 894 2743 repugnari
920 2678 1192 2742 oportere,
1236 2672 1488 2741 quoniam
1517 2682 1776 2741 tanquam
1803 2680 2023 2743 pactum

325 2743 600 2811 quoddam
649 2762 772 2796 cum
822 2742 1104 2813 republica
1153 2742 1376 2796 inierint
1419 2762 1586 2814 seque
1633 2763 1690 2796 re
1736 2743 1857 2814 ipsa
1894 2762 2023 2814 spo-

323 2814 619 2885 ponderint
681 2814 958 2886 publicam
1018 2813 1201 2883 legum
1273 2814 1570 2886 patriarum
1642 2815 2024 2869 auctoritatem

326 2894 514 2939 sancte
552 2885 785 2939 revereri
822 2885 979 2938 velle.
1055 2885 1263 2938 Violari
1317 2901 1498 2939 autem
1536 2886 1795 2940 iustitiam
1831 2886 1898 2940 ab
1937 2905 2023 2948 e0,

326 2957 420 3027 qui
467 2957 653 3011 invitis
702 2957 917 3028 legibus
964 2957 1157 3026 patriis
1211 2977 1359 3012 mero
1409 2958 1675 3012 arbitratu
1739 2977 1838 3012 suo
1895 2965 2024 3029 agat

326 3029 538 3099 duplici.
579 3029 921 3099 potissimum
969 3029 1218 3099 nomine,
1281 3031 1514 3101 primum
1576 3029 1832 3100 quidem,
1895 3029 2024 3098 quia

324 3100 713 3183 promissorum
766 3119 986 3153 suorum
1035 3107 1199 3169 atque
1249 3109 1597 3172 acceptorum
1632 3099 2021 3154 beneficiorum

324 3191 604 3225 immemor
640 3171 848 3243 patriae
887 3170 1115 3224 salutem
1156 3181 1393 3241 evertat,
1433 3171 1629 3226 deinde
1665 3191 1796 3225 vero
1837 3172 2018 3238 etiam,

327 3242 474 3312 quod
518 3243 636 3313 ipse
672 3242 1017 3314 turpissimae
1051 3243 1312 3313 perfidiae
1351 3244 1562 3297 crimini
1597 3244 1697 3297 fiat
1737 3242 2020 3297 obnoxius.

327 3314 544 3384 Quibus
579 3314 829 3369 omnibus
868 3313 1105 3383 denique
1154 3316 1415 3370 nonnulla
1465 3314 1820 3383 adiiciuntur,
1872 3312 2020 3368 unde
