<?xml version="1.0" encoding="UTF-8"?>
<!DOCTYPE html PUBLIC "-//W3C//DTD XHTML 1.0 Transitional//EN"
    "http://www.w3.org/TR/xhtml1/DTD/xhtml1-transitional.dtd">
<html xmlns="http://www.w3.org/1999/xhtml" xml:lang="en" lang="en">
 <head>
  <title>
</title>
<meta http-equiv="Content-Type" content="text/html;charset=utf-8" />
  <meta name='ocr-system' content='tesseract 3.04.00' />
  <meta name='ocr-capabilities' content='ocr_page ocr_carea ocr_par ocr_line ocrx_word'/>
</head>
<body>
  <div class='ocr_page' id='page_1' title='image "./operaomniarecens01platuoft/operaomniarecens01platuoft_0379.png"; bbox 0 0 2158 3718; ppageno 0'>
   <div class='ocr_carea' id='block_1_1' title="bbox 11 0 380 101">
    <p class='ocr_par' dir='ltr' id='par_1_1' title="bbox 11 0 380 101">
     <span class='ocr_line' id='line_1_1' title="bbox 11 0 380 101; baseline 0 3617"><span class='ocrx_word' id='word_1_1' title='bbox 11 0 380 101; x_wconf 95' lang='lat' dir='ltr'> </span> 
     </span>
    </p>
   </div>
   <div class='ocr_carea' id='block_1_2' title="bbox 795 126 1950 187">
    <p class='ocr_par' dir='ltr' id='par_1_2' title="bbox 795 126 1950 187">
     <span class='ocr_line' id='line_1_2' title="bbox 795 126 1950 187; baseline 0.004 -15"><span class='ocrx_word' id='word_1_2' title='bbox 795 126 877 172; x_wconf 85' lang='lat' dir='ltr'>AD</span> <span class='ocrx_word' id='word_1_3' title='bbox 910 128 1329 174; x_wconf 83' lang='lat' dir='ltr'>PHAEDONEM.</span> <span class='ocrx_word' id='word_1_4' title='bbox 1879 134 1950 187; x_wconf 85' lang='lat'>43</span> 
     </span>
    </p>
   </div>
   <div class='ocr_carea' id='block_1_3' title="bbox 175 272 1950 481">
    <p class='ocr_par' dir='ltr' id='par_1_3' title="bbox 175 272 1950 481">
     <span class='ocr_line' id='line_1_3' title="bbox 179 272 1946 345; baseline 0.002 -22"><span class='ocrx_word' id='word_1_5' title='bbox 179 272 358 324; x_wconf 85' lang='lat' dir='ltr'>fabulis</span> <span class='ocrx_word' id='word_1_6' title='bbox 383 274 618 324; x_wconf 90' lang='lat' dir='ltr'>scaenicis</span> <span class='ocrx_word' id='word_1_7' title='bbox 643 273 751 323; x_wconf 86' lang='lat' dir='ltr'>fieri</span> <span class='ocrx_word' id='word_1_8' title='bbox 795 274 1132 345; x_wconf 84' lang='lat' dir='ltr'>meminimuS,</span> <span class='ocrx_word' id='word_1_9' title='bbox 1167 278 1220 324; x_wconf 91' lang='lat' dir='ltr'>ut</span> <span class='ocrx_word' id='word_1_10' title='bbox 1253 289 1399 338; x_wconf 84' lang='lat' dir='ltr'>saepe</span> <span class='ocrx_word' id='word_1_11' title='bbox 1433 273 1584 324; x_wconf 90' lang='lat' dir='ltr'>rebus</span> <span class='ocrx_word' id='word_1_12' title='bbox 1623 274 1851 326; x_wconf 88' lang='lat' dir='ltr'>omnibus</span> <span class='ocrx_word' id='word_1_13' title='bbox 1885 277 1946 326; x_wconf 89' lang='lat' dir='ltr'>ab</span> 
     </span>
     <span class='ocr_line' id='line_1_4' title="bbox 175 344 1947 411; baseline 0.002 -18"><span class='ocrx_word' id='word_1_14' title='bbox 175 345 313 394; x_wconf 89' lang='lat' dir='ltr'>initio</span> <span class='ocrx_word' id='word_1_15' title='bbox 348 359 585 409; x_wconf 81' lang='lat' dir='ltr'>prospere</span> <span class='ocrx_word' id='word_1_16' title='bbox 621 344 1005 408; x_wconf 85' lang='lat' dir='ltr'>procedentibus</span> <span class='ocrx_word' id='word_1_17' title='bbox 1041 361 1181 395; x_wconf 89' lang='lat' dir='ltr'>casus</span> <span class='ocrx_word' id='word_1_18' title='bbox 1217 345 1412 409; x_wconf 89' lang='lat' dir='ltr'>quidam</span> <span class='ocrx_word' id='word_1_19' title='bbox 1443 346 1678 409; x_wconf 89' lang='lat' dir='ltr'>inopinati</span> <span class='ocrx_word' id='word_1_20' title='bbox 1704 351 1847 411; x_wconf 89' lang='lat' dir='ltr'>atque</span> <span class='ocrx_word' id='word_1_21' title='bbox 1873 349 1947 396; x_wconf 91' lang='lat' dir='ltr'>in-</span> 
     </span>
     <span class='ocr_line' id='line_1_5' title="bbox 176 414 1950 481; baseline 0.002 -17"><span class='ocrx_word' id='word_1_22' title='bbox 176 414 305 465; x_wconf 89' lang='lat' dir='ltr'>soliti</span> <span class='ocrx_word' id='word_1_23' title='bbox 339 416 688 472; x_wconf 84' lang='lat' dir='ltr'>interveniant,</span> <span class='ocrx_word' id='word_1_24' title='bbox 726 414 904 479; x_wconf 90' lang='lat' dir='ltr'>quibus</span> <span class='ocrx_word' id='word_1_25' title='bbox 940 417 1089 466; x_wconf 91' lang='lat' dir='ltr'>animi</span> <span class='ocrx_word' id='word_1_26' title='bbox 1133 416 1457 480; x_wconf 82' lang='lat' dir='ltr'>spectantium</span> <span class='ocrx_word' id='word_1_27' title='bbox 1494 422 1690 480; x_wconf 89' lang='lat' dir='ltr'>praeter</span> <span class='ocrx_word' id='word_1_28' title='bbox 1727 432 1865 481; x_wconf 84' lang='lat' dir='ltr'>spem</span> <span class='ocrx_word' id='word_1_29' title='bbox 1903 424 1950 468; x_wconf 90' lang='lat' dir='ltr'>et</span> 
     </span>
    </p>
   </div>
   <div class='ocr_carea' id='block_1_4' title="bbox 132 486 1946 550">
    <p class='ocr_par' dir='ltr' id='par_1_4' title="bbox 132 486 1946 550">
     <span class='ocr_line' id='line_1_6' title="bbox 132 486 1946 550; baseline 0.002 -15"><span class='ocrx_word' id='word_1_30' title='bbox 132 528 135 529; x_wconf 11' lang='grc' dir='ltr'><em>γ</em></span> <span class='ocrx_word' id='word_1_31' title='bbox 177 487 594 550; x_wconf 84' lang='lat' dir='ltr'>exspectationem</span> <span class='ocrx_word' id='word_1_32' title='bbox 629 487 825 549; x_wconf 89' lang='lat' dir='ltr'>gravius</span> <span class='ocrx_word' id='word_1_33' title='bbox 860 486 1188 550; x_wconf 81' lang='lat' dir='ltr'>percellantur</span> <span class='ocrx_word' id='word_1_34' title='bbox 1227 493 1274 536; x_wconf 90' lang='lat' dir='ltr'>et</span> <span class='ocrx_word' id='word_1_35' title='bbox 1308 488 1357 535; x_wconf 93' lang='lat' dir='ltr'>in</span> <span class='ocrx_word' id='word_1_36' title='bbox 1393 492 1579 537; x_wconf 89' lang='lat' dir='ltr'>metum</span> <span class='ocrx_word' id='word_1_37' title='bbox 1615 493 1662 537; x_wconf 92' lang='lat' dir='ltr'>et</span> <span class='ocrx_word' id='word_1_38' title='bbox 1704 494 1946 539; x_wconf 90' lang='lat' dir='ltr'>terrorem</span> 
     </span>
    </p>
   </div>
   <div class='ocr_carea' id='block_1_5' title="bbox 167 557 1950 3170">
    <p class='ocr_par' dir='ltr' id='par_1_5' title="bbox 167 557 1950 2038">
     <span class='ocr_line' id='line_1_7' title="bbox 176 557 1947 622; baseline 0.001 -16"><span class='ocrx_word' id='word_1_39' title='bbox 176 557 526 613; x_wconf 89' lang='lat' dir='ltr'>coniiciantur,</span> <span class='ocrx_word' id='word_1_40' title='bbox 564 571 721 622; x_wconf 89' lang='lat' dir='ltr'>usque</span> <span class='ocrx_word' id='word_1_41' title='bbox 749 557 864 606; x_wconf 91' lang='lat' dir='ltr'>dum</span> <span class='ocrx_word' id='word_1_42' title='bbox 892 573 1016 608; x_wconf 89' lang='lat' dir='ltr'>nova</span> <span class='ocrx_word' id='word_1_43' title='bbox 1042 573 1215 607; x_wconf 90' lang='lat' dir='ltr'>rursus</span> <span class='ocrx_word' id='word_1_44' title='bbox 1240 558 1323 606; x_wconf 87' lang='lat' dir='ltr'>fiat</span> <span class='ocrx_word' id='word_1_45' title='bbox 1348 573 1516 608; x_wconf 90' lang='lat' dir='ltr'>rerum</span> <span class='ocrx_word' id='word_1_46' title='bbox 1545 559 1763 608; x_wconf 91' lang='lat' dir='ltr'>omnium</span> <span class='ocrx_word' id='word_1_47' title='bbox 1791 565 1947 609; x_wconf 90' lang='lat' dir='ltr'>muta-</span> 
     </span>
     <span class='ocr_line' id='line_1_8' title="bbox 176 627 1947 694; baseline 0.002 -19"><span class='ocrx_word' id='word_1_48' title='bbox 176 628 266 684; x_wconf 87' lang='lat' dir='ltr'>tio,</span> <span class='ocrx_word' id='word_1_49' title='bbox 303 627 433 677; x_wconf 90' lang='lat' dir='ltr'>idem</span> <span class='ocrx_word' id='word_1_50' title='bbox 472 627 616 676; x_wconf 90' lang='lat' dir='ltr'>etiam</span> <span class='ocrx_word' id='word_1_51' title='bbox 642 628 691 676; x_wconf 93' lang='lat' dir='ltr'>in</span> <span class='ocrx_word' id='word_1_52' title='bbox 717 627 980 678; x_wconf 89' lang='lat' dir='ltr'>Phaedone</span> <span class='ocrx_word' id='word_1_53' title='bbox 1016 630 1080 678; x_wconf 90' lang='lat' dir='ltr'>ita</span> <span class='ocrx_word' id='word_1_54' title='bbox 1107 630 1381 678; x_wconf 85' lang='lat' dir='ltr'>institutum</span> <span class='ocrx_word' id='word_1_55' title='bbox 1410 634 1483 678; x_wconf 89' lang='lat' dir='ltr'>est</span> <span class='ocrx_word' id='word_1_56' title='bbox 1509 645 1567 679; x_wconf 89' lang='lat' dir='ltr'>eo</span> <span class='ocrx_word' id='word_1_57' title='bbox 1590 629 1724 686; x_wconf 80' lang='lat' dir='ltr'>locO,</span> <span class='ocrx_word' id='word_1_58' title='bbox 1765 630 1824 679; x_wconf 91' lang='lat' dir='ltr'>de</span> <span class='ocrx_word' id='word_1_59' title='bbox 1851 645 1947 694; x_wconf 91' lang='lat' dir='ltr'>quo</span> 
     </span>
     <span class='ocr_line' id='line_1_9' title="bbox 174 698 1949 764; baseline 0.002 -17"><span class='ocrx_word' id='word_1_60' title='bbox 174 712 307 747; x_wconf 89' lang='lat' dir='ltr'>nunc</span> <span class='ocrx_word' id='word_1_61' title='bbox 342 698 614 761; x_wconf 85' lang='lat' dir='ltr'>exposituri</span> <span class='ocrx_word' id='word_1_62' title='bbox 649 714 835 749; x_wconf 91' lang='lat' dir='ltr'>sumus.</span> <span class='ocrx_word' id='word_1_63' title='bbox 889 699 1009 748; x_wconf 92' lang='lat' dir='ltr'>Cum</span> <span class='ocrx_word' id='word_1_64' title='bbox 1048 701 1176 749; x_wconf 89' lang='lat' dir='ltr'>enim</span> <span class='ocrx_word' id='word_1_65' title='bbox 1203 699 1458 764; x_wconf 87' lang='lat' dir='ltr'>superiore</span> <span class='ocrx_word' id='word_1_66' title='bbox 1486 700 1702 750; x_wconf 88' lang='lat' dir='ltr'>Socratis</span> <span class='ocrx_word' id='word_1_67' title='bbox 1728 701 1949 751; x_wconf 91' lang='lat' dir='ltr'>oratione</span> 
     </span>
     <span class='ocr_line' id='line_1_10' title="bbox 173 768 1950 836; baseline 0.002 -18"><span class='ocrx_word' id='word_1_68' title='bbox 173 783 344 819; x_wconf 89' lang='lat' dir='ltr'>omnes</span> <span class='ocrx_word' id='word_1_69' title='bbox 378 768 439 818; x_wconf 91' lang='lat' dir='ltr'>ad</span> <span class='ocrx_word' id='word_1_70' title='bbox 475 784 612 832; x_wconf 91' lang='lat' dir='ltr'>spem</span> <span class='ocrx_word' id='word_1_71' title='bbox 647 769 1026 820; x_wconf 87' lang='lat' dir='ltr'>immortalitatis</span> <span class='ocrx_word' id='word_1_72' title='bbox 1062 771 1213 820; x_wconf 88' lang='lat' dir='ltr'>erecti</span> <span class='ocrx_word' id='word_1_73' title='bbox 1258 776 1419 820; x_wconf 90' lang='lat' dir='ltr'>essent</span> <span class='ocrx_word' id='word_1_74' title='bbox 1461 776 1509 819; x_wconf 91' lang='lat' dir='ltr'>et</span> <span class='ocrx_word' id='word_1_75' title='bbox 1553 786 1694 820; x_wconf 91' lang='lat' dir='ltr'>sacro</span> <span class='ocrx_word' id='word_1_76' title='bbox 1737 772 1950 836; x_wconf 90' lang='lat' dir='ltr'>quodam</span> 
     </span>
     <span class='ocr_line' id='line_1_11' title="bbox 174 839 1949 904; baseline 0.002 -15"><span class='ocrx_word' id='word_1_77' title='bbox 174 844 344 889; x_wconf 88' lang='lat' dir='ltr'>exorto</span> <span class='ocrx_word' id='word_1_78' title='bbox 372 839 565 889; x_wconf 89' lang='lat' dir='ltr'>silentio</span> <span class='ocrx_word' id='word_1_79' title='bbox 591 841 696 904; x_wconf 89' lang='lat' dir='ltr'>ipse</span> <span class='ocrx_word' id='word_1_80' title='bbox 720 843 793 890; x_wconf 88' lang='lat' dir='ltr'>vir</span> <span class='ocrx_word' id='word_1_81' title='bbox 821 842 1013 904; x_wconf 83' lang='lat' dir='ltr'>sapiens</span> <span class='ocrx_word' id='word_1_82' title='bbox 1040 841 1423 891; x_wconf 88' lang='lat' dir='ltr'>meditabundus</span> <span class='ocrx_word' id='word_1_83' title='bbox 1451 842 1686 892; x_wconf 90' lang='lat' dir='ltr'>assideret</span> <span class='ocrx_word' id='word_1_84' title='bbox 1711 848 1874 892; x_wconf 90' lang='lat' dir='ltr'>mente</span> <span class='ocrx_word' id='word_1_85' title='bbox 1901 847 1949 892; x_wconf 90' lang='lat' dir='ltr'>et</span> 
     </span>
     <span class='ocr_line' id='line_1_12' title="bbox 173 911 1946 975; baseline 0.002 -16"><span class='ocrx_word' id='word_1_86' title='bbox 173 911 467 972; x_wconf 78' lang='lat' dir='ltr'>cogitatione</span> <span class='ocrx_word' id='word_1_87' title='bbox 502 916 632 960; x_wconf 89' lang='lat' dir='ltr'>totus</span> <span class='ocrx_word' id='word_1_88' title='bbox 667 913 717 960; x_wconf 90' lang='lat' dir='ltr'>in</span> <span class='ocrx_word' id='word_1_89' title='bbox 751 912 808 961; x_wconf 91' lang='lat' dir='ltr'>iis</span> <span class='ocrx_word' id='word_1_90' title='bbox 844 912 1054 968; x_wconf 82' lang='lat' dir='ltr'>defixus,</span> <span class='ocrx_word' id='word_1_91' title='bbox 1094 927 1219 975; x_wconf 89' lang='lat' dir='ltr'>quae</span> <span class='ocrx_word' id='word_1_92' title='bbox 1255 912 1401 961; x_wconf 91' lang='lat' dir='ltr'>modo</span> <span class='ocrx_word' id='word_1_93' title='bbox 1440 912 1803 975; x_wconf 89' lang='lat' dir='ltr'>disputavisset,</span> <span class='ocrx_word' id='word_1_94' title='bbox 1843 919 1946 963; x_wconf 89' lang='lat' dir='ltr'>tum</span> 
     </span>
     <span class='ocr_line' id='line_1_13' title="bbox 173 980 1945 1048; baseline 0.001 -17"><span class='ocrx_word' id='word_1_95' title='bbox 173 980 329 1032; x_wconf 91' lang='lat' dir='ltr'>Cebes</span> <span class='ocrx_word' id='word_1_96' title='bbox 364 987 412 1031; x_wconf 89' lang='lat' dir='ltr'>et</span> <span class='ocrx_word' id='word_1_97' title='bbox 446 982 671 1031; x_wconf 89' lang='lat' dir='ltr'>Simmias</span> <span class='ocrx_word' id='word_1_98' title='bbox 716 983 972 1031; x_wconf 88' lang='lat' dir='ltr'>summissa</span> <span class='ocrx_word' id='word_1_99' title='bbox 1013 998 1130 1032; x_wconf 92' lang='lat' dir='ltr'>voce</span> <span class='ocrx_word' id='word_1_100' title='bbox 1166 984 1296 1032; x_wconf 91' lang='lat' dir='ltr'>inter</span> <span class='ocrx_word' id='word_1_101' title='bbox 1331 998 1384 1031; x_wconf 93' lang='lat' dir='ltr'>se</span> <span class='ocrx_word' id='word_1_102' title='bbox 1434 982 1648 1046; x_wconf 89' lang='lat' dir='ltr'>colloqui</span> <span class='ocrx_word' id='word_1_103' title='bbox 1689 984 1945 1048; x_wconf 88' lang='lat' dir='ltr'>incipiunt,</span> 
     </span>
     <span class='ocr_line' id='line_1_14' title="bbox 172 1052 1946 1117; baseline 0.001 -15"><span class='ocrx_word' id='word_1_104' title='bbox 172 1053 355 1116; x_wconf 89' lang='lat' dir='ltr'>quippe</span> <span class='ocrx_word' id='word_1_105' title='bbox 380 1053 429 1100; x_wconf 90' lang='lat' dir='ltr'>in</span> <span class='ocrx_word' id='word_1_106' title='bbox 456 1066 667 1114; x_wconf 91' lang='lat' dir='ltr'>quorum</span> <span class='ocrx_word' id='word_1_107' title='bbox 693 1053 867 1102; x_wconf 89' lang='lat' dir='ltr'>animis</span> <span class='ocrx_word' id='word_1_108' title='bbox 894 1052 1056 1102; x_wconf 89' lang='lat' dir='ltr'>adhuc</span> <span class='ocrx_word' id='word_1_109' title='bbox 1082 1052 1262 1117; x_wconf 91' lang='lat' dir='ltr'>aliquid</span> <span class='ocrx_word' id='word_1_110' title='bbox 1288 1052 1506 1115; x_wconf 88' lang='lat' dir='ltr'>scrupuli</span> <span class='ocrx_word' id='word_1_111' title='bbox 1530 1053 1786 1103; x_wconf 89' lang='lat' dir='ltr'>resederit.</span> <span class='ocrx_word' id='word_1_112' title='bbox 1826 1055 1946 1104; x_wconf 91' lang='lat' dir='ltr'>Cum</span> 
     </span>
     <span class='ocr_line' id='line_1_15' title="bbox 171 1123 1948 1188; baseline 0.001 -16"><span class='ocrx_word' id='word_1_113' title='bbox 171 1127 336 1172; x_wconf 91' lang='lat' dir='ltr'>autem</span> <span class='ocrx_word' id='word_1_114' title='bbox 388 1128 648 1172; x_wconf 89' lang='lat' dir='ltr'>vereantur</span> <span class='ocrx_word' id='word_1_115' title='bbox 700 1123 1051 1172; x_wconf 84' lang='lat' dir='ltr'>dubitationem</span> <span class='ocrx_word' id='word_1_116' title='bbox 1100 1123 1254 1173; x_wconf 91' lang='lat' dir='ltr'>libere</span> <span class='ocrx_word' id='word_1_117' title='bbox 1304 1123 1548 1188; x_wconf 88' lang='lat' dir='ltr'>proloqui,</span> <span class='ocrx_word' id='word_1_118' title='bbox 1601 1124 1828 1174; x_wconf 88' lang='lat' dir='ltr'>Socrates</span> <span class='ocrx_word' id='word_1_119' title='bbox 1865 1139 1948 1174; x_wconf 88' lang='lat' dir='ltr'>eos</span> 
     </span>
     <span class='ocr_line' id='line_1_16' title="bbox 171 1193 1948 1252; baseline 0.001 -10"><span class='ocrx_word' id='word_1_120' title='bbox 171 1193 304 1243; x_wconf 92' lang='lat' dir='ltr'>ultro</span> <span class='ocrx_word' id='word_1_121' title='bbox 332 1193 634 1252; x_wconf 85' lang='lat' dir='ltr'>exhortatur,</span> <span class='ocrx_word' id='word_1_122' title='bbox 662 1199 717 1243; x_wconf 88' lang='lat' dir='ltr'>ut</span> <span class='ocrx_word' id='word_1_123' title='bbox 742 1209 803 1243; x_wconf 91' lang='lat' dir='ltr'>ne</span> <span class='ocrx_word' id='word_1_124' title='bbox 831 1196 1118 1244; x_wconf 87' lang='lat' dir='ltr'>sententiam</span> <span class='ocrx_word' id='word_1_125' title='bbox 1147 1210 1286 1245; x_wconf 90' lang='lat' dir='ltr'>suam</span> <span class='ocrx_word' id='word_1_126' title='bbox 1314 1194 1477 1244; x_wconf 88' lang='lat' dir='ltr'>celare</span> <span class='ocrx_word' id='word_1_127' title='bbox 1502 1194 1652 1244; x_wconf 90' lang='lat' dir='ltr'>velint</span> <span class='ocrx_word' id='word_1_128' title='bbox 1678 1200 1726 1245; x_wconf 93' lang='lat' dir='ltr'>et</span> <span class='ocrx_word' id='word_1_129' title='bbox 1752 1194 1948 1245; x_wconf 90' lang='lat' dir='ltr'>amabili</span> 
     </span>
     <span class='ocr_line' id='line_1_17' title="bbox 172 1263 1949 1330; baseline 0.001 -16"><span class='ocrx_word' id='word_1_130' title='bbox 172 1279 282 1314; x_wconf 89' lang='lat' dir='ltr'>cum</span> <span class='ocrx_word' id='word_1_131' title='bbox 317 1263 596 1314; x_wconf 88' lang='lat' dir='ltr'>urbanitate</span> <span class='ocrx_word' id='word_1_132' title='bbox 632 1281 739 1314; x_wconf 91' lang='lat' dir='ltr'>sese</span> <span class='ocrx_word' id='word_1_133' title='bbox 774 1267 943 1314; x_wconf 89' lang='lat' dir='ltr'>mirari</span> <span class='ocrx_word' id='word_1_134' title='bbox 990 1267 1076 1322; x_wconf 88' lang='lat' dir='ltr'>ait,</span> <span class='ocrx_word' id='word_1_135' title='bbox 1114 1266 1246 1330; x_wconf 89' lang='lat' dir='ltr'>quod</span> <span class='ocrx_word' id='word_1_136' title='bbox 1282 1265 1341 1315; x_wconf 89' lang='lat' dir='ltr'>ab</span> <span class='ocrx_word' id='word_1_137' title='bbox 1377 1266 1437 1315; x_wconf 91' lang='lat' dir='ltr'>iis</span> <span class='ocrx_word' id='word_1_138' title='bbox 1482 1266 1650 1330; x_wconf 84' lang='lat' dir='ltr'>cygnis</span> <span class='ocrx_word' id='word_1_139' title='bbox 1695 1266 1949 1316; x_wconf 83' lang='lat' dir='ltr'>morituris</span> 
     </span>
     <span class='ocr_line' id='line_1_18' title="bbox 171 1334 1945 1402; baseline 0.001 -18"><span class='ocrx_word' id='word_1_140' title='bbox 171 1334 420 1385; x_wconf 89' lang='lat' dir='ltr'>divinandi</span> <span class='ocrx_word' id='word_1_141' title='bbox 454 1335 686 1386; x_wconf 87' lang='lat' dir='ltr'>facultate</span> <span class='ocrx_word' id='word_1_142' title='bbox 721 1336 957 1400; x_wconf 86' lang='lat' dir='ltr'>praeditis</span> <span class='ocrx_word' id='word_1_143' title='bbox 993 1336 1209 1385; x_wconf 90' lang='lat' dir='ltr'>deterior</span> <span class='ocrx_word' id='word_1_144' title='bbox 1244 1336 1500 1386; x_wconf 85' lang='lat' dir='ltr'>habeatur.</span> <span class='ocrx_word' id='word_1_145' title='bbox 1553 1336 1676 1386; x_wconf 90' lang='lat' dir='ltr'>Nam</span> <span class='ocrx_word' id='word_1_146' title='bbox 1712 1336 1945 1402; x_wconf 91' lang='lat' dir='ltr'>quemad-</span> 
     </span>
     <span class='ocr_line' id='line_1_19' title="bbox 170 1406 1946 1472; baseline 0.001 -17"><span class='ocrx_word' id='word_1_147' title='bbox 170 1406 370 1456; x_wconf 88' lang='lat' dir='ltr'>modum</span> <span class='ocrx_word' id='word_1_148' title='bbox 403 1406 473 1455; x_wconf 92' lang='lat' dir='ltr'>illi</span> <span class='ocrx_word' id='word_1_149' title='bbox 507 1408 652 1455; x_wconf 90' lang='lat' dir='ltr'>morti</span> <span class='ocrx_word' id='word_1_150' title='bbox 688 1408 898 1472; x_wconf 86' lang='lat' dir='ltr'>proximi</span> <span class='ocrx_word' id='word_1_151' title='bbox 933 1412 1101 1471; x_wconf 92' lang='lat' dir='ltr'>utpote</span> <span class='ocrx_word' id='word_1_152' title='bbox 1127 1406 1338 1472; x_wconf 81' lang='lat' dir='ltr'>Apollini</span> <span class='ocrx_word' id='word_1_153' title='bbox 1374 1408 1501 1456; x_wconf 88' lang='lat' dir='ltr'>sacri</span> <span class='ocrx_word' id='word_1_154' title='bbox 1534 1406 1716 1457; x_wconf 90' lang='lat' dir='ltr'>laetum</span> <span class='ocrx_word' id='word_1_155' title='bbox 1752 1413 1946 1457; x_wconf 87' lang='lat' dir='ltr'>cantum</span> 
     </span>
     <span class='ocr_line' id='line_1_20' title="bbox 171 1478 1946 1542; baseline 0 -15"><span class='ocrx_word' id='word_1_156' title='bbox 171 1478 392 1527; x_wconf 85' lang='lat' dir='ltr'>emittere</span> <span class='ocrx_word' id='word_1_157' title='bbox 426 1478 681 1528; x_wconf 90' lang='lat' dir='ltr'>videantur</span> <span class='ocrx_word' id='word_1_158' title='bbox 725 1478 1128 1542; x_wconf 90' lang='lat' dir='ltr'>praesensionem</span> <span class='ocrx_word' id='word_1_159' title='bbox 1179 1478 1425 1542; x_wconf 89' lang='lat' dir='ltr'>quandam</span> <span class='ocrx_word' id='word_1_160' title='bbox 1460 1493 1631 1528; x_wconf 89' lang='lat' dir='ltr'>rerum</span> <span class='ocrx_word' id='word_1_161' title='bbox 1666 1479 1946 1528; x_wconf 89' lang='lat' dir='ltr'>futurarum</span> 
     </span>
     <span class='ocr_line' id='line_1_21' title="bbox 169 1547 1947 1614; baseline 0.001 -17"><span class='ocrx_word' id='word_1_162' title='bbox 169 1547 433 1605; x_wconf 88' lang='lat' dir='ltr'>habentes,</span> <span class='ocrx_word' id='word_1_163' title='bbox 480 1550 546 1597; x_wconf 89' lang='lat' dir='ltr'>ita</span> <span class='ocrx_word' id='word_1_164' title='bbox 584 1564 635 1598; x_wconf 93' lang='lat' dir='ltr'>se</span> <span class='ocrx_word' id='word_1_165' title='bbox 672 1564 866 1614; x_wconf 91' lang='lat' dir='ltr'>quoque</span> <span class='ocrx_word' id='word_1_166' title='bbox 910 1548 1109 1598; x_wconf 90' lang='lat' dir='ltr'>illorum</span> <span class='ocrx_word' id='word_1_167' title='bbox 1147 1555 1396 1614; x_wconf 84' lang='lat' dir='ltr'>tamquam</span> <span class='ocrx_word' id='word_1_168' title='bbox 1437 1551 1623 1599; x_wconf 90' lang='lat' dir='ltr'>socium</span> <span class='ocrx_word' id='word_1_169' title='bbox 1669 1555 1718 1599; x_wconf 92' lang='lat' dir='ltr'>et</span> <span class='ocrx_word' id='word_1_170' title='bbox 1762 1550 1947 1613; x_wconf 88' lang='lat' dir='ltr'>pariter</span> 
     </span>
     <span class='ocr_line' id='line_1_22' title="bbox 169 1617 1947 1686; baseline 0.002 -19"><span class='ocrx_word' id='word_1_171' title='bbox 169 1617 405 1685; x_wconf 80' lang='lat' dir='ltr'>Apollinis</span> <span class='ocrx_word' id='word_1_172' title='bbox 439 1620 716 1669; x_wconf 90' lang='lat' dir='ltr'>ministrum</span> <span class='ocrx_word' id='word_1_173' title='bbox 757 1619 902 1670; x_wconf 90' lang='lat' dir='ltr'>veluti</span> <span class='ocrx_word' id='word_1_174' title='bbox 939 1619 1151 1686; x_wconf 89' lang='lat' dir='ltr'>aliquem</span> <span class='ocrx_word' id='word_1_175' title='bbox 1186 1626 1344 1670; x_wconf 87' lang='lat' dir='ltr'>vatem</span> <span class='ocrx_word' id='word_1_176' title='bbox 1387 1621 1554 1670; x_wconf 88' lang='lat' dir='ltr'>futura</span> <span class='ocrx_word' id='word_1_177' title='bbox 1597 1619 1947 1670; x_wconf 89' lang='lat' dir='ltr'>laetabundum</span> 
     </span>
     <span class='ocr_line' id='line_1_23' title="bbox 170 1689 1947 1756; baseline 0.001 -16"><span class='ocrx_word' id='word_1_178' title='bbox 170 1692 403 1754; x_wconf 88' lang='lat' dir='ltr'>augurari</span> <span class='ocrx_word' id='word_1_179' title='bbox 437 1705 528 1740; x_wconf 90' lang='lat' dir='ltr'>nec</span> <span class='ocrx_word' id='word_1_180' title='bbox 563 1691 658 1739; x_wconf 90' lang='lat' dir='ltr'>iam</span> <span class='ocrx_word' id='word_1_181' title='bbox 694 1689 815 1740; x_wconf 86' lang='lat' dir='ltr'>velle</span> <span class='ocrx_word' id='word_1_182' title='bbox 851 1706 877 1739; x_wconf 92' lang='lat' dir='ltr'>a</span> <span class='ocrx_word' id='word_1_183' title='bbox 914 1707 1029 1740; x_wconf 91' lang='lat' dir='ltr'>vero</span> <span class='ocrx_word' id='word_1_184' title='bbox 1065 1691 1348 1756; x_wconf 90' lang='lat' dir='ltr'>quaerendo</span> <span class='ocrx_word' id='word_1_185' title='bbox 1385 1691 1635 1741; x_wconf 86' lang='lat' dir='ltr'>desistere.</span> <span class='ocrx_word' id='word_1_186' title='bbox 1686 1689 1947 1741; x_wconf 89' lang='lat' dir='ltr'>Praeclara</span> 
     </span>
     <span class='ocr_line' id='line_1_24' title="bbox 168 1761 1946 1828; baseline 0.001 -18"><span class='ocrx_word' id='word_1_187' title='bbox 168 1775 286 1810; x_wconf 91' lang='lat' dir='ltr'>vero</span> <span class='ocrx_word' id='word_1_188' title='bbox 322 1776 414 1810; x_wconf 84' lang='lat' dir='ltr'>vox</span> <span class='ocrx_word' id='word_1_189' title='bbox 450 1767 498 1810; x_wconf 91' lang='lat' dir='ltr'>et</span> <span class='ocrx_word' id='word_1_190' title='bbox 531 1761 731 1812; x_wconf 88' lang='lat' dir='ltr'>homine</span> <span class='ocrx_word' id='word_1_191' title='bbox 768 1764 988 1826; x_wconf 88' lang='lat' dir='ltr'>sapiente</span> <span class='ocrx_word' id='word_1_192' title='bbox 1022 1762 1329 1825; x_wconf 88' lang='lat' dir='ltr'>dignissima,</span> <span class='ocrx_word' id='word_1_193' title='bbox 1367 1777 1492 1828; x_wconf 90' lang='lat' dir='ltr'>quae</span> <span class='ocrx_word' id='word_1_194' title='bbox 1527 1763 1669 1811; x_wconf 88' lang='lat' dir='ltr'>sicuti</span> <span class='ocrx_word' id='word_1_195' title='bbox 1706 1762 1831 1811; x_wconf 89' lang='lat' dir='ltr'>vitae</span> <span class='ocrx_word' id='word_1_196' title='bbox 1867 1763 1946 1826; x_wconf 90' lang='lat' dir='ltr'>pie</span> 
     </span>
     <span class='ocr_line' id='line_1_25' title="bbox 169 1832 1945 1897; baseline 0 -15"><span class='ocrx_word' id='word_1_197' title='bbox 169 1837 432 1897; x_wconf 90' lang='lat' dir='ltr'>sancteque</span> <span class='ocrx_word' id='word_1_198' title='bbox 467 1837 745 1883; x_wconf 85' lang='lat' dir='ltr'>transactae</span> <span class='ocrx_word' id='word_1_199' title='bbox 782 1834 1130 1882; x_wconf 84' lang='lat' dir='ltr'>conscientiam</span> <span class='ocrx_word' id='word_1_200' title='bbox 1169 1832 1416 1882; x_wconf 88' lang='lat' dir='ltr'>luculente</span> <span class='ocrx_word' id='word_1_201' title='bbox 1441 1838 1671 1890; x_wconf 90' lang='lat' dir='ltr'>testatur,</span> <span class='ocrx_word' id='word_1_202' title='bbox 1708 1834 1774 1881; x_wconf 89' lang='lat' dir='ltr'>ita</span> <span class='ocrx_word' id='word_1_203' title='bbox 1802 1833 1945 1882; x_wconf 90' lang='lat' dir='ltr'>etiam</span> 
     </span>
     <span class='ocr_line' id='line_1_26' title="bbox 167 1902 1946 1969; baseline 0 -17"><span class='ocrx_word' id='word_1_204' title='bbox 167 1903 352 1952; x_wconf 89' lang='lat' dir='ltr'>indicat</span> <span class='ocrx_word' id='word_1_205' title='bbox 387 1905 714 1953; x_wconf 88' lang='lat' dir='ltr'>certissimum</span> <span class='ocrx_word' id='word_1_206' title='bbox 751 1905 901 1953; x_wconf 92' lang='lat' dir='ltr'>animi</span> <span class='ocrx_word' id='word_1_207' title='bbox 937 1904 996 1954; x_wconf 91' lang='lat' dir='ltr'>de</span> <span class='ocrx_word' id='word_1_208' title='bbox 1031 1905 1194 1954; x_wconf 82' lang='lat' dir='ltr'>sutura</span> <span class='ocrx_word' id='word_1_209' title='bbox 1229 1903 1390 1969; x_wconf 90' lang='lat' dir='ltr'>aliqua</span> <span class='ocrx_word' id='word_1_210' title='bbox 1415 1904 1511 1953; x_wconf 90' lang='lat' dir='ltr'>vita</span> <span class='ocrx_word' id='word_1_211' title='bbox 1546 1918 1701 1968; x_wconf 90' lang='lat' dir='ltr'>eaque</span> <span class='ocrx_word' id='word_1_212' title='bbox 1726 1902 1946 1952; x_wconf 84' lang='lat' dir='ltr'>beatiore</span> 
     </span>
     <span class='ocr_line' id='line_1_27' title="bbox 168 1975 446 2038; baseline 0 -15"><span class='ocrx_word' id='word_1_213' title='bbox 168 1975 446 2038; x_wconf 88' lang='lat' dir='ltr'>augurium.</span> 
     </span>
    </p>

    <p class='ocr_par' dir='ltr' id='par_1_6' title="bbox 168 2045 1947 3170">
     <span class='ocr_line' id='line_1_28' title="bbox 309 2045 1946 2109; baseline -0.001 -14"><span class='ocrx_word' id='word_1_214' title='bbox 309 2045 476 2109; x_wconf 89' lang='lat' dir='ltr'>Itaque</span> <span class='ocrx_word' id='word_1_215' title='bbox 515 2046 742 2096; x_wconf 87' lang='lat' dir='ltr'>Simmias</span> <span class='ocrx_word' id='word_1_216' title='bbox 779 2051 826 2095; x_wconf 90' lang='lat' dir='ltr'>et</span> <span class='ocrx_word' id='word_1_217' title='bbox 853 2045 1007 2096; x_wconf 90' lang='lat' dir='ltr'>Cebes</span> <span class='ocrx_word' id='word_1_218' title='bbox 1047 2046 1384 2096; x_wconf 89' lang='lat' dir='ltr'>animadversa</span> <span class='ocrx_word' id='word_1_219' title='bbox 1419 2046 1510 2094; x_wconf 92' lang='lat' dir='ltr'>viri</span> <span class='ocrx_word' id='word_1_220' title='bbox 1545 2045 1812 2094; x_wconf 89' lang='lat' dir='ltr'>constantia</span> <span class='ocrx_word' id='word_1_221' title='bbox 1848 2045 1946 2093; x_wconf 89' lang='lat' dir='ltr'>iam</span> 
     </span>
     <span class='ocr_line' id='line_1_29' title="bbox 168 2116 1943 2181; baseline -0.002 -15"><span class='ocrx_word' id='word_1_222' title='bbox 168 2117 217 2166; x_wconf 92' lang='lat' dir='ltr'>in</span> <span class='ocrx_word' id='word_1_223' title='bbox 258 2116 472 2166; x_wconf 90' lang='lat' dir='ltr'>medium</span> <span class='ocrx_word' id='word_1_224' title='bbox 508 2117 718 2166; x_wconf 85' lang='lat' dir='ltr'>afferunt</span> <span class='ocrx_word' id='word_1_225' title='bbox 753 2133 878 2181; x_wconf 91' lang='lat' dir='ltr'>quae</span> <span class='ocrx_word' id='word_1_226' title='bbox 905 2122 1070 2166; x_wconf 90' lang='lat' dir='ltr'>contra</span> <span class='ocrx_word' id='word_1_227' title='bbox 1100 2117 1357 2181; x_wconf 89' lang='lat' dir='ltr'>superiora</span> <span class='ocrx_word' id='word_1_228' title='bbox 1383 2117 1480 2165; x_wconf 85' lang='lat' dir='ltr'>dici</span> <span class='ocrx_word' id='word_1_229' title='bbox 1506 2131 1651 2181; x_wconf 90' lang='lat' dir='ltr'>posse</span> <span class='ocrx_word' id='word_1_230' title='bbox 1676 2116 1943 2165; x_wconf 91' lang='lat' dir='ltr'>videantur.</span> 
     </span>
     <span class='ocr_line' id='line_1_30' title="bbox 168 2186 1944 2250; baseline -0.001 -14"><span class='ocrx_word' id='word_1_231' title='bbox 168 2186 290 2236; x_wconf 89' lang='lat' dir='ltr'>Nam</span> <span class='ocrx_word' id='word_1_232' title='bbox 328 2187 607 2237; x_wconf 90' lang='lat' dir='ltr'>Simmias</span> <span class='ocrx_word' id='word_1_233' title='bbox 644 2188 841 2249; x_wconf 89' lang='lat' dir='ltr'>quidem</span> <span class='ocrx_word' id='word_1_234' title='bbox 879 2189 1028 2237; x_wconf 87' lang='lat' dir='ltr'>animi</span> <span class='ocrx_word' id='word_1_235' title='bbox 1063 2187 1478 2237; x_wconf 90' lang='lat' dir='ltr'>immortalitatem</span> <span class='ocrx_word' id='word_1_236' title='bbox 1513 2192 1651 2250; x_wconf 88' lang='lat' dir='ltr'>putat</span> <span class='ocrx_word' id='word_1_237' title='bbox 1685 2186 1796 2236; x_wconf 91' lang='lat' dir='ltr'>ideo</span> <span class='ocrx_word' id='word_1_238' title='bbox 1823 2201 1944 2235; x_wconf 91' lang='lat' dir='ltr'>non-</span> 
     </span>
     <span class='ocr_line' id='line_1_31' title="bbox 170 2257 1946 2322; baseline 0 -16"><span class='ocrx_word' id='word_1_239' title='bbox 170 2257 285 2307; x_wconf 89' lang='lat' dir='ltr'>dum</span> <span class='ocrx_word' id='word_1_240' title='bbox 329 2259 446 2307; x_wconf 88' lang='lat' dir='ltr'>satis</span> <span class='ocrx_word' id='word_1_241' title='bbox 489 2273 596 2307; x_wconf 88' lang='lat' dir='ltr'>esse</span> <span class='ocrx_word' id='word_1_242' title='bbox 640 2258 1047 2314; x_wconf 87' lang='lat' dir='ltr'>demonstratam,</span> <span class='ocrx_word' id='word_1_243' title='bbox 1096 2260 1207 2321; x_wconf 90' lang='lat' dir='ltr'>quia</span> <span class='ocrx_word' id='word_1_244' title='bbox 1244 2259 1353 2308; x_wconf 85' lang='lat' dir='ltr'>fieri</span> <span class='ocrx_word' id='word_1_245' title='bbox 1386 2258 1564 2322; x_wconf 89' lang='lat' dir='ltr'>possit,</span> <span class='ocrx_word' id='word_1_246' title='bbox 1611 2263 1665 2306; x_wconf 88' lang='lat' dir='ltr'>ut</span> <span class='ocrx_word' id='word_1_247' title='bbox 1712 2258 1946 2306; x_wconf 87' lang='lat' dir='ltr'>animus</span> 
     </span>
     <span class='ocr_line' id='line_1_32' title="bbox 170 2327 1946 2391; baseline -0.001 -13"><span class='ocrx_word' id='word_1_248' title='bbox 170 2329 416 2378; x_wconf 91' lang='lat' dir='ltr'>omnino</span> <span class='ocrx_word' id='word_1_249' title='bbox 459 2328 617 2377; x_wconf 91' lang='lat' dir='ltr'>nihil</span> <span class='ocrx_word' id='word_1_250' title='bbox 660 2328 832 2378; x_wconf 90' lang='lat' dir='ltr'>aliud</span> <span class='ocrx_word' id='word_1_251' title='bbox 879 2330 956 2378; x_wconf 89' lang='lat' dir='ltr'>sit</span> <span class='ocrx_word' id='word_1_252' title='bbox 1001 2329 1121 2379; x_wconf 91' lang='lat' dir='ltr'>nisi</span> <span class='ocrx_word' id='word_1_253' title='bbox 1164 2329 1489 2378; x_wconf 89' lang='lat' dir='ltr'>harmonia</span> <span class='ocrx_word' id='word_1_254' title='bbox 1535 2327 1828 2391; x_wconf 90' lang='lat' dir='ltr'>quaedam</span> <span class='ocrx_word' id='word_1_255' title='bbox 1878 2342 1946 2376; x_wconf 87' lang='lat' dir='ltr'>ex</span> 
     </span>
     <span class='ocr_line' id='line_1_33' title="bbox 170 2397 1945 2463; baseline -0.002 -14"><span class='ocrx_word' id='word_1_256' title='bbox 170 2400 455 2462; x_wconf 88' lang='lat' dir='ltr'>corporis</span> <span class='ocrx_word' id='word_1_257' title='bbox 480 2398 717 2448; x_wconf 91' lang='lat' dir='ltr'>viribus</span> <span class='ocrx_word' id='word_1_258' title='bbox 753 2405 892 2463; x_wconf 90' lang='lat' dir='ltr'>apte</span> <span class='ocrx_word' id='word_1_259' title='bbox 927 2401 1090 2449; x_wconf 91' lang='lat' dir='ltr'>inter</span> <span class='ocrx_word' id='word_1_260' title='bbox 1122 2414 1183 2448; x_wconf 89' lang='lat' dir='ltr'>se</span> <span class='ocrx_word' id='word_1_261' title='bbox 1210 2397 1701 2448; x_wconf 88' lang='lat' dir='ltr'>concinentibus</span> <span class='ocrx_word' id='word_1_262' title='bbox 1728 2397 1945 2446; x_wconf 92' lang='lat' dir='ltr'>oriun-</span> 
     </span>
     <span class='ocr_line' id='line_1_34' title="bbox 169 2467 1946 2534; baseline -0.003 -14"><span class='ocrx_word' id='word_1_263' title='bbox 169 2470 256 2520; x_wconf 93' lang='lat' dir='ltr'>da.</span> <span class='ocrx_word' id='word_1_264' title='bbox 287 2471 421 2529; x_wconf 88' lang='lat' dir='ltr'>Quae</span> <span class='ocrx_word' id='word_1_265' title='bbox 449 2471 613 2534; x_wconf 90' lang='lat' dir='ltr'>opinio</span> <span class='ocrx_word' id='word_1_266' title='bbox 643 2486 754 2519; x_wconf 88' lang='lat' dir='ltr'>cum</span> <span class='ocrx_word' id='word_1_267' title='bbox 781 2472 876 2520; x_wconf 92' lang='lat' dir='ltr'>iam</span> <span class='ocrx_word' id='word_1_268' title='bbox 903 2469 980 2519; x_wconf 88' lang='lat' dir='ltr'>illa</span> <span class='ocrx_word' id='word_1_269' title='bbox 1011 2475 1166 2520; x_wconf 88' lang='lat' dir='ltr'>aetate</span> <span class='ocrx_word' id='word_1_270' title='bbox 1194 2470 1456 2519; x_wconf 89' lang='lat' dir='ltr'>admodum</span> <span class='ocrx_word' id='word_1_271' title='bbox 1483 2468 1770 2533; x_wconf 90' lang='lat' dir='ltr'>pervulgata</span> <span class='ocrx_word' id='word_1_272' title='bbox 1796 2467 1946 2516; x_wconf 88' lang='lat' dir='ltr'>fuisse</span> 
     </span>
     <span class='ocr_line' id='line_1_35' title="bbox 169 2538 1946 2606; baseline -0.002 -15"><span class='ocrx_word' id='word_1_273' title='bbox 169 2541 413 2598; x_wconf 87' lang='lat' dir='ltr'>videatur,</span> <span class='ocrx_word' id='word_1_274' title='bbox 451 2545 553 2590; x_wconf 92' lang='lat' dir='ltr'>tum</span> <span class='ocrx_word' id='word_1_275' title='bbox 589 2539 771 2606; x_wconf 88' lang='lat' dir='ltr'>placuit</span> <span class='ocrx_word' id='word_1_276' title='bbox 806 2543 911 2591; x_wconf 90' lang='lat' dir='ltr'>sine</span> <span class='ocrx_word' id='word_1_277' title='bbox 948 2540 1096 2590; x_wconf 92' lang='lat' dir='ltr'>dubio</span> <span class='ocrx_word' id='word_1_278' title='bbox 1133 2542 1373 2605; x_wconf 90' lang='lat' dir='ltr'>imprimis</span> <span class='ocrx_word' id='word_1_279' title='bbox 1412 2541 1557 2590; x_wconf 89' lang='lat' dir='ltr'>etiam</span> <span class='ocrx_word' id='word_1_280' title='bbox 1592 2538 1946 2604; x_wconf 82' lang='lat' dir='ltr'>Pythagoricae</span> 
     </span>
     <span class='ocr_line' id='line_1_36' title="bbox 171 2609 1945 2677; baseline -0.002 -16"><span class='ocrx_word' id='word_1_281' title='bbox 171 2611 454 2675; x_wconf 89' lang='lat' dir='ltr'>disciplinae</span> <span class='ocrx_word' id='word_1_282' title='bbox 490 2611 893 2670; x_wconf 89' lang='lat' dir='ltr'>assectatoribus,</span> <span class='ocrx_word' id='word_1_283' title='bbox 933 2614 1016 2677; x_wconf 92' lang='lat' dir='ltr'>qui</span> <span class='ocrx_word' id='word_1_284' title='bbox 1051 2613 1213 2662; x_wconf 87' lang='lat' dir='ltr'>omnia</span> <span class='ocrx_word' id='word_1_285' title='bbox 1249 2612 1309 2662; x_wconf 89' lang='lat' dir='ltr'>ad</span> <span class='ocrx_word' id='word_1_286' title='bbox 1344 2626 1578 2661; x_wconf 91' lang='lat' dir='ltr'>numeros</span> <span class='ocrx_word' id='word_1_287' title='bbox 1611 2609 1802 2660; x_wconf 83' lang='lat' dir='ltr'>referre</span> <span class='ocrx_word' id='word_1_288' title='bbox 1830 2623 1945 2658; x_wconf 84' lang='lat' dir='ltr'>con-</span> 
     </span>
     <span class='ocr_line' id='line_1_37' title="bbox 170 2678 1946 2747; baseline -0.001 -16"><span class='ocrx_word' id='word_1_289' title='bbox 170 2683 439 2732; x_wconf 90' lang='lat' dir='ltr'>suevissent</span> <span class='ocrx_word' id='word_1_290' title='bbox 474 2698 566 2733; x_wconf 88' lang='lat' dir='ltr'>nec</span> <span class='ocrx_word' id='word_1_291' title='bbox 599 2689 761 2732; x_wconf 89' lang='lat' dir='ltr'>tamen</span> <span class='ocrx_word' id='word_1_292' title='bbox 797 2684 891 2733; x_wconf 86' lang='lat' dir='ltr'>hac</span> <span class='ocrx_word' id='word_1_293' title='bbox 915 2685 964 2732; x_wconf 92' lang='lat' dir='ltr'>in</span> <span class='ocrx_word' id='word_1_294' title='bbox 991 2688 1130 2747; x_wconf 89' lang='lat' dir='ltr'>parte</span> <span class='ocrx_word' id='word_1_295' title='bbox 1157 2699 1269 2733; x_wconf 86' lang='lat' dir='ltr'>cum</span> <span class='ocrx_word' id='word_1_296' title='bbox 1297 2682 1494 2732; x_wconf 91' lang='lat' dir='ltr'>scholae</span> <span class='ocrx_word' id='word_1_297' title='bbox 1521 2681 1776 2731; x_wconf 89' lang='lat' dir='ltr'>conditore</span> <span class='ocrx_word' id='word_1_298' title='bbox 1801 2678 1946 2745; x_wconf 90' lang='lat' dir='ltr'>plane</span> 
     </span>
     <span class='ocr_line' id='line_1_38' title="bbox 170 2753 1946 2820; baseline -0.002 -18"><span class='ocrx_word' id='word_1_299' title='bbox 170 2753 329 2802; x_wconf 90' lang='lat' dir='ltr'>adhuc</span> <span class='ocrx_word' id='word_1_300' title='bbox 366 2755 720 2811; x_wconf 89' lang='lat' dir='ltr'>consentirent,</span> <span class='ocrx_word' id='word_1_301' title='bbox 759 2755 940 2820; x_wconf 89' lang='lat' dir='ltr'>quippe</span> <span class='ocrx_word' id='word_1_302' title='bbox 975 2754 1128 2817; x_wconf 90' lang='lat' dir='ltr'>magis</span> <span class='ocrx_word' id='word_1_303' title='bbox 1157 2754 1215 2803; x_wconf 86' lang='lat' dir='ltr'>ad</span> <span class='ocrx_word' id='word_1_304' title='bbox 1244 2753 1659 2807; x_wconf 89' lang='lat' dir='ltr'>materialismum,</span> <span class='ocrx_word' id='word_1_305' title='bbox 1689 2766 1835 2816; x_wconf 89' lang='lat' dir='ltr'>quem</span> <span class='ocrx_word' id='word_1_306' title='bbox 1863 2767 1946 2800; x_wconf 92' lang='lat' dir='ltr'>vo-</span> 
     </span>
     <span class='ocr_line' id='line_1_39' title="bbox 171 2823 1947 2890; baseline -0.002 -16"><span class='ocrx_word' id='word_1_307' title='bbox 171 2832 296 2880; x_wconf 89' lang='lat' dir='ltr'>cant,</span> <span class='ocrx_word' id='word_1_308' title='bbox 326 2823 541 2887; x_wconf 88' lang='lat' dir='ltr'>prolapsi</span> <span class='ocrx_word' id='word_1_309' title='bbox 568 2840 641 2882; x_wconf 84' lang='lat' dir='ltr'>ec,</span> <span class='ocrx_word' id='word_1_310' title='bbox 671 2825 800 2890; x_wconf 90' lang='lat' dir='ltr'>quod</span> <span class='ocrx_word' id='word_1_311' title='bbox 831 2841 941 2874; x_wconf 86' lang='lat' dir='ltr'>curn</span> <span class='ocrx_word' id='word_1_312' title='bbox 967 2824 1050 2874; x_wconf 92' lang='lat' dir='ltr'>ille</span> <span class='ocrx_word' id='word_1_313' title='bbox 1077 2826 1292 2874; x_wconf 91' lang='lat' dir='ltr'>animum</span> <span class='ocrx_word' id='word_1_314' title='bbox 1319 2840 1408 2888; x_wconf 90' lang='lat' dir='ltr'>per</span> <span class='ocrx_word' id='word_1_315' title='bbox 1435 2841 1487 2874; x_wconf 93' lang='lat' dir='ltr'>se</span> <span class='ocrx_word' id='word_1_316' title='bbox 1513 2828 1785 2888; x_wconf 88' lang='lat' dir='ltr'>spectatum</span> <span class='ocrx_word' id='word_1_317' title='bbox 1814 2827 1861 2871; x_wconf 89' lang='lat' dir='ltr'>et</span> <span class='ocrx_word' id='word_1_318' title='bbox 1888 2837 1947 2871; x_wconf 87' lang='lat' dir='ltr'>ex</span> 
     </span>
     <span class='ocr_line' id='line_1_40' title="bbox 168 2896 1944 2949; baseline -0.002 -5"><span class='ocrx_word' id='word_1_319' title='bbox 168 2896 394 2944; x_wconf 90' lang='lat' dir='ltr'>universa</span> <span class='ocrx_word' id='word_1_320' title='bbox 429 2900 591 2944; x_wconf 91' lang='lat' dir='ltr'>mente</span> <span class='ocrx_word' id='word_1_321' title='bbox 627 2896 785 2945; x_wconf 87' lang='lat' dir='ltr'>divina</span> <span class='ocrx_word' id='word_1_322' title='bbox 820 2896 1085 2946; x_wconf 92' lang='lat' dir='ltr'>delibatum</span> <span class='ocrx_word' id='word_1_323' title='bbox 1127 2896 1186 2946; x_wconf 87' lang='lat' dir='ltr'>ad</span> <span class='ocrx_word' id='word_1_324' title='bbox 1223 2910 1457 2946; x_wconf 89' lang='lat' dir='ltr'>numeros</span> <span class='ocrx_word' id='word_1_325' title='bbox 1492 2899 1794 2949; x_wconf 90' lang='lat' dir='ltr'>revocasset,</span> <span class='ocrx_word' id='word_1_326' title='bbox 1842 2898 1944 2942; x_wconf 87' lang='lat' dir='ltr'>tum</span> 
     </span>
     <span class='ocr_line' id='line_1_41' title="bbox 169 2963 1945 3031; baseline -0.002 -17"><span class='ocrx_word' id='word_1_327' title='bbox 169 2966 220 3014; x_wconf 95' lang='lat' dir='ltr'>hi</span> <span class='ocrx_word' id='word_1_328' title='bbox 246 2965 476 3014; x_wconf 90' lang='lat' dir='ltr'>continuo</span> <span class='ocrx_word' id='word_1_329' title='bbox 506 2965 725 3027; x_wconf 90' lang='lat' dir='ltr'>singulos</span> <span class='ocrx_word' id='word_1_330' title='bbox 751 2968 939 3017; x_wconf 91' lang='lat' dir='ltr'>animos</span> <span class='ocrx_word' id='word_1_331' title='bbox 963 2965 1150 3016; x_wconf 89' lang='lat' dir='ltr'>sublata</span> <span class='ocrx_word' id='word_1_332' title='bbox 1186 2968 1386 3031; x_wconf 88' lang='lat' dir='ltr'>propria</span> <span class='ocrx_word' id='word_1_333' title='bbox 1422 2968 1644 3031; x_wconf 90' lang='lat' dir='ltr'>ipsorum</span> <span class='ocrx_word' id='word_1_334' title='bbox 1680 2965 1724 3012; x_wconf 90' lang='lat' dir='ltr'>vi</span> <span class='ocrx_word' id='word_1_335' title='bbox 1760 2979 1819 3013; x_wconf 88' lang='lat' dir='ltr'>ex</span> <span class='ocrx_word' id='word_1_336' title='bbox 1848 2963 1945 3012; x_wconf 92' lang='lat' dir='ltr'>sin-</span> 
     </span>
     <span class='ocr_line' id='line_1_42' title="bbox 170 3034 1946 3102; baseline -0.002 -17"><span class='ocrx_word' id='word_1_337' title='bbox 170 3034 399 3101; x_wconf 89' lang='lat' dir='ltr'>gulorum</span> <span class='ocrx_word' id='word_1_338' title='bbox 442 3035 782 3086; x_wconf 90' lang='lat' dir='ltr'>membrorum</span> <span class='ocrx_word' id='word_1_339' title='bbox 827 3043 972 3102; x_wconf 89' lang='lat' dir='ltr'>atque</span> <span class='ocrx_word' id='word_1_340' title='bbox 1018 3038 1191 3087; x_wconf 80' lang='lat' dir='ltr'>vlrium</span> <span class='ocrx_word' id='word_1_341' title='bbox 1236 3038 1459 3102; x_wconf 90' lang='lat' dir='ltr'>corporis</span> <span class='ocrx_word' id='word_1_342' title='bbox 1504 3034 1766 3086; x_wconf 90' lang='lat' dir='ltr'>concordia</span> <span class='ocrx_word' id='word_1_343' title='bbox 1812 3039 1946 3083; x_wconf 89' lang='lat' dir='ltr'>ortos</span> 
     </span>
     <span class='ocr_line' id='line_1_43' title="bbox 171 3103 1944 3170; baseline -0.002 -14"><span class='ocrx_word' id='word_1_344' title='bbox 171 3121 277 3156; x_wconf 90' lang='lat' dir='ltr'>esse</span> <span class='ocrx_word' id='word_1_345' title='bbox 312 3104 573 3156; x_wconf 89' lang='lat' dir='ltr'>voluerunt</span> <span class='ocrx_word' id='word_1_346' title='bbox 591 3104 642 3169; x_wconf 90' lang='grc'>1).</span> <span class='ocrx_word' id='word_1_347' title='bbox 718 3107 833 3157; x_wconf 91' lang='lat' dir='ltr'>Post</span> <span class='ocrx_word' id='word_1_348' title='bbox 869 3108 1119 3158; x_wconf 89' lang='lat' dir='ltr'>Simmiam</span> <span class='ocrx_word' id='word_1_349' title='bbox 1168 3123 1280 3158; x_wconf 90' lang='lat' dir='ltr'>vero</span> <span class='ocrx_word' id='word_1_350' title='bbox 1318 3109 1461 3158; x_wconf 89' lang='lat' dir='ltr'>etiam</span> <span class='ocrx_word' id='word_1_351' title='bbox 1499 3106 1693 3158; x_wconf 89' lang='lat' dir='ltr'>Cebes</span> <span class='ocrx_word' id='word_1_352' title='bbox 1737 3103 1944 3170; x_wconf 83' lang='lat' dir='ltr'>profert,</span> 
     </span>
    </p>
   </div>
   <div class='ocr_carea' id='block_1_6' title="bbox 169 3299 1944 3523">
    <p class='ocr_par' dir='ltr' id='par_1_7' title="bbox 169 3299 1944 3523">
     <span class='ocr_line' id='line_1_44' title="bbox 314 3299 1944 3354; baseline -0.001 -15"><span class='ocrx_word' id='word_1_353' title='bbox 314 3299 354 3351; x_wconf 91' lang='lat'>1)</span> <span class='ocrx_word' id='word_1_354' title='bbox 403 3301 602 3351; x_wconf 76' lang='lat' dir='ltr'>Quorum</span> <span class='ocrx_word' id='word_1_355' title='bbox 642 3301 689 3339; x_wconf 90' lang='lat' dir='ltr'>in</span> <span class='ocrx_word' id='word_1_356' title='bbox 727 3313 913 3342; x_wconf 90' lang='lat' dir='ltr'>numero</span> <span class='ocrx_word' id='word_1_357' title='bbox 946 3302 1127 3354; x_wconf 80' lang='lat' dir='ltr'>quinam</span> <span class='ocrx_word' id='word_1_358' title='bbox 1159 3306 1344 3354; x_wconf 70' lang='lat' dir='ltr'>praeter</span> <span class='ocrx_word' id='word_1_359' title='bbox 1374 3301 1695 3343; x_wconf 84' lang='lat' dir='ltr'>Aristoxenum</span> <span class='ocrx_word' id='word_1_360' title='bbox 1726 3300 1944 3340; x_wconf 86' lang='lat' dir='ltr'>musicum</span> 
     </span>
     <span class='ocr_line' id='line_1_45' title="bbox 171 3354 1944 3411; baseline -0.002 -14"><span class='ocrx_word' id='word_1_361' title='bbox 171 3355 291 3406; x_wconf 86' lang='lat' dir='ltr'>(Cic.</span> <span class='ocrx_word' id='word_1_362' title='bbox 325 3357 460 3399; x_wconf 87' lang='lat' dir='ltr'>Tusc.</span> <span class='ocrx_word' id='word_1_363' title='bbox 494 3357 530 3399; x_wconf 93' lang='grc' dir='ltr'>Ι.</span> <span class='ocrx_word' id='word_1_364' title='bbox 564 3355 637 3409; x_wconf 83' lang='grc'>10)</span> <span class='ocrx_word' id='word_1_365' title='bbox 670 3357 870 3397; x_wconf 87' lang='lat' dir='ltr'>habendi</span> <span class='ocrx_word' id='word_1_366' title='bbox 900 3359 1005 3407; x_wconf 82' lang='lat' dir='ltr'>sint,</span> <span class='ocrx_word' id='word_1_367' title='bbox 1038 3358 1084 3396; x_wconf 88' lang='lat' dir='ltr'>in</span> <span class='ocrx_word' id='word_1_368' title='bbox 1118 3359 1456 3399; x_wconf 76' lang='lat' dir='ltr'>commentariis</span> <span class='ocrx_word' id='word_1_369' title='bbox 1490 3358 1546 3397; x_wconf 85' lang='lat' dir='ltr'>ad</span> <span class='ocrx_word' id='word_1_370' title='bbox 1576 3372 1620 3411; x_wconf 92' lang='lat' dir='ltr'>p.</span> <span class='ocrx_word' id='word_1_371' title='bbox 1653 3358 1759 3398; x_wconf 79' lang='lat'>8613</span> <span class='ocrx_word' id='word_1_372' title='bbox 1793 3354 1944 3409; x_wconf 85' lang='lat' dir='ltr'>prodi-</span> 
     </span>
     <span class='ocr_line' id='line_1_46' title="bbox 169 3412 1942 3467; baseline -0.001 -15"><span class='ocrx_word' id='word_1_373' title='bbox 169 3412 331 3462; x_wconf 85' lang='lat' dir='ltr'>dimus,</span> <span class='ocrx_word' id='word_1_374' title='bbox 363 3413 442 3453; x_wconf 90' lang='lat' dir='ltr'>ubi</span> <span class='ocrx_word' id='word_1_375' title='bbox 464 3426 581 3466; x_wconf 87' lang='lat' dir='ltr'>quae</span> <span class='ocrx_word' id='word_1_376' title='bbox 605 3414 908 3465; x_wconf 85' lang='lat' dir='ltr'>exposuimus,</span> <span class='ocrx_word' id='word_1_377' title='bbox 943 3427 997 3453; x_wconf 71' lang='lat' dir='ltr'>ea</span> <span class='ocrx_word' id='word_1_378' title='bbox 1031 3414 1169 3454; x_wconf 81' lang='lat' dir='ltr'>etiam</span> <span class='ocrx_word' id='word_1_379' title='bbox 1200 3427 1370 3467; x_wconf 81' lang='lat' dir='ltr'>augere</span> <span class='ocrx_word' id='word_1_380' title='bbox 1402 3414 1567 3454; x_wconf 87' lang='lat' dir='ltr'>licebit</span> <span class='ocrx_word' id='word_1_381' title='bbox 1598 3414 1743 3465; x_wconf 86' lang='lat' dir='ltr'>copiis</span> <span class='ocrx_word' id='word_1_382' title='bbox 1766 3413 1942 3451; x_wconf 87' lang='lat' dir='ltr'>Bran·</span> 
     </span>
     <span class='ocr_line' id='line_1_47' title="bbox 169 3467 1823 3523; baseline 0 -13"><span class='ocrx_word' id='word_1_383' title='bbox 169 3468 322 3521; x_wconf 66' lang='lat' dir='ltr'>elisii,</span> <span class='ocrx_word' id='word_1_384' title='bbox 355 3470 538 3511; x_wconf 84' lang='lat' dir='ltr'>Handb.</span> <span class='ocrx_word' id='word_1_385' title='bbox 573 3469 613 3509; x_wconf 89' lang='lat' dir='ltr'>d.</span> <span class='ocrx_word' id='word_1_386' title='bbox 649 3469 810 3512; x_wconf 83' lang='lat' dir='ltr'>Gesch.</span> <span class='ocrx_word' id='word_1_387' title='bbox 847 3470 887 3511; x_wconf 87' lang='lat' dir='ltr'>d.</span> <span class='ocrx_word' id='word_1_388' title='bbox 926 3469 1256 3513; x_wconf 72' lang='lat' dir='ltr'>G1·iech.-R6m.</span> <span class='ocrx_word' id='word_1_389' title='bbox 1289 3470 1461 3511; x_wconf 86' lang='lat' dir='ltr'>Philos.</span> <span class='ocrx_word' id='word_1_390' title='bbox 1494 3469 1610 3523; x_wconf 67' lang='lat' dir='ltr'>Ltjp.</span> <span class='ocrx_word' id='word_1_391' title='bbox 1641 3467 1823 3521; x_wconf 45' lang='lat' dir='ltr'>4884&#39;sq.</span> 
     </span>
    </p>
   </div>
  </div>
 </body>
</html>
