<?xml version="1.0" encoding="UTF-8"?>
<!DOCTYPE html PUBLIC "-//W3C//DTD XHTML 1.0 Transitional//EN"
    "http://www.w3.org/TR/xhtml1/DTD/xhtml1-transitional.dtd">
<html xmlns="http://www.w3.org/1999/xhtml" xml:lang="en" lang="en">
 <head>
  <title>
</title>
<meta http-equiv="Content-Type" content="text/html;charset=utf-8" />
  <meta name='ocr-system' content='tesseract 3.04.00' />
  <meta name='ocr-capabilities' content='ocr_page ocr_carea ocr_par ocr_line ocrx_word'/>
</head>
<body>
  <div class='ocr_page' id='page_1' title='image "./operaomniarecens01platuoft/operaomniarecens01platuoft_0210.png"; bbox 0 0 2158 3718; ppageno 0'>
   <div class='ocr_carea' id='block_1_1' title="bbox 355 116 2050 338">
    <p class='ocr_par' dir='ltr' id='par_1_1' title="bbox 355 116 2050 338">
     <span class='ocr_line' id='line_1_1' title="bbox 359 116 1436 172; baseline 0.001 -1"><span class='ocrx_word' id='word_1_1' title='bbox 359 120 456 171; x_wconf 67' lang='lat'><strong>13⁶2</strong></span> <span class='ocrx_word' id='word_1_2' title='bbox 962 116 1436 172; x_wconf 82' lang='lat' dir='ltr'>PLATONIS</span> 
     </span>
     <span class='ocr_line' id='line_1_2' title="bbox 355 263 2050 338; baseline -0.001 -16"><span class='ocrx_word' id='word_1_3' title='bbox 355 265 488 338; x_wconf 78' lang='grc' dir='ltr'><strong>παρ’</strong></span> <span class='ocrx_word' id='word_1_4' title='bbox 557 269 689 336; x_wconf 80' lang='grc' dir='ltr'><strong><em>ἐμοῦ</em></strong></span> <span class='ocrx_word' id='word_1_5' title='bbox 750 263 973 321; x_wconf 73' lang='grc' dir='ltr'><strong><em>πώποτέ</em></strong></span> <span class='ocrx_word' id='word_1_6' title='bbox 1015 286 1066 318; x_wconf 82' lang='grc' dir='ltr'><strong>τι</strong></span> <span class='ocrx_word' id='word_1_7' title='bbox 1110 269 1324 334; x_wconf 69' lang='grc' dir='ltr'><strong>μαθεῖν</strong></span> <span class='ocrx_word' id='word_1_8' title='bbox 1370 263 1404 331; x_wconf 74' lang='grc' dir='ltr'>ἢ</span> <span class='ocrx_word' id='word_1_9' title='bbox 1450 264 1690 326; x_wconf 69' lang='grc' dir='ltr'><strong><em>ἀκοῦσαι</em></strong></span> <span class='ocrx_word' id='word_1_10' title='bbox 1746 267 1858 336; x_wconf 75' lang='grc' dir='ltr'><strong>ἰδίᾳ</strong></span> <span class='ocrx_word' id='word_1_11' title='bbox 1913 263 1943 320; x_wconf 87' lang='grc' dir='ltr'>ὅ</span> <span class='ocrx_word' id='word_1_12' title='bbox 1996 287 2050 320; x_wconf 82' lang='grc' dir='ltr'><strong>τι</strong></span> 
     </span>
    </p>
   </div>
   <div class='ocr_carea' id='block_1_2' title="bbox 272 341 2133 1178">
    <p class='ocr_par' dir='ltr' id='par_1_2' title="bbox 355 341 2047 505">
     <span class='ocr_line' id='line_1_3' title="bbox 355 341 2047 420; baseline 0 -16"><span class='ocrx_word' id='word_1_13' title='bbox 355 349 430 420; x_wconf 84' lang='grc' dir='ltr'><strong>μὴ</strong></span> <span class='ocrx_word' id='word_1_14' title='bbox 488 354 579 404; x_wconf 83' lang='grc' dir='ltr'><strong>καὶ</strong></span> <span class='ocrx_word' id='word_1_15' title='bbox 636 355 688 404; x_wconf 84' lang='grc' dir='ltr'><strong><em>οἱ</em></strong></span> <span class='ocrx_word' id='word_1_16' title='bbox 747 346 906 417; x_wconf 78' lang='grc' dir='ltr'><strong><em>ἄλλοι</em></strong></span> <span class='ocrx_word' id='word_1_17' title='bbox 962 349 1190 414; x_wconf 79' lang='grc' dir='ltr'><em>πάντες,</em></span> <span class='ocrx_word' id='word_1_18' title='bbox 1254 341 1311 406; x_wconf 78' lang='grc' dir='ltr'><strong>εὖ</strong></span> <span class='ocrx_word' id='word_1_19' title='bbox 1357 351 1501 414; x_wconf 84' lang='grc' dir='ltr'><strong>ἰ’στε,</strong></span> <span class='ocrx_word' id='word_1_20' title='bbox 1558 348 1645 405; x_wconf 82' lang='grc' dir='ltr'><strong>ὅτι</strong></span> <span class='ocrx_word' id='word_1_21' title='bbox 1704 348 1804 405; x_wconf 85' lang='grc' dir='ltr'><strong><em>οὐκ</em></strong></span> <span class='ocrx_word' id='word_1_22' title='bbox 1849 348 2047 416; x_wconf 73' lang='grc' dir='ltr'><em>ἀληθῆ</em></span> 
     </span>
     <span class='ocr_line' id='line_1_4' title="bbox 356 441 510 505; baseline -0.006 -15"><span class='ocrx_word' id='word_1_23' title='bbox 356 441 510 505; x_wconf 72' lang='grc' dir='ltr'><strong>λέγει.</strong></span> 
     </span>
    </p>

    <p class='ocr_par' dir='ltr' id='par_1_3' title="bbox 483 513 2049 595">
     <span class='ocr_line' id='line_1_5' title="bbox 483 513 2049 595; baseline -0.004 -21"><span class='ocrx_word' id='word_1_24' title='bbox 483 516 622 594; x_wconf 79' lang='lat' dir='ltr'>Cap.</span> <span class='ocrx_word' id='word_1_25' title='bbox 670 513 869 572; x_wconf 79' lang='lat' dir='ltr'>XXII.</span> <span class='ocrx_word' id='word_1_26' title='bbox 950 513 1143 595; x_wconf 47' lang='grc' dir='ltr'><strong>Ἀλλόο</strong></span> <span class='ocrx_word' id='word_1_27' title='bbox 1177 513 1265 586; x_wconf 69' lang='grc' dir='ltr'><strong>δια</strong></span> <span class='ocrx_word' id='word_1_28' title='bbox 1330 522 1383 572; x_wconf 85' lang='grc' dir='ltr'><strong>τί</strong></span> <span class='ocrx_word' id='word_1_29' title='bbox 1428 515 1496 584; x_wconf 81' lang='grc' dir='ltr'><strong>ὁή</strong></span> <span class='ocrx_word' id='word_1_30' title='bbox 1555 538 1687 573; x_wconf 79' lang='grc' dir='ltr'><strong><em>ποτε</em></strong></span> <span class='ocrx_word' id='word_1_31' title='bbox 1729 515 1849 586; x_wconf 79' lang='grc' dir='ltr'><strong>μετ’</strong></span> <span class='ocrx_word' id='word_1_32' title='bbox 1917 517 2049 585; x_wconf 76' lang='grc' dir='ltr'><strong><em>ἐμοῦ</em></strong></span> 
     </span>
    </p>

    <p class='ocr_par' dir='ltr' id='par_1_4' title="bbox 272 597 2051 675">
     <span class='ocr_line' id='line_1_6' title="bbox 272 597 2051 675; baseline -0.003 -16"><span class='ocrx_word' id='word_1_33' title='bbox 272 615 318 668; x_wconf 85' lang='lat' dir='ltr'>C</span> <span class='ocrx_word' id='word_1_34' title='bbox 351 606 608 675; x_wconf 80' lang='grc' dir='ltr'><strong><em>χαίρουσί</em></strong></span> <span class='ocrx_word' id='word_1_35' title='bbox 652 621 793 664; x_wconf 81' lang='grc' dir='ltr'><em>τινες</em></span> <span class='ocrx_word' id='word_1_36' title='bbox 836 598 1014 655; x_wconf 81' lang='grc' dir='ltr'><strong><em>πολὺν</em></strong></span> <span class='ocrx_word' id='word_1_37' title='bbox 1052 597 1259 672; x_wconf 79' lang='grc' dir='ltr'><strong><em>χρόνον</em></strong></span> <span class='ocrx_word' id='word_1_38' title='bbox 1287 604 1698 673; x_wconf 75' lang='grc' dir='ltr'><strong><em>διατρίβοντες;</em></strong></span> <span class='ocrx_word' id='word_1_39' title='bbox 1737 598 2051 667; x_wconf 83' lang='grc' dir='ltr'><strong><em>Ἀκηκόατε,</em></strong></span> 
     </span>
    </p>

    <p class='ocr_par' dir='ltr' id='par_1_5' title="bbox 360 680 2050 758">
     <span class='ocr_line' id='line_1_7' title="bbox 360 680 2050 758; baseline -0.003 -16"><span class='ocrx_word' id='word_1_40' title='bbox 360 680 400 741; x_wconf 80' lang='grc' dir='ltr'><em>ὦ</em></span> <span class='ocrx_word' id='word_1_41' title='bbox 446 685 643 758; x_wconf 74' lang='grc' dir='ltr'><em>ἄνδρες</em></span> <span class='ocrx_word' id='word_1_42' title='bbox 681 685 1013 750; x_wconf 75' lang='grc' dir='ltr'><strong><em>Ἀθηναῖοι·</em></strong></span> <span class='ocrx_word' id='word_1_43' title='bbox 1064 687 1254 739; x_wconf 82' lang='grc' dir='ltr'><strong><em>πᾶσαν</em></strong></span> <span class='ocrx_word' id='word_1_44' title='bbox 1297 683 1429 755; x_wconf 83' lang='grc' dir='ltr'><em>ὑμῖν</em></span> <span class='ocrx_word' id='word_1_45' title='bbox 1475 683 1576 752; x_wconf 76' lang='grc' dir='ltr'><strong>τὴν</strong></span> <span class='ocrx_word' id='word_1_46' title='bbox 1620 685 1905 752; x_wconf 71' lang='grc' dir='ltr'><strong>ἀλήθειαν</strong></span> <span class='ocrx_word' id='word_1_47' title='bbox 1950 681 2050 752; x_wconf 73' lang='grc' dir='ltr'><strong>ἐγώ</strong></span> 
     </span>
    </p>

    <p class='ocr_par' dir='ltr' id='par_1_6' title="bbox 359 766 2133 841">
     <span class='ocr_line' id='line_1_8' title="bbox 359 766 2133 841; baseline -0.003 -15"><span class='ocrx_word' id='word_1_48' title='bbox 359 771 547 826; x_wconf 82' lang='grc' dir='ltr'><strong><em>εἷπον·</em></strong></span> <span class='ocrx_word' id='word_1_49' title='bbox 622 766 710 824; x_wconf 85' lang='grc' dir='ltr'><strong>ὅτι</strong></span> <span class='ocrx_word' id='word_1_50' title='bbox 764 766 1070 833; x_wconf 80' lang='grc' dir='ltr'><strong><em>ἀκούοντες</em></strong></span> <span class='ocrx_word' id='word_1_51' title='bbox 1116 774 1418 840; x_wconf 82' lang='grc' dir='ltr'><em>’χαίρουσιν</em></span> <span class='ocrx_word' id='word_1_52' title='bbox 1477 771 1879 841; x_wconf 71' lang='grc' dir='ltr'><strong><em>ὲξεταζομένοις</em></strong></span> <span class='ocrx_word' id='word_1_53' title='bbox 1935 779 2053 830; x_wconf 81' lang='grc' dir='ltr'><strong><em>τοῖς</em></strong></span> <span class='ocrx_word' id='word_1_54' title='bbox 2114 777 2133 782; x_wconf 66' lang='lat'><strong>&#39;</strong></span> 
     </span>
    </p>

    <p class='ocr_par' dir='ltr' id='par_1_7' title="bbox 358 845 2052 930">
     <span class='ocr_line' id='line_1_9' title="bbox 358 845 2052 930; baseline -0.003 -20"><span class='ocrx_word' id='word_1_55' title='bbox 358 860 634 926; x_wconf 74' lang='grc' dir='ltr'><strong><em>οἰομένοις</em></strong></span> <span class='ocrx_word' id='word_1_56' title='bbox 668 856 769 923; x_wconf 76' lang='grc' dir='ltr'><strong>μὲν</strong></span> <span class='ocrx_word' id='word_1_57' title='bbox 803 850 945 908; x_wconf 82' lang='grc' dir='ltr'><strong><em>εἶναι</em></strong></span> <span class='ocrx_word' id='word_1_58' title='bbox 969 864 1183 930; x_wconf 79' lang='grc' dir='ltr'><strong><em>σοφοῖς,</em></strong></span> <span class='ocrx_word' id='word_1_59' title='bbox 1234 845 1355 908; x_wconf 78' lang='grc' dir='ltr'><strong><em>οὖσι</em></strong></span> <span class='ocrx_word' id='word_1_60' title='bbox 1398 852 1446 908; x_wconf 80' lang='grc' dir='ltr'><strong>δ’</strong></span> <span class='ocrx_word' id='word_1_61' title='bbox 1498 850 1594 909; x_wconf 78' lang='grc' dir='ltr'><strong><em>οὕ·</em></strong></span> <span class='ocrx_word' id='word_1_62' title='bbox 1640 859 1755 908; x_wconf 77' lang='grc' dir='ltr'><strong>ἔστι</strong></span> <span class='ocrx_word' id='word_1_63' title='bbox 1798 851 1905 922; x_wconf 79' lang='grc' dir='ltr'><strong>γὰρ</strong></span> <span class='ocrx_word' id='word_1_64' title='bbox 1952 851 2052 906; x_wconf 80' lang='grc' dir='ltr'><strong><em>οὐκ</em></strong></span> 
     </span>
    </p>

    <p class='ocr_par' dir='ltr' id='par_1_8' title="bbox 353 935 2053 1011">
     <span class='ocr_line' id='line_1_10' title="bbox 353 935 2053 1011; baseline -0.003 -17"><span class='ocrx_word' id='word_1_65' title='bbox 353 939 533 1005; x_wconf 79' lang='grc' dir='ltr'><strong>ἀηδές.</strong></span> <span class='ocrx_word' id='word_1_66' title='bbox 594 940 711 1009; x_wconf 77' lang='grc' dir='ltr'><strong><em>ἐμοὶ</em></strong></span> <span class='ocrx_word' id='word_1_67' title='bbox 769 940 825 992; x_wconf 82' lang='grc' dir='ltr'><strong>δὲ</strong></span> <span class='ocrx_word' id='word_1_68' title='bbox 879 941 1077 1002; x_wconf 80' lang='grc' dir='ltr'><strong><em>τοῦτο,</em></strong></span> <span class='ocrx_word' id='word_1_69' title='bbox 1135 937 1208 1001; x_wconf 80' lang='grc' dir='ltr'><strong>ὠς</strong></span> <span class='ocrx_word' id='word_1_70' title='bbox 1269 935 1370 1005; x_wconf 76' lang='grc' dir='ltr'><strong>ἐγώ</strong></span> <span class='ocrx_word' id='word_1_71' title='bbox 1427 960 1596 1011; x_wconf 68' lang='grc' dir='ltr'><strong><em>φημι,</em></strong></span> <span class='ocrx_word' id='word_1_72' title='bbox 1655 942 2053 1008; x_wconf 79' lang='grc' dir='ltr'><strong><em>προςτέτακται</em></strong></span> 
     </span>
    </p>

    <p class='ocr_par' dir='ltr' id='par_1_9' title="bbox 299 1021 2056 1094">
     <span class='ocr_line' id='line_1_11' title="bbox 299 1021 2056 1094; baseline -0.003 -15"><span class='ocrx_word' id='word_1_73' title='bbox 299 1031 301 1033; x_wconf 66' lang='grc'><strong><em>’</em></strong></span> <span class='ocrx_word' id='word_1_74' title='bbox 353 1022 463 1079; x_wconf 78' lang='grc' dir='ltr'><strong>ὑπὸ</strong></span> <span class='ocrx_word' id='word_1_75' title='bbox 511 1026 611 1078; x_wconf 83' lang='grc' dir='ltr'><strong><em>τοῦ</em></strong></span> <span class='ocrx_word' id='word_1_76' title='bbox 661 1025 806 1077; x_wconf 78' lang='grc' dir='ltr'><strong><em>θεοῦ</em></strong></span> <span class='ocrx_word' id='word_1_77' title='bbox 852 1022 1117 1094; x_wconf 74' lang='grc' dir='ltr'><strong>πράττειν</strong></span> <span class='ocrx_word' id='word_1_78' title='bbox 1161 1026 1250 1076; x_wconf 83' lang='grc' dir='ltr'><strong>καὶ</strong></span> <span class='ocrx_word' id='word_1_79' title='bbox 1297 1030 1353 1077; x_wconf 81' lang='grc' dir='ltr'><strong>ὲκ</strong></span> <span class='ocrx_word' id='word_1_80' title='bbox 1397 1026 1671 1092; x_wconf 80' lang='grc' dir='ltr'><strong>μαντειῶν</strong></span> <span class='ocrx_word' id='word_1_81' title='bbox 1694 1025 1785 1076; x_wconf 84' lang='grc' dir='ltr'><strong>καὶ</strong></span> <span class='ocrx_word' id='word_1_82' title='bbox 1816 1021 1870 1088; x_wconf 74' lang='grc' dir='ltr'><strong>ἐξ</strong></span> <span class='ocrx_word' id='word_1_83' title='bbox 1898 1028 2056 1076; x_wconf 78' lang='grc' dir='ltr'><em>ἐνυπ-</em></span> 
     </span>
    </p>

    <p class='ocr_par' dir='ltr' id='par_1_10' title="bbox 354 1099 2051 1178">
     <span class='ocr_line' id='line_1_12' title="bbox 354 1099 2051 1178; baseline -0.003 -15"><span class='ocrx_word' id='word_1_84' title='bbox 354 1114 487 1163; x_wconf 81' lang='grc' dir='ltr'><em>νίων</em></span> <span class='ocrx_word' id='word_1_85' title='bbox 530 1110 621 1162; x_wconf 84' lang='grc' dir='ltr'><strong>καὶ</strong></span> <span class='ocrx_word' id='word_1_86' title='bbox 668 1109 837 1161; x_wconf 86' lang='grc' dir='ltr'><strong><em>παντὶ</em></strong></span> <span class='ocrx_word' id='word_1_87' title='bbox 881 1105 1085 1177; x_wconf 76' lang='grc' dir='ltr'><strong><em>τρόπῳ,</em></strong></span> <span class='ocrx_word' id='word_1_88' title='bbox 1134 1099 1280 1178; x_wconf 78' lang='grc' dir='ltr'><strong><em>ᾧπερ</em></strong></span> <span class='ocrx_word' id='word_1_89' title='bbox 1328 1111 1408 1171; x_wconf 85' lang='grc' dir='ltr'><strong>τίς</strong></span> <span class='ocrx_word' id='word_1_90' title='bbox 1451 1129 1583 1162; x_wconf 81' lang='grc' dir='ltr'><strong><em>ποτε</em></strong></span> <span class='ocrx_word' id='word_1_91' title='bbox 1626 1110 1718 1161; x_wconf 84' lang='grc' dir='ltr'><strong>καὶ</strong></span> <span class='ocrx_word' id='word_1_92' title='bbox 1749 1102 1891 1172; x_wconf 80' lang='grc' dir='ltr'><em>ἄλλη</em></span> <span class='ocrx_word' id='word_1_93' title='bbox 1919 1109 2051 1159; x_wconf 70' lang='grc' dir='ltr'><strong>θεία</strong></span> 
     </span>
    </p>
   </div>
   <div class='ocr_carea' id='block_1_3' title="bbox 359 1243 2053 1298">
    <p class='ocr_par' dir='ltr' id='par_1_11' title="bbox 359 1243 2053 1298">
     <span class='ocr_line' id='line_1_13' title="bbox 359 1243 2053 1298; baseline -0.003 -11"><span class='ocrx_word' id='word_1_94' title='bbox 359 1247 462 1287; x_wconf 89' lang='lat' dir='ltr'><strong>Dein</strong></span> <span class='ocrx_word' id='word_1_95' title='bbox 503 1247 545 1285; x_wconf 68' lang='grc' dir='ltr'><strong>αἱ</strong></span> <span class='ocrx_word' id='word_1_96' title='bbox 582 1249 684 1286; x_wconf 91' lang='lat' dir='ltr'><strong>onte</strong></span> <span class='ocrx_word' id='word_1_97' title='bbox 723 1244 848 1285; x_wconf 75' lang='grc' dir='ltr'><strong><em>ἄλλοι</em></strong></span> <span class='ocrx_word' id='word_1_98' title='bbox 888 1245 1046 1290; x_wconf 77' lang='grc' dir='ltr'><em>πάντες</em></span> <span class='ocrx_word' id='word_1_99' title='bbox 1087 1259 1172 1286; x_wconf 91' lang='lat' dir='ltr'><strong>om.</strong></span> <span class='ocrx_word' id='word_1_100' title='bbox 1218 1245 1345 1288; x_wconf 83' lang='lat' dir='ltr'><strong>Bodi.</strong></span> <span class='ocrx_word' id='word_1_101' title='bbox 1391 1246 1503 1285; x_wconf 82' lang='lat' dir='ltr'><strong>Ven.</strong></span> <span class='ocrx_word' id='word_1_102' title='bbox 1541 1245 1580 1287; x_wconf 86' lang='lat' dir='ltr'>b.</span> <span class='ocrx_word' id='word_1_103' title='bbox 1614 1258 1678 1298; x_wconf 91' lang='lat' dir='ltr'><strong>pr</strong></span> <span class='ocrx_word' id='word_1_104' title='bbox 1724 1243 2053 1286; x_wconf 71' lang='lat' dir='ltr'><strong>Vind.b.1³ar.</strong></span> 
     </span>
    </p>
   </div>
   <div class='ocr_carea' id='block_1_4' title="bbox 355 1303 553 1348">
    <p class='ocr_par' dir='ltr' id='par_1_12' title="bbox 355 1303 553 1348">
     <span class='ocr_line' id='line_1_14' title="bbox 355 1303 553 1348; baseline -0.011 -3"><span class='ocrx_word' id='word_1_105' title='bbox 355 1303 553 1348; x_wconf 46' lang='grc' dir='ltr'><strong>ΒΗΕΤ.</strong></span> 
     </span>
    </p>
   </div>
   <div class='ocr_carea' id='block_1_5' title="bbox 472 1357 2055 1414">
    <p class='ocr_par' dir='ltr' id='par_1_13' title="bbox 472 1357 2055 1414">
     <span class='ocr_line' id='line_1_15' title="bbox 472 1357 2055 1414; baseline -0.003 -13"><span class='ocrx_word' id='word_1_106' title='bbox 472 1360 578 1413; x_wconf 82' lang='lat' dir='ltr'>Cap.</span> <span class='ocrx_word' id='word_1_107' title='bbox 609 1359 755 1402; x_wconf 87' lang='lat' dir='ltr'>XXII.</span> <span class='ocrx_word' id='word_1_108' title='bbox 811 1358 956 1400; x_wconf 78' lang='grc' dir='ltr'><strong>Ἀλλὰ</strong></span> <span class='ocrx_word' id='word_1_109' title='bbox 999 1358 1084 1400; x_wconf 79' lang='grc' dir='ltr'><strong>διὰ</strong></span> <span class='ocrx_word' id='word_1_110' title='bbox 1128 1362 1183 1400; x_wconf 78' lang='grc' dir='ltr'><strong>τί</strong></span> <span class='ocrx_word' id='word_1_111' title='bbox 1219 1358 1281 1411; x_wconf 66' lang='grc' dir='ltr'><strong>δή</strong></span> <span class='ocrx_word' id='word_1_112' title='bbox 1314 1360 1470 1414; x_wconf 72' lang='grc' dir='ltr'><strong><em>ποτε]</em></strong></span> <span class='ocrx_word' id='word_1_113' title='bbox 1517 1360 1564 1399; x_wconf 90' lang='lat' dir='ltr'><strong>V.</strong></span> <span class='ocrx_word' id='word_1_114' title='bbox 1595 1358 1665 1400; x_wconf 77' lang='grc' dir='ltr'><strong>διὰ</strong></span> <span class='ocrx_word' id='word_1_115' title='bbox 1702 1359 1877 1408; x_wconf 79' lang='lat' dir='ltr'><strong>aberat,</strong></span> <span class='ocrx_word' id='word_1_116' title='bbox 1912 1357 2055 1397; x_wconf 80' lang='lat' dir='ltr'><strong>invitis</strong></span> 
     </span>
    </p>
   </div>
   <div class='ocr_carea' id='block_1_6' title="bbox 357 1418 1091 1471">
    <p class='ocr_par' dir='ltr' id='par_1_14' title="bbox 357 1418 1091 1471">
     <span class='ocr_line' id='line_1_16' title="bbox 357 1418 1091 1471; baseline -0.003 -11"><span class='ocrx_word' id='word_1_117' title='bbox 357 1418 483 1461; x_wconf 84' lang='lat' dir='ltr'><strong>codd.</strong></span> <span class='ocrx_word' id='word_1_118' title='bbox 515 1418 691 1471; x_wconf 85' lang='lat' dir='ltr'><strong>optimis</strong></span> <span class='ocrx_word' id='word_1_119' title='bbox 722 1423 853 1470; x_wconf 81' lang='lat' dir='ltr'><strong>atque</strong></span> <span class='ocrx_word' id='word_1_120' title='bbox 885 1418 1091 1471; x_wconf 77' lang='lat' dir='ltr'>plurimis.</span> 
     </span>
    </p>
   </div>
   <div class='ocr_carea' id='block_1_7' title="bbox 356 1470 2053 1644">
    <p class='ocr_par' dir='ltr' id='par_1_15' title="bbox 356 1470 2052 1644">
     <span class='ocr_line' id='line_1_17' title="bbox 472 1470 2052 1569; baseline -0.001 -53"><span class='ocrx_word' id='word_1_121' title='bbox 472 1476 522 1517; x_wconf 87' lang='lat' dir='ltr'>C.</span> <span class='ocrx_word' id='word_1_122' title='bbox 583 1477 634 1515; x_wconf 66' lang='grc' dir='ltr'><strong>ἐκ</strong></span> <span class='ocrx_word' id='word_1_123' title='bbox 671 1475 969 1530; x_wconf 72' lang='grc' dir='ltr'><strong>μαντειῶν]</strong></span> <span class='ocrx_word' id='word_1_124' title='bbox 1017 1478 1229 1530; x_wconf 69' lang='grc' dir='ltr'><strong>μαντείων</strong></span> <span class='ocrx_word' id='word_1_125' title='bbox 1271 1475 1396 1517; x_wconf 75' lang='grc' dir='ltr'><strong>ΒοάΙ.</strong></span> <span class='ocrx_word' id='word_1_126' title='bbox 1438 1474 1538 1514; x_wconf 82' lang='lat' dir='ltr'><strong>Par.</strong></span> <span class='ocrx_word' id='word_1_127' title='bbox 1579 1473 1628 1513; x_wconf 88' lang='lat' dir='ltr'><strong>D.</strong></span> <span class='ocrx_word' id='word_1_128' title='bbox 1659 1472 1707 1513; x_wconf 86' lang='lat' dir='ltr'><strong>S.</strong></span> <span class='ocrx_word' id='word_1_129' title='bbox 1737 1470 1791 1512; x_wconf 85' lang='lat' dir='ltr'>T.</span> <span class='ocrx_word' id='word_1_130' title='bbox 1841 1471 1972 1569; x_wconf 78' lang='lat' dir='ltr'><strong>Vicnd.</strong></span> <span class='ocrx_word' id='word_1_131' title='bbox 2012 1471 2052 1514; x_wconf 91' lang='lat'>1</span> 
     </span>
     <span class='ocr_line' id='line_1_18' title="bbox 356 1529 1858 1585; baseline -0.003 -7"><span class='ocrx_word' id='word_1_132' title='bbox 356 1535 398 1579; x_wconf 88' lang='lat'><strong>4.</strong></span> <span class='ocrx_word' id='word_1_133' title='bbox 427 1534 468 1578; x_wconf 88' lang='grc'><strong>6.</strong></span> <span class='ocrx_word' id='word_1_134' title='bbox 529 1533 637 1575; x_wconf 85' lang='lat' dir='ltr'><strong>Mox</strong></span> <span class='ocrx_word' id='word_1_135' title='bbox 666 1534 840 1573; x_wconf 73' lang='grc' dir='ltr'><strong><em>πώποτε</em></strong></span> <span class='ocrx_word' id='word_1_136' title='bbox 874 1546 951 1585; x_wconf 90' lang='lat' dir='ltr'><strong>pro</strong></span> <span class='ocrx_word' id='word_1_137' title='bbox 986 1549 1090 1574; x_wconf 80' lang='grc' dir='ltr'><strong><em>ποτε</em></strong></span> <span class='ocrx_word' id='word_1_138' title='bbox 1119 1532 1247 1574; x_wconf 89' lang='lat' dir='ltr'><strong>Vind.</strong></span> <span class='ocrx_word' id='word_1_139' title='bbox 1281 1533 1321 1576; x_wconf 87' lang='lat'>6.</span> <span class='ocrx_word' id='word_1_140' title='bbox 1359 1533 1455 1575; x_wconf 86' lang='lat' dir='ltr'><strong>Par.</strong></span> <span class='ocrx_word' id='word_1_141' title='bbox 1487 1532 1535 1572; x_wconf 87' lang='lat' dir='ltr'><strong>C.</strong></span> <span class='ocrx_word' id='word_1_142' title='bbox 1567 1531 1683 1573; x_wconf 86' lang='lat' dir='ltr'><strong>conf.</strong></span> <span class='ocrx_word' id='word_1_143' title='bbox 1715 1543 1755 1582; x_wconf 89' lang='lat' dir='ltr'>p.</span> <span class='ocrx_word' id='word_1_144' title='bbox 1788 1529 1858 1573; x_wconf 87' lang='grc'><strong>31.</strong></span> 
     </span>
     <span class='ocr_line' id='line_1_19' title="bbox 472 1529 2053 1644; baseline -0.003 -13"><span class='ocrx_word' id='word_1_145' title='bbox 472 1590 561 1631; x_wconf 76' lang='grc' dir='ltr'><strong>καὶ</strong></span> <span class='ocrx_word' id='word_1_146' title='bbox 594 1589 915 1644; x_wconf 67' lang='grc' dir='ltr'><strong>εὐέλεγκτα]</strong></span> <span class='ocrx_word' id='word_1_147' title='bbox 954 1591 1027 1632; x_wconf 79' lang='lat' dir='ltr'><strong>Sic</strong></span> <span class='ocrx_word' id='word_1_148' title='bbox 1058 1591 1185 1632; x_wconf 78' lang='lat' dir='ltr'><strong>Bodi.</strong></span> <span class='ocrx_word' id='word_1_149' title='bbox 1221 1590 1314 1634; x_wconf 81' lang='lat' dir='ltr'><strong>Vat</strong></span> <span class='ocrx_word' id='word_1_150' title='bbox 1351 1590 1454 1630; x_wconf 86' lang='lat' dir='ltr'><strong>Ven.</strong></span> <span class='ocrx_word' id='word_1_151' title='bbox 1487 1590 1528 1632; x_wconf 85' lang='lat' dir='ltr'>b.</span> <span class='ocrx_word' id='word_1_152' title='bbox 1563 1587 1688 1631; x_wconf 74' lang='lat' dir='ltr'><strong>Vind.</strong></span> <span class='ocrx_word' id='word_1_153' title='bbox 1719 1589 1758 1631; x_wconf 87' lang='lat'><strong>1·</strong></span> <span class='ocrx_word' id='word_1_154' title='bbox 1789 1587 1832 1631; x_wconf 97' lang='lat'><strong>4.</strong></span> <span class='ocrx_word' id='word_1_155' title='bbox 1866 1529 1926 1630; x_wconf 45' lang='grc' dir='ltr'><strong>ὃς</strong></span> <span class='ocrx_word' id='word_1_156' title='bbox 1940 1586 2053 1629; x_wconf 74' lang='lat' dir='ltr'><strong>Fior</strong></span> 
     </span>
    </p>
   </div>
   <div class='ocr_carea' id='block_1_8' title="bbox 360 1647 860 1703">
    <p class='ocr_par' dir='ltr' id='par_1_16' title="bbox 360 1647 860 1703">
     <span class='ocr_line' id='line_1_20' title="bbox 360 1647 860 1703; baseline -0.006 -12"><span class='ocrx_word' id='word_1_157' title='bbox 360 1649 399 1692; x_wconf 90' lang='lat' dir='ltr'><strong>d.</strong></span> <span class='ocrx_word' id='word_1_158' title='bbox 431 1663 472 1703; x_wconf 84' lang='lat' dir='ltr'>g.</span> <span class='ocrx_word' id='word_1_159' title='bbox 506 1647 546 1690; x_wconf 87' lang='lat' dir='ltr'>h.</span> <span class='ocrx_word' id='word_1_160' title='bbox 581 1649 698 1690; x_wconf 80' lang='lat' dir='ltr'><strong>Parr.</strong></span> <span class='ocrx_word' id='word_1_161' title='bbox 735 1649 784 1689; x_wconf 88' lang='grc' dir='ltr'><strong>Ι).</strong></span> <span class='ocrx_word' id='word_1_162' title='bbox 814 1649 860 1688; x_wconf 90' lang='lat' dir='ltr'><strong>S.</strong></span> 
     </span>
    </p>
   </div>
   <div class='ocr_carea' id='block_1_9' title="bbox 895 1646 1569 1700">
    <p class='ocr_par' dir='ltr' id='par_1_17' title="bbox 895 1646 1569 1700">
     <span class='ocr_line' id='line_1_21' title="bbox 895 1646 1569 1700; baseline -0.005 -11.954"><span class='ocrx_word' id='word_1_163' title='bbox 895 1648 947 1688; x_wconf 82' lang='grc' dir='ltr'><strong>’.Γ</strong></span> <span class='ocrx_word' id='word_1_164' title='bbox 978 1650 1099 1692; x_wconf 85' lang='lat' dir='ltr'><strong>Vett.</strong></span> <span class='ocrx_word' id='word_1_165' title='bbox 1122 1649 1258 1690; x_wconf 82' lang='lat' dir='ltr'><strong>editt.</strong></span> <span class='ocrx_word' id='word_1_166' title='bbox 1290 1646 1569 1700; x_wconf 69' lang='grc' dir='ltr'><strong>εὗεξέλεγκτα</strong></span> 
     </span>
    </p>
   </div>
   <div class='ocr_carea' id='block_1_10' title="bbox 473 1701 2054 1761">
    <p class='ocr_par' dir='ltr' id='par_1_18' title="bbox 473 1701 2054 1761">
     <span class='ocr_line' id='line_1_22' title="bbox 473 1701 2054 1761; baseline -0.001 -15"><span class='ocrx_word' id='word_1_167' title='bbox 473 1708 639 1761; x_wconf 57' lang='grc' dir='ltr'><em>ἔγωγε</em></span> <span class='ocrx_word' id='word_1_168' title='bbox 677 1710 778 1746; x_wconf 82' lang='grc' dir='ltr'><strong>τῶν</strong></span> <span class='ocrx_word' id='word_1_169' title='bbox 817 1707 974 1759; x_wconf 71' lang='grc' dir='ltr'><strong>νέιωτ]</strong></span> <span class='ocrx_word' id='word_1_170' title='bbox 1028 1707 1103 1747; x_wconf 87' lang='lat' dir='ltr'><strong>Sic</strong></span> <span class='ocrx_word' id='word_1_171' title='bbox 1143 1706 1271 1748; x_wconf 87' lang='lat' dir='ltr'><strong>Bodi.</strong></span> <span class='ocrx_word' id='word_1_172' title='bbox 1314 1706 1408 1747; x_wconf 81' lang='lat' dir='ltr'><strong>vat.</strong></span> <span class='ocrx_word' id='word_1_173' title='bbox 1454 1705 1558 1746; x_wconf 87' lang='lat' dir='ltr'><strong>Ven.</strong></span> <span class='ocrx_word' id='word_1_174' title='bbox 1603 1704 1642 1744; x_wconf 89' lang='lat' dir='ltr'>b.</span> <span class='ocrx_word' id='word_1_175' title='bbox 1687 1702 1811 1746; x_wconf 91' lang='lat' dir='ltr'><strong>Vind.</strong></span> <span class='ocrx_word' id='word_1_176' title='bbox 1852 1702 1894 1746; x_wconf 91' lang='lat'>1.</span> <span class='ocrx_word' id='word_1_177' title='bbox 1933 1701 1975 1744; x_wconf 88' lang='lat'>4</span> <span class='ocrx_word' id='word_1_178' title='bbox 2013 1701 2054 1744; x_wconf 83' lang='lat'>6.</span> 
     </span>
    </p>
   </div>
   <div class='ocr_carea' id='block_1_11' title="bbox 359 1763 723 1817">
    <p class='ocr_par' dir='ltr' id='par_1_19' title="bbox 359 1763 723 1817">
     <span class='ocr_line' id='line_1_23' title="bbox 359 1763 723 1817; baseline -0.003 -12"><span class='ocrx_word' id='word_1_179' title='bbox 359 1765 477 1807; x_wconf 75' lang='lat' dir='ltr'><strong>Flor.</strong></span> <span class='ocrx_word' id='word_1_180' title='bbox 519 1764 561 1805; x_wconf 92' lang='lat' dir='ltr'><strong>d.</strong></span> <span class='ocrx_word' id='word_1_181' title='bbox 601 1778 642 1817; x_wconf 85' lang='lat' dir='ltr'>g.</span> <span class='ocrx_word' id='word_1_182' title='bbox 686 1763 723 1805; x_wconf 81' lang='grc' dir='ltr'><strong>Ιι.</strong></span> 
     </span>
    </p>
   </div>
   <div class='ocr_carea' id='block_1_12' title="bbox 360 1877 1170 3432">
    <p class='ocr_par' dir='ltr' id='par_1_20' title="bbox 360 1877 1170 2382">
     <span class='ocr_line' id='line_1_24' title="bbox 360 1877 1166 1932; baseline -0.001 -12"><span class='ocrx_word' id='word_1_183' title='bbox 360 1881 480 1920; x_wconf 72' lang='grc' dir='ltr'><strong>τίαν</strong></span> <span class='ocrx_word' id='word_1_184' title='bbox 531 1877 832 1932; x_wconf 72' lang='grc' dir='ltr'><strong><em>ὖπέχοιμι]</em></strong></span> <span class='ocrx_word' id='word_1_185' title='bbox 889 1880 926 1919; x_wconf 77' lang='grc' dir='ltr'><strong>ΙΙ.</strong></span> <span class='ocrx_word' id='word_1_186' title='bbox 976 1893 1014 1922; x_wconf 85' lang='lat' dir='ltr'><strong>e.</strong></span> <span class='ocrx_word' id='word_1_187' title='bbox 1067 1878 1166 1920; x_wconf 79' lang='lat' dir='ltr'><strong>hoc</strong></span> 
     </span>
     <span class='ocr_line' id='line_1_25' title="bbox 361 1935 1167 1990; baseline -0.001 -11"><span class='ocrx_word' id='word_1_188' title='bbox 361 1942 516 1979; x_wconf 86' lang='lat' dir='ltr'><strong>recte</strong></span> <span class='ocrx_word' id='word_1_189' title='bbox 567 1935 693 1976; x_wconf 83' lang='lat' dir='ltr'><strong>mihi</strong></span> <span class='ocrx_word' id='word_1_190' title='bbox 735 1937 904 1977; x_wconf 85' lang='lat' dir='ltr'><strong>tribui</strong></span> <span class='ocrx_word' id='word_1_191' title='bbox 939 1950 1041 1978; x_wconf 93' lang='lat' dir='ltr'><strong>non</strong></span> <span class='ocrx_word' id='word_1_192' title='bbox 1082 1950 1167 1990; x_wconf 93' lang='lat' dir='ltr'><strong>po-</strong></span> 
     </span>
     <span class='ocr_line' id='line_1_26' title="bbox 360 1992 1167 2048; baseline 0 -12"><span class='ocrx_word' id='word_1_193' title='bbox 360 1995 516 2036; x_wconf 86' lang='lat' dir='ltr'><strong>terit.</strong></span> <span class='ocrx_word' id='word_1_194' title='bbox 574 1994 738 2036; x_wconf 81' lang='grc' dir='ltr'><strong>Αἰτίαν</strong></span> <span class='ocrx_word' id='word_1_195' title='bbox 776 1992 953 2047; x_wconf 65' lang='grc' dir='ltr'><strong>ὑπέχειν</strong></span> <span class='ocrx_word' id='word_1_196' title='bbox 993 1997 1167 2048; x_wconf 81' lang='lat' dir='ltr'><strong>proprie</strong></span> 
     </span>
     <span class='ocr_line' id='line_1_27' title="bbox 361 2051 1169 2102; baseline 0.001 -10"><span class='ocrx_word' id='word_1_197' title='bbox 361 2065 492 2093; x_wconf 83' lang='lat' dir='ltr'><strong>sensu</strong></span> <span class='ocrx_word' id='word_1_198' title='bbox 534 2053 648 2092; x_wconf 86' lang='lat' dir='ltr'><strong>maio</strong></span> <span class='ocrx_word' id='word_1_199' title='bbox 691 2051 848 2092; x_wconf 86' lang='lat' dir='ltr'><strong>dieitur</strong></span> <span class='ocrx_word' id='word_1_200' title='bbox 889 2052 943 2093; x_wconf 91' lang='lat' dir='ltr'><strong>de</strong></span> <span class='ocrx_word' id='word_1_201' title='bbox 995 2065 1073 2102; x_wconf 91' lang='lat' dir='ltr'><strong>eo,</strong></span> <span class='ocrx_word' id='word_1_202' title='bbox 1127 2053 1169 2093; x_wconf 89' lang='lat' dir='ltr'><strong>in</strong></span> 
     </span>
     <span class='ocr_line' id='line_1_28' title="bbox 360 2109 1168 2163; baseline 0 -13"><span class='ocrx_word' id='word_1_203' title='bbox 360 2122 486 2163; x_wconf 84' lang='lat' dir='ltr'><strong>quem</strong></span> <span class='ocrx_word' id='word_1_204' title='bbox 542 2110 669 2162; x_wconf 81' lang='lat' dir='ltr'><strong>culpa</strong></span> <span class='ocrx_word' id='word_1_205' title='bbox 723 2110 880 2150; x_wconf 87' lang='lat' dir='ltr'><strong>merito</strong></span> <span class='ocrx_word' id='word_1_206' title='bbox 935 2109 1168 2150; x_wconf 83' lang='lat' dir='ltr'>confertur.</span> 
     </span>
     <span class='ocr_line' id='line_1_29' title="bbox 360 2166 1170 2209; baseline 0.001 -1"><span class='ocrx_word' id='word_1_207' title='bbox 360 2166 526 2209; x_wconf 78' lang='lat' dir='ltr'>Deinde</span> <span class='ocrx_word' id='word_1_208' title='bbox 578 2166 750 2208; x_wconf 92' lang='lat' dir='ltr'><strong>omnino</strong></span> <span class='ocrx_word' id='word_1_209' title='bbox 801 2173 868 2208; x_wconf 80' lang='lat' dir='ltr'><strong>est</strong></span> <span class='ocrx_word' id='word_1_210' title='bbox 914 2180 1170 2209; x_wconf 79' lang='lat' dir='ltr'>caussam</span> 
     </span>
     <span class='ocr_line' id='line_1_30' title="bbox 361 2223 1168 2267; baseline 0 -1"><span class='ocrx_word' id='word_1_211' title='bbox 361 2225 664 2267; x_wconf 84' lang='lat' dir='ltr'><strong>sustinere.</strong></span> <span class='ocrx_word' id='word_1_212' title='bbox 729 2223 955 2266; x_wconf 77' lang='grc' dir='ltr'><strong><em>Τούτων</em></strong></span> <span class='ocrx_word' id='word_1_213' title='bbox 996 2238 1168 2267; x_wconf 81' lang='lat' dir='ltr'><strong>mascu-</strong></span> 
     </span>
     <span class='ocr_line' id='line_1_31' title="bbox 360 2278 1169 2338; baseline -0.001 -13"><span class='ocrx_word' id='word_1_214' title='bbox 360 2285 508 2334; x_wconf 78' lang='lat' dir='ltr'><strong>linum,</strong></span> <span class='ocrx_word' id='word_1_215' title='bbox 540 2295 634 2323; x_wconf 92' lang='lat' dir='ltr'><strong>cum</strong></span> <span class='ocrx_word' id='word_1_216' title='bbox 669 2278 748 2334; x_wconf 81' lang='grc' dir='ltr'><strong>τὴν</strong></span> <span class='ocrx_word' id='word_1_217' title='bbox 777 2282 925 2323; x_wconf 77' lang='grc' dir='ltr'><strong><em>αἰτίαν</em></strong></span> <span class='ocrx_word' id='word_1_218' title='bbox 956 2281 1169 2338; x_wconf 75' lang='grc' dir='ltr'><strong><em>ὑπέχοιμι</em></strong></span> 
     </span>
     <span class='ocr_line' id='line_1_32' title="bbox 362 2340 579 2382; baseline -0.005 -1"><span class='ocrx_word' id='word_1_219' title='bbox 362 2340 579 2382; x_wconf 79' lang='lat' dir='ltr'>cohaeret.</span> 
     </span>
    </p>

    <p class='ocr_par' dir='ltr' id='par_1_21' title="bbox 361 2397 1170 3432">
     <span class='ocr_line' id='line_1_33' title="bbox 419 2397 1170 2452; baseline -0.004 -13"><span class='ocrx_word' id='word_1_220' title='bbox 419 2397 700 2452; x_wconf 77' lang='lat' dir='ltr'>C·1p.XX11.</span> <span class='ocrx_word' id='word_1_221' title='bbox 763 2397 812 2449; x_wconf 86' lang='lat' dir='ltr'>C.</span> <span class='ocrx_word' id='word_1_222' title='bbox 873 2397 966 2451; x_wconf 73' lang='grc' dir='ltr'><strong>ἐγὼ</strong></span> <span class='ocrx_word' id='word_1_223' title='bbox 1000 2398 1170 2440; x_wconf 59' lang='lat' dir='ltr'><strong>eim</strong></span> 
     </span>
     <span class='ocr_line' id='line_1_34' title="bbox 369 2453 1169 2509; baseline -0.001 -12.958"><span class='ocrx_word' id='word_1_224' title='bbox 369 2454 452 2496; x_wconf 58' lang='grc' dir='ltr'><strong>’ἔτι</strong></span> <span class='ocrx_word' id='word_1_225' title='bbox 491 2455 516 2496; x_wconf 71' lang='lat' dir='ltr'><strong>c&#39;</strong></span> <span class='ocrx_word' id='word_1_226' title='bbox 533 2453 800 2501; x_wconf 79' lang='grc' dir='ltr'><strong><em>κουόντες</em></strong></span> <span class='ocrx_word' id='word_1_227' title='bbox 842 2457 926 2509; x_wconf 92' lang='lat'><strong>—-]</strong></span> <span class='ocrx_word' id='word_1_228' title='bbox 978 2456 1169 2497; x_wconf 85' lang='lat' dir='ltr'><strong>Gravius</strong></span> 
     </span>
     <span class='ocr_line' id='line_1_35' title="bbox 362 2512 1168 2567; baseline 0 -12"><span class='ocrx_word' id='word_1_229' title='bbox 362 2518 463 2567; x_wconf 83' lang='lat' dir='ltr'><strong>post</strong></span> <span class='ocrx_word' id='word_1_230' title='bbox 523 2513 644 2554; x_wconf 73' lang='grc' dir='ltr'><strong><em>εἷπον</em></strong></span> <span class='ocrx_word' id='word_1_231' title='bbox 693 2512 977 2555; x_wconf 76' lang='lat' dir='ltr'><strong>distinximus·</strong></span> <span class='ocrx_word' id='word_1_232' title='bbox 1057 2513 1168 2555; x_wconf 80' lang='lat' dir='ltr'><strong>Nam</strong></span> 
     </span>
     <span class='ocr_line' id='line_1_36' title="bbox 361 2567 1167 2625; baseline 0.001 -13"><span class='ocrx_word' id='word_1_233' title='bbox 361 2570 478 2625; x_wconf 84' lang='lat' dir='ltr'><strong>quod</strong></span> <span class='ocrx_word' id='word_1_234' title='bbox 525 2570 719 2623; x_wconf 82' lang='lat' dir='ltr'><strong>sequitur</strong></span> <span class='ocrx_word' id='word_1_235' title='bbox 760 2567 830 2610; x_wconf 69' lang='grc' dir='ltr'><strong>ὅτι</strong></span> <span class='ocrx_word' id='word_1_236' title='bbox 868 2568 1154 2618; x_wconf 74' lang='grc' dir='ltr'><strong><em>α’κούοντεςκ</em></strong></span> <span class='ocrx_word' id='word_1_237' title='bbox 1158 2603 1167 2612; x_wconf 93' lang='grc'><strong>.</strong></span> 
     </span>
     <span class='ocr_line' id='line_1_37' title="bbox 365 2626 1166 2681; baseline -0.001 -12"><span class='ocrx_word' id='word_1_238' title='bbox 365 2645 400 2669; x_wconf 80' lang='grc' dir='ltr'><strong>τ.</strong></span> <span class='ocrx_word' id='word_1_239' title='bbox 434 2630 472 2669; x_wconf 84' lang='grc' dir='ltr'><strong>λ.</strong></span> <span class='ocrx_word' id='word_1_240' title='bbox 507 2640 589 2668; x_wconf 92' lang='lat' dir='ltr'><strong>non</strong></span> <span class='ocrx_word' id='word_1_241' title='bbox 623 2640 675 2668; x_wconf 85' lang='lat' dir='ltr'><strong>ex</strong></span> <span class='ocrx_word' id='word_1_242' title='bbox 706 2626 828 2668; x_wconf 80' lang='grc' dir='ltr'><strong><em>εἷπον</em></strong></span> <span class='ocrx_word' id='word_1_243' title='bbox 862 2627 1047 2681; x_wconf 88' lang='lat' dir='ltr'><strong>pendet,</strong></span> <span class='ocrx_word' id='word_1_244' title='bbox 1089 2627 1166 2669; x_wconf 88' lang='lat' dir='ltr'><strong>sed</strong></span> 
     </span>
     <span class='ocr_line' id='line_1_38' title="bbox 362 2684 1168 2740; baseline -0.004 -13"><span class='ocrx_word' id='word_1_245' title='bbox 362 2690 511 2740; x_wconf 82' lang='lat' dir='ltr'><strong>aptum</strong></span> <span class='ocrx_word' id='word_1_246' title='bbox 553 2690 623 2726; x_wconf 75' lang='lat' dir='ltr'><strong>est</strong></span> <span class='ocrx_word' id='word_1_247' title='bbox 661 2697 713 2725; x_wconf 82' lang='lat' dir='ltr'><strong>ex</strong></span> <span class='ocrx_word' id='word_1_248' title='bbox 753 2684 921 2727; x_wconf 64' lang='lat' dir='ltr'><strong>verbisx</strong></span> <span class='ocrx_word' id='word_1_249' title='bbox 966 2686 1168 2739; x_wconf 83' lang='grc' dir='ltr'><strong><em>χαίρουσι</em></strong></span> 
     </span>
     <span class='ocr_line' id='line_1_39' title="bbox 362 2741 1166 2797; baseline 0 -14"><span class='ocrx_word' id='word_1_250' title='bbox 362 2741 458 2797; x_wconf 74' lang='grc' dir='ltr'><strong>μετ’</strong></span> <span class='ocrx_word' id='word_1_251' title='bbox 491 2742 601 2796; x_wconf 73' lang='grc' dir='ltr'><strong><em>ἐμοῦ</em></strong></span> <span class='ocrx_word' id='word_1_252' title='bbox 626 2741 937 2795; x_wconf 75' lang='grc' dir='ltr'><strong><em>διατρίβοντες,</em></strong></span> <span class='ocrx_word' id='word_1_253' title='bbox 968 2755 1082 2795; x_wconf 83' lang='lat' dir='ltr'><strong>quae</strong></span> <span class='ocrx_word' id='word_1_254' title='bbox 1113 2755 1166 2783; x_wconf 85' lang='lat' dir='ltr'><strong>ex</strong></span> 
     </span>
     <span class='ocr_line' id='line_1_40' title="bbox 364 2799 1168 2853; baseline -0.001 -12"><span class='ocrx_word' id='word_1_255' title='bbox 364 2799 631 2852; x_wconf 76' lang='lat' dir='ltr'><strong>antegressis</strong></span> <span class='ocrx_word' id='word_1_256' title='bbox 664 2799 900 2853; x_wconf 79' lang='lat' dir='ltr'><strong>repetenda</strong></span> <span class='ocrx_word' id='word_1_257' title='bbox 923 2806 1034 2844; x_wconf 87' lang='lat' dir='ltr'><strong>sunt.</strong></span> <span class='ocrx_word' id='word_1_258' title='bbox 1067 2800 1168 2841; x_wconf 90' lang='lat' dir='ltr'><strong>Hoc</strong></span> 
     </span>
     <span class='ocr_line' id='line_1_41' title="bbox 365 2856 1163 2900; baseline -0.001 -1"><span class='ocrx_word' id='word_1_259' title='bbox 365 2858 478 2899; x_wconf 89' lang='lat' dir='ltr'><strong>enim</strong></span> <span class='ocrx_word' id='word_1_260' title='bbox 526 2857 733 2897; x_wconf 82' lang='lat' dir='ltr'>Socrates</span> <span class='ocrx_word' id='word_1_261' title='bbox 782 2856 908 2898; x_wconf 85' lang='lat' dir='ltr'><strong>dicit:</strong></span> <span class='ocrx_word' id='word_1_262' title='bbox 958 2870 1163 2900; x_wconf 90' lang='lat' dir='ltr'><strong>omnem</strong></span> 
     </span>
     <span class='ocr_line' id='line_1_42' title="bbox 365 2914 1167 2966; baseline -0.001 -10"><span class='ocrx_word' id='word_1_263' title='bbox 365 2915 443 2956; x_wconf 90' lang='lat' dir='ltr'><strong>rei</strong></span> <span class='ocrx_word' id='word_1_264' title='bbox 508 2914 787 2956; x_wconf 79' lang='lat' dir='ltr'><strong>rationem</strong></span> <span class='ocrx_word' id='word_1_265' title='bbox 847 2927 948 2966; x_wconf 81' lang='lat' dir='ltr'><strong>ego</strong></span> <span class='ocrx_word' id='word_1_266' title='bbox 1009 2915 1167 2956; x_wconf 73' lang='lat' dir='ltr'><strong>vobis</strong></span> 
     </span>
     <span class='ocr_line' id='line_1_43' title="bbox 365 2970 1166 3024; baseline 0 -10"><span class='ocrx_word' id='word_1_267' title='bbox 365 2974 461 3014; x_wconf 84' lang='lat' dir='ltr'><strong>iam</strong></span> <span class='ocrx_word' id='word_1_268' title='bbox 523 2977 686 3012; x_wconf 81' lang='lat' dir='ltr'><strong>antea</strong></span> <span class='ocrx_word' id='word_1_269' title='bbox 751 2970 1021 3012; x_wconf 83' lang='lat' dir='ltr'><strong>indicavi:</strong></span> <span class='ocrx_word' id='word_1_270' title='bbox 1081 2974 1166 3024; x_wconf 81' lang='lat' dir='ltr'><strong>fa-</strong></span> 
     </span>
     <span class='ocr_line' id='line_1_44' title="bbox 364 3027 1168 3083; baseline 0 -12"><span class='ocrx_word' id='word_1_271' title='bbox 364 3029 522 3071; x_wconf 76' lang='lat' dir='ltr'><strong>ciunt</strong></span> <span class='ocrx_word' id='word_1_272' title='bbox 564 3027 678 3076; x_wconf 73' lang='lat' dir='ltr'><strong>hoe,</strong></span> <span class='ocrx_word' id='word_1_273' title='bbox 738 3029 868 3083; x_wconf 77' lang='lat' dir='ltr'><strong>quia</strong></span> <span class='ocrx_word' id='word_1_274' title='bbox 927 3029 1168 3082; x_wconf 74' lang='lat' dir='ltr'><strong>gandent</strong></span> 
     </span>
     <span class='ocr_line' id='line_1_45' title="bbox 366 3087 1167 3143; baseline 0 -15"><span class='ocrx_word' id='word_1_275' title='bbox 366 3087 683 3143; x_wconf 70' lang='lat' dir='ltr'>audientes,</span> <span class='ocrx_word' id='word_1_276' title='bbox 756 3099 910 3139; x_wconf 87' lang='lat' dir='ltr'><strong>quum</strong></span> <span class='ocrx_word' id='word_1_277' title='bbox 981 3089 1167 3142; x_wconf 84' lang='lat' dir='ltr'><strong>expio-</strong></span> 
     </span>
     <span class='ocr_line' id='line_1_46' title="bbox 364 3144 1164 3187; baseline -0.001 -1"><span class='ocrx_word' id='word_1_278' title='bbox 364 3149 561 3187; x_wconf 81' lang='lat' dir='ltr'><strong>rantur</strong></span> <span class='ocrx_word' id='word_1_279' title='bbox 605 3149 656 3185; x_wconf 90' lang='lat' dir='ltr'><strong>et</strong></span> <span class='ocrx_word' id='word_1_280' title='bbox 699 3144 962 3185; x_wconf 79' lang='lat' dir='ltr'><strong>inscitiae</strong></span> <span class='ocrx_word' id='word_1_281' title='bbox 1014 3158 1164 3187; x_wconf 80' lang='lat' dir='ltr'>coar-</span> 
     </span>
     <span class='ocr_line' id='line_1_47' title="bbox 364 3202 1168 3256; baseline -0.004 -11.996"><span class='ocrx_word' id='word_1_282' title='bbox 364 3209 629 3256; x_wconf 75' lang='lat' dir='ltr'><strong>guantur</strong></span> <span class='ocrx_word' id='word_1_283' title='bbox 663 3202 836 3254; x_wconf 80' lang='lat' dir='ltr'><strong>quise</strong></span> <span class='ocrx_word' id='word_1_284' title='bbox 870 3204 1168 3255; x_wconf 83' lang='lat' dir='ltr'><strong>sapientes</strong></span> 
     </span>
     <span class='ocr_line' id='line_1_48' title="bbox 366 3258 1164 3313; baseline -0.004 -11"><span class='ocrx_word' id='word_1_285' title='bbox 366 3272 486 3302; x_wconf 87' lang='lat' dir='ltr'><strong>esse</strong></span> <span class='ocrx_word' id='word_1_286' title='bbox 525 3259 863 3313; x_wconf 84' lang='lat' dir='ltr'><strong>putant.1ta</strong></span> <span class='ocrx_word' id='word_1_287' title='bbox 913 3258 983 3299; x_wconf 77' lang='grc' dir='ltr'><strong>ὅτι</strong></span> <span class='ocrx_word' id='word_1_288' title='bbox 1017 3274 1069 3302; x_wconf 81' lang='lat' dir='ltr'><strong>ex</strong></span> <span class='ocrx_word' id='word_1_289' title='bbox 1103 3272 1164 3300; x_wconf 89' lang='lat' dir='ltr'><strong>re·</strong></span> 
     </span>
     <span class='ocr_line' id='line_1_49' title="bbox 365 3317 1163 3371; baseline -0.005 -11"><span class='ocrx_word' id='word_1_290' title='bbox 365 3317 551 3360; x_wconf 85' lang='lat' dir='ltr'><strong>motiore</strong></span> <span class='ocrx_word' id='word_1_291' title='bbox 602 3317 761 3371; x_wconf 86' lang='lat' dir='ltr'><strong>p‹ndet</strong></span> <span class='ocrx_word' id='word_1_292' title='bbox 810 3318 1022 3357; x_wconf 78' lang='lat' dir='ltr'><strong>sententia</strong></span> <span class='ocrx_word' id='word_1_293' title='bbox 1076 3318 1163 3358; x_wconf 82' lang='lat' dir='ltr'><strong>Eu-</strong></span> 
     </span>
     <span class='ocr_line' id='line_1_50' title="bbox 363 3367 1162 3432; baseline -0.003 -15"><span class='ocrx_word' id='word_1_294' title='bbox 363 3374 530 3432; x_wconf 71' lang='lat' dir='ltr'><strong>ssryphr.</strong></span> <span class='ocrx_word' id='word_1_295' title='bbox 573 3388 614 3429; x_wconf 88' lang='lat' dir='ltr'><strong>p.</strong></span> <span class='ocrx_word' id='word_1_296' title='bbox 653 3375 694 3417; x_wconf 89' lang='lat'><strong>3.</strong></span> <span class='ocrx_word' id='word_1_297' title='bbox 736 3374 789 3415; x_wconf 93' lang='lat' dir='ltr'>B.</span> <span class='ocrx_word' id='word_1_298' title='bbox 836 3373 1076 3428; x_wconf 75' lang='grc' dir='ltr'><strong>μαιθαῖνω,</strong></span> <span class='ocrx_word' id='word_1_299' title='bbox 1129 3367 1162 3415; x_wconf 77' lang='grc' dir='ltr'><em>ὦ</em></span> 
     </span>
    </p>
   </div>
   <div class='ocr_carea' id='block_1_13' title="bbox 766 1762 1665 1818">
    <p class='ocr_par' dir='ltr' id='par_1_22' title="bbox 766 1762 1665 1818">
     <span class='ocr_line' id='line_1_51' title="bbox 766 1762 1665 1818; baseline -0.005 -13"><span class='ocrx_word' id='word_1_300' title='bbox 766 1765 862 1805; x_wconf 80' lang='lat' dir='ltr'>Par.</span> <span class='ocrx_word' id='word_1_301' title='bbox 908 1763 1053 1808; x_wconf 84' lang='lat' dir='ltr'>DsT.</span> <span class='ocrx_word' id='word_1_302' title='bbox 1095 1765 1150 1807; x_wconf 88' lang='lat' dir='ltr'><strong>V.</strong></span> <span class='ocrx_word' id='word_1_303' title='bbox 1191 1762 1272 1818; x_wconf 75' lang='grc' dir='ltr'><strong>ἐγὼ</strong></span> <span class='ocrx_word' id='word_1_304' title='bbox 1315 1779 1400 1804; x_wconf 81' lang='grc' dir='ltr'><strong>των</strong></span> <span class='ocrx_word' id='word_1_305' title='bbox 1437 1763 1665 1818; x_wconf 74' lang='grc' dir='ltr'><strong>νεωτέρων.</strong></span> 
     </span>
    </p>
   </div>
   <div class='ocr_carea' id='block_1_14' title="bbox 1748 1761 2058 1814">
    <p class='ocr_par' dir='ltr' id='par_1_23' title="bbox 1748 1761 2058 1814">
     <span class='ocr_line' id='line_1_52' title="bbox 1748 1761 2058 1814; baseline -0.016 -12"><span class='ocrx_word' id='word_1_306' title='bbox 1748 1761 1803 1802; x_wconf 81' lang='lat' dir='ltr'><strong>Et</strong></span> <span class='ocrx_word' id='word_1_307' title='bbox 1847 1763 2058 1814; x_wconf 64' lang='grc' dir='ltr'><strong>νεωτέρων</strong></span> 
     </span>
    </p>
   </div>
   <div class='ocr_carea' id='block_1_15' title="bbox 1250 1872 2060 3423">
    <p class='ocr_par' dir='ltr' id='par_1_24' title="bbox 1250 1872 2060 3423">
     <span class='ocr_line' id='line_1_53' title="bbox 1250 1872 2054 1933; baseline -0.005 -15"><span class='ocrx_word' id='word_1_308' title='bbox 1250 1874 1500 1933; x_wconf 77' lang='grc' dir='ltr'><strong><em>Σώκρατες·</em></strong></span> <span class='ocrx_word' id='word_1_309' title='bbox 1531 1873 1608 1917; x_wconf 78' lang='grc' dir='ltr'><strong>ὅτι</strong></span> <span class='ocrx_word' id='word_1_310' title='bbox 1641 1874 1692 1928; x_wconf 72' lang='grc' dir='ltr'><strong>ὃν</strong></span> <span class='ocrx_word' id='word_1_311' title='bbox 1729 1874 1778 1916; x_wconf 81' lang='grc' dir='ltr'><strong>σι)</strong></span> <span class='ocrx_word' id='word_1_312' title='bbox 1812 1873 1864 1915; x_wconf 81' lang='grc' dir='ltr'><strong>τὸ</strong></span> <span class='ocrx_word' id='word_1_313' title='bbox 1894 1872 2054 1927; x_wconf 75' lang='grc' dir='ltr'><strong><em>δαιμό·</em></strong></span> 
     </span>
     <span class='ocr_line' id='line_1_54' title="bbox 1252 1931 2055 1988; baseline -0.004 -13"><span class='ocrx_word' id='word_1_314' title='bbox 1252 1950 1343 1976; x_wconf 86' lang='grc' dir='ltr'><strong>νιον</strong></span> <span class='ocrx_word' id='word_1_315' title='bbox 1387 1934 1469 1988; x_wconf 78' lang='grc' dir='ltr'><strong>φῂς</strong></span> <span class='ocrx_word' id='word_1_316' title='bbox 1511 1938 1653 1975; x_wconf 78' lang='grc' dir='ltr'><strong><em>σαυτιῧ</em></strong></span> <span class='ocrx_word' id='word_1_317' title='bbox 1685 1931 1886 1974; x_wconf 75' lang='grc' dir='ltr'><strong><em>ἑκάστοτε</em></strong></span> <span class='ocrx_word' id='word_1_318' title='bbox 1916 1934 2055 1985; x_wconf 72' lang='grc' dir='ltr'><em>γίγνε-</em></span> 
     </span>
     <span class='ocr_line' id='line_1_55' title="bbox 1254 1990 2055 2044; baseline -0.004 -11"><span class='ocrx_word' id='word_1_319' title='bbox 1254 1997 1385 2044; x_wconf 77' lang='grc' dir='ltr'><strong><em>σθαι,</em></strong></span> <span class='ocrx_word' id='word_1_320' title='bbox 1416 1994 1487 2034; x_wconf 90' lang='lat' dir='ltr'><strong>ubi</strong></span> <span class='ocrx_word' id='word_1_321' title='bbox 1519 1991 1592 2033; x_wconf 73' lang='grc' dir='ltr'><strong>ὅτι</strong></span> <span class='ocrx_word' id='word_1_322' title='bbox 1616 1990 1820 2032; x_wconf 83' lang='lat' dir='ltr'>cohaeret</span> <span class='ocrx_word' id='word_1_323' title='bbox 1848 2002 1946 2032; x_wconf 89' lang='lat' dir='ltr'><strong>cum</strong></span> <span class='ocrx_word' id='word_1_324' title='bbox 1980 2002 2055 2030; x_wconf 79' lang='lat' dir='ltr'><strong>an-</strong></span> 
     </span>
     <span class='ocr_line' id='line_1_56' title="bbox 1254 2045 2057 2104; baseline -0.01 -11"><span class='ocrx_word' id='word_1_325' title='bbox 1254 2056 1480 2104; x_wconf 81' lang='lat' dir='ltr'><strong>tegresso:</strong></span> <span class='ocrx_word' id='word_1_326' title='bbox 1519 2051 1626 2103; x_wconf 80' lang='grc' dir='ltr'><strong><em>φησί</em></strong></span> <span class='ocrx_word' id='word_1_327' title='bbox 1653 2064 1698 2090; x_wconf 85' lang='grc' dir='ltr'><strong>σε</strong></span> <span class='ocrx_word' id='word_1_328' title='bbox 1727 2045 1914 2100; x_wconf 72' lang='grc' dir='ltr'><strong><em>ποιητὴν</em></strong></span> <span class='ocrx_word' id='word_1_329' title='bbox 1946 2046 2057 2088; x_wconf 68' lang='grc' dir='ltr'><strong>εἶναι</strong></span> 
     </span>
     <span class='ocr_line' id='line_1_57' title="bbox 1256 2105 2058 2179; baseline -0.001 -31"><span class='ocrx_word' id='word_1_330' title='bbox 1256 2112 1386 2151; x_wconf 76' lang='grc' dir='ltr'><strong>θεῶι.</strong></span> <span class='ocrx_word' id='word_1_331' title='bbox 1450 2109 1513 2149; x_wconf 91' lang='lat' dir='ltr'><strong>De</strong></span> <span class='ocrx_word' id='word_1_332' title='bbox 1549 2107 1667 2179; x_wconf 88' lang='lat' dir='ltr'><strong>Rep.</strong></span> <span class='ocrx_word' id='word_1_333' title='bbox 1711 2106 1751 2146; x_wconf 93' lang='lat'>1.</span> <span class='ocrx_word' id='word_1_334' title='bbox 1792 2119 1833 2158; x_wconf 90' lang='lat' dir='ltr'>p.</span> <span class='ocrx_word' id='word_1_335' title='bbox 1863 2105 1964 2149; x_wconf 83' lang='lat'><strong>332.</strong></span> <span class='ocrx_word' id='word_1_336' title='bbox 2007 2107 2058 2147; x_wconf 82' lang='lat' dir='ltr'>A</span> 
     </span>
     <span class='ocr_line' id='line_1_58' title="bbox 1256 2160 2059 2220; baseline -0.004 -16"><span class='ocrx_word' id='word_1_337' title='bbox 1256 2163 1497 2220; x_wconf 74' lang='grc' dir='ltr'><strong>μανθάνω,</strong></span> <span class='ocrx_word' id='word_1_338' title='bbox 1541 2160 1592 2216; x_wconf 74' lang='grc' dir='ltr'><strong>ἦν</strong></span> <span class='ocrx_word' id='word_1_339' title='bbox 1632 2163 1675 2206; x_wconf 77' lang='grc' dir='ltr'><strong>δ’</strong></span> <span class='ocrx_word' id='word_1_340' title='bbox 1714 2162 1819 2216; x_wconf 75' lang='grc' dir='ltr'><strong>ἐγώ·</strong></span> <span class='ocrx_word' id='word_1_341' title='bbox 1868 2161 1942 2204; x_wconf 72' lang='grc' dir='ltr'><strong>ὅτι</strong></span> <span class='ocrx_word' id='word_1_342' title='bbox 1989 2161 2059 2202; x_wconf 75' lang='grc' dir='ltr'><strong><em>σοὶ</em></strong></span> 
     </span>
     <span class='ocr_line' id='line_1_59' title="bbox 1252 2219 2057 2277; baseline -0.005 -13"><span class='ocrx_word' id='word_1_343' title='bbox 1252 2223 1306 2264; x_wconf 82' lang='grc' dir='ltr'><strong>τὰ</strong></span> <span class='ocrx_word' id='word_1_344' title='bbox 1350 2221 1614 2277; x_wconf 80' lang='grc' dir='ltr'><strong><em>οφειλόμενα</em></strong></span> <span class='ocrx_word' id='word_1_345' title='bbox 1659 2219 1946 2271; x_wconf 78' lang='grc' dir='ltr'><strong><em>ἀποδίδωσιν,</em></strong></span> <span class='ocrx_word' id='word_1_346' title='bbox 1996 2232 2057 2262; x_wconf 84' lang='lat' dir='ltr'><strong>sc.</strong></span> 
     </span>
     <span class='ocr_line' id='line_1_60' title="bbox 1256 2276 2058 2332; baseline -0.004 -11"><span class='ocrx_word' id='word_1_347' title='bbox 1256 2282 1395 2322; x_wconf 80' lang='grc' dir='ltr'><strong><em>οἴεται</em></strong></span> <span class='ocrx_word' id='word_1_348' title='bbox 1413 2281 1564 2324; x_wconf 77' lang='grc' dir='ltr'><strong><em>τοῦτο.</em></strong></span> <span class='ocrx_word' id='word_1_349' title='bbox 1595 2278 1792 2320; x_wconf 63' lang='grc' dir='ltr'><strong>ΙδίάΙΙΙ.</strong></span> <span class='ocrx_word' id='word_1_350' title='bbox 1810 2291 1852 2332; x_wconf 86' lang='lat' dir='ltr'>p.</span> <span class='ocrx_word' id='word_1_351' title='bbox 1873 2277 1972 2323; x_wconf 86' lang='grc'><strong>402.</strong></span> <span class='ocrx_word' id='word_1_352' title='bbox 2008 2276 2058 2318; x_wconf 84' lang='grc' dir='ltr'><strong>Ε.</strong></span> 
     </span>
     <span class='ocr_line' id='line_1_61' title="bbox 1254 2335 2060 2394; baseline -0.007 -14"><span class='ocrx_word' id='word_1_353' title='bbox 1254 2337 1493 2394; x_wconf 76' lang='grc' dir='ltr'><em>μανθάνω,</em></span> <span class='ocrx_word' id='word_1_354' title='bbox 1535 2354 1589 2390; x_wconf 86' lang='grc' dir='ltr'><strong>ην</strong></span> <span class='ocrx_word' id='word_1_355' title='bbox 1625 2336 1664 2379; x_wconf 76' lang='grc' dir='ltr'><strong>δ’</strong></span> <span class='ocrx_word' id='word_1_356' title='bbox 1710 2335 1810 2390; x_wconf 62' lang='grc' dir='ltr'><strong>ἐγώ·</strong></span> <span class='ocrx_word' id='word_1_357' title='bbox 1853 2353 1926 2377; x_wconf 82' lang='grc' dir='ltr'><strong><em>οτι</em></strong></span> <span class='ocrx_word' id='word_1_358' title='bbox 1971 2337 2060 2376; x_wconf 67' lang='grc' dir='ltr'>ἔστι</span> 
     </span>
     <span class='ocr_line' id='line_1_62' title="bbox 1256 2392 2056 2450; baseline -0.008 -13"><span class='ocrx_word' id='word_1_359' title='bbox 1256 2411 1323 2438; x_wconf 86' lang='grc' dir='ltr'><strong><em>σοι</em></strong></span> <span class='ocrx_word' id='word_1_360' title='bbox 1363 2395 1389 2448; x_wconf 82' lang='grc' dir='ltr'><strong><em>ἧ</em></strong></span> <span class='ocrx_word' id='word_1_361' title='bbox 1428 2399 1573 2450; x_wconf 74' lang='grc' dir='ltr'><strong><em>γέγοιε</em></strong></span> <span class='ocrx_word' id='word_1_362' title='bbox 1622 2392 1799 2436; x_wconf 77' lang='grc' dir='ltr'><strong><em>παιδικὰ</em></strong></span> <span class='ocrx_word' id='word_1_363' title='bbox 1850 2396 2056 2441; x_wconf 77' lang='grc' dir='ltr'><strong><em>τοιαῦτα,</em></strong></span> 
     </span>
     <span class='ocr_line' id='line_1_63' title="bbox 1255 2449 2058 2506; baseline -0.007 -11"><span class='ocrx_word' id='word_1_364' title='bbox 1255 2453 1327 2495; x_wconf 88' lang='lat' dir='ltr'><strong>ubi</strong></span> <span class='ocrx_word' id='word_1_365' title='bbox 1358 2453 1667 2506; x_wconf 86' lang='lat' dir='ltr'><strong>repetendum.</strong></span> <span class='ocrx_word' id='word_1_366' title='bbox 1698 2449 1927 2506; x_wconf 76' lang='grc' dir='ltr'><strong>ὑπομένειν</strong></span> <span class='ocrx_word' id='word_1_367' title='bbox 1956 2451 2058 2490; x_wconf 76' lang='grc' dir='ltr'>ἐθέ-</span> 
     </span>
     <span class='ocr_line' id='line_1_64' title="bbox 1256 2507 2057 2563; baseline -0.006 -12"><span class='ocrx_word' id='word_1_368' title='bbox 1256 2512 1355 2556; x_wconf 52' lang='lat' dir='ltr'><strong>lut.</strong></span> <span class='ocrx_word' id='word_1_369' title='bbox 1416 2510 1528 2553; x_wconf 80' lang='lat' dir='ltr'><strong>Ibid.</strong></span> <span class='ocrx_word' id='word_1_370' title='bbox 1577 2523 1618 2563; x_wconf 86' lang='lat' dir='ltr'>p.</span> <span class='ocrx_word' id='word_1_371' title='bbox 1649 2508 1748 2552; x_wconf 88' lang='grc'><strong>410</strong></span> <span class='ocrx_word' id='word_1_372' title='bbox 1780 2509 1831 2550; x_wconf 84' lang='grc' dir='ltr'><strong>Ι).</strong></span> <span class='ocrx_word' id='word_1_373' title='bbox 1881 2507 2057 2561; x_wconf 78' lang='grc' dir='ltr'><strong><em>Ἔγωγε,</em></strong></span> 
     </span>
     <span class='ocr_line' id='line_1_65' title="bbox 1255 2563 2058 2622; baseline -0.005 -14"><span class='ocrx_word' id='word_1_374' title='bbox 1255 2569 1355 2622; x_wconf 76' lang='grc' dir='ltr'><strong><em>ἔφη·</em></strong></span> <span class='ocrx_word' id='word_1_375' title='bbox 1388 2565 1461 2608; x_wconf 76' lang='grc' dir='ltr'><strong>δ’τι</strong></span> <span class='ocrx_word' id='word_1_376' title='bbox 1479 2568 1523 2608; x_wconf 80' lang='grc' dir='ltr'><strong><em>οἱ</em></strong></span> <span class='ocrx_word' id='word_1_377' title='bbox 1541 2570 1618 2622; x_wconf 75' lang='grc' dir='ltr'><strong>μὲν</strong></span> <span class='ocrx_word' id='word_1_378' title='bbox 1637 2570 1903 2620; x_wconf 77' lang='grc' dir='ltr'><strong>γυμναστικῇ</strong></span> <span class='ocrx_word' id='word_1_379' title='bbox 1922 2563 2058 2620; x_wconf 70' lang='grc' dir='ltr'><em>ἀκρά-</em></span> 
     </span>
     <span class='ocr_line' id='line_1_66' title="bbox 1253 2621 2052 2696; baseline -0.004 -31"><span class='ocrx_word' id='word_1_380' title='bbox 1253 2640 1313 2677; x_wconf 85' lang='grc' dir='ltr'><strong>τῳ</strong></span> <span class='ocrx_word' id='word_1_381' title='bbox 1351 2622 1620 2696; x_wconf 75' lang='grc' dir='ltr'><strong><em>χρησάμενοι</em></strong></span> <span class='ocrx_word' id='word_1_382' title='bbox 1668 2621 1928 2678; x_wconf 72' lang='grc' dir='ltr'><strong><em>ἀγριώτεροι</em></strong></span> <span class='ocrx_word' id='word_1_383' title='bbox 1973 2637 2052 2663; x_wconf 79' lang='grc' dir='ltr'><strong><em>του</em></strong></span> 
     </span>
     <span class='ocr_line' id='line_1_67' title="bbox 1253 2680 2056 2734; baseline -0.002 -12"><span class='ocrx_word' id='word_1_384' title='bbox 1253 2681 1429 2728; x_wconf 78' lang='grc' dir='ltr'><strong><em>δέοντος</em></strong></span> <span class='ocrx_word' id='word_1_385' title='bbox 1472 2680 1813 2734; x_wconf 71' lang='grc' dir='ltr'><strong>ἀποβαίνωσιν,</strong></span> <span class='ocrx_word' id='word_1_386' title='bbox 1868 2681 1938 2721; x_wconf 81' lang='lat' dir='ltr'><strong>ubi</strong></span> <span class='ocrx_word' id='word_1_387' title='bbox 1982 2680 2056 2733; x_wconf 84' lang='lat' dir='ltr'><strong>qui</strong></span> 
     </span>
     <span class='ocr_line' id='line_1_68' title="bbox 1252 2738 2058 2781; baseline -0.004 0"><span class='ocrx_word' id='word_1_388' title='bbox 1252 2739 1306 2781; x_wconf 83' lang='lat' dir='ltr'><strong>ad</strong></span> <span class='ocrx_word' id='word_1_389' title='bbox 1339 2738 1412 2780; x_wconf 69' lang='grc' dir='ltr'><strong>ὅτι</strong></span> <span class='ocrx_word' id='word_1_390' title='bbox 1439 2740 1661 2781; x_wconf 80' lang='lat' dir='ltr'><strong>nobiscnm</strong></span> <span class='ocrx_word' id='word_1_391' title='bbox 1685 2739 1976 2780; x_wconf 77' lang='lat' dir='ltr'><strong>intellexerint</strong></span> <span class='ocrx_word' id='word_1_392' title='bbox 2005 2750 2058 2779; x_wconf 86' lang='lat' dir='ltr'><strong>ex</strong></span> 
     </span>
     <span class='ocr_line' id='line_1_69' title="bbox 1251 2796 2056 2848; baseline -0.002 -10"><span class='ocrx_word' id='word_1_393' title='bbox 1251 2796 1611 2839; x_wconf 84' lang='lat' dir='ltr'><strong>antecedentibus</strong></span> <span class='ocrx_word' id='word_1_394' title='bbox 1650 2798 1802 2848; x_wconf 79' lang='grc' dir='ltr'><em>ἐννοῶ,</em></span> <span class='ocrx_word' id='word_1_395' title='bbox 1844 2797 1870 2836; x_wconf 92' lang='lat' dir='ltr'><strong>ii</strong></span> <span class='ocrx_word' id='word_1_396' title='bbox 1917 2798 2056 2837; x_wconf 86' lang='lat' dir='ltr'><strong>iocum</strong></span> 
     </span>
     <span class='ocr_line' id='line_1_70' title="bbox 1252 2852 2058 2906; baseline -0.004 -12"><span class='ocrx_word' id='word_1_397' title='bbox 1252 2855 1523 2896; x_wconf 78' lang='lat' dir='ltr'><strong>sanissimum</strong></span> <span class='ocrx_word' id='word_1_398' title='bbox 1585 2867 1667 2895; x_wconf 93' lang='lat' dir='ltr'><strong>non</strong></span> <span class='ocrx_word' id='word_1_399' title='bbox 1729 2854 1813 2895; x_wconf 82' lang='lat' dir='ltr'><strong>iam</strong></span> <span class='ocrx_word' id='word_1_400' title='bbox 1874 2852 2058 2906; x_wconf 80' lang='lat' dir='ltr'><strong>amplius</strong></span> 
     </span>
     <span class='ocr_line' id='line_1_71' title="bbox 1255 2910 2056 2964; baseline -0.002 -12"><span class='ocrx_word' id='word_1_401' title='bbox 1255 2913 1571 2964; x_wconf 70' lang='lat' dir='ltr'><strong>sonicitabunt3</strong></span> <span class='ocrx_word' id='word_1_402' title='bbox 1609 2925 1648 2953; x_wconf 86' lang='lat' dir='ltr'>v.</span> <span class='ocrx_word' id='word_1_403' title='bbox 1671 2910 1725 2952; x_wconf 89' lang='lat' dir='ltr'><strong>ibi</strong></span> <span class='ocrx_word' id='word_1_404' title='bbox 1747 2923 1842 2952; x_wconf 86' lang='lat' dir='ltr'><strong>ann.</strong></span> <span class='ocrx_word' id='word_1_405' title='bbox 1864 2917 2056 2952; x_wconf 82' lang='lat' dir='ltr'><strong>nostram</strong></span> 
     </span>
     <span class='ocr_line' id='line_1_72' title="bbox 1256 2968 2057 3024; baseline -0.002 -14"><span class='ocrx_word' id='word_1_406' title='bbox 1256 2971 1360 3011; x_wconf 89' lang='lat' dir='ltr'><strong>edit.</strong></span> <span class='ocrx_word' id='word_1_407' title='bbox 1392 2970 1524 3013; x_wconf 81' lang='lat' dir='ltr'><strong>Goth.</strong></span> <span class='ocrx_word' id='word_1_408' title='bbox 1557 2985 1598 3024; x_wconf 83' lang='lat' dir='ltr'>p.</span> <span class='ocrx_word' id='word_1_409' title='bbox 1629 2969 1729 3014; x_wconf 78' lang='lat'>237.</span> <span class='ocrx_word' id='word_1_410' title='bbox 1790 2968 1959 3012; x_wconf 86' lang='lat' dir='ltr'><strong>Quibus</strong></span> <span class='ocrx_word' id='word_1_411' title='bbox 1990 2969 2057 3010; x_wconf 89' lang='grc' dir='ltr'><strong>Ιο-</strong></span> 
     </span>
     <span class='ocr_line' id='line_1_73' title="bbox 1255 3025 2057 3069; baseline -0.002 -1"><span class='ocrx_word' id='word_1_412' title='bbox 1255 3029 1315 3069; x_wconf 86' lang='lat' dir='ltr'><strong>cis</strong></span> <span class='ocrx_word' id='word_1_413' title='bbox 1357 3028 1554 3068; x_wconf 82' lang='lat' dir='ltr'><strong>omnibus</strong></span> <span class='ocrx_word' id='word_1_414' title='bbox 1595 3034 1714 3069; x_wconf 89' lang='lat' dir='ltr'><strong>recte</strong></span> <span class='ocrx_word' id='word_1_415' title='bbox 1763 3025 1961 3066; x_wconf 87' lang='lat' dir='ltr'><strong>videmur</strong></span> <span class='ocrx_word' id='word_1_416' title='bbox 2004 3038 2057 3067; x_wconf 91' lang='lat' dir='ltr'><strong>eo</strong></span> 
     </span>
     <span class='ocr_line' id='line_1_74' title="bbox 1255 3083 2058 3139; baseline -0.004 -12"><span class='ocrx_word' id='word_1_417' title='bbox 1255 3100 1342 3139; x_wconf 84' lang='lat' dir='ltr'><strong>quo</strong></span> <span class='ocrx_word' id='word_1_418' title='bbox 1405 3086 1590 3127; x_wconf 80' lang='lat' dir='ltr'><strong>diximus</strong></span> <span class='ocrx_word' id='word_1_419' title='bbox 1646 3083 1777 3127; x_wconf 89' lang='lat' dir='ltr'><strong>modo</strong></span> <span class='ocrx_word' id='word_1_420' title='bbox 1836 3083 2058 3124; x_wconf 78' lang='lat' dir='ltr'><strong>refinxisse</strong></span> 
     </span>
     <span class='ocr_line' id='line_1_75' title="bbox 1255 3139 2057 3195; baseline -0.004 -12"><span class='ocrx_word' id='word_1_421' title='bbox 1255 3144 1678 3195; x_wconf 85' lang='lat' dir='ltr'><strong>interpunctionem,</strong></span> <span class='ocrx_word' id='word_1_422' title='bbox 1739 3153 1867 3193; x_wconf 86' lang='lat' dir='ltr'><strong>quum</strong></span> <span class='ocrx_word' id='word_1_423' title='bbox 1932 3139 2057 3182; x_wconf 85' lang='lat' dir='ltr'><strong>editt.</strong></span> 
     </span>
     <span class='ocr_line' id='line_1_76' title="bbox 1252 3195 2058 3254; baseline -0.007 -12"><span class='ocrx_word' id='word_1_424' title='bbox 1252 3214 1478 3254; x_wconf 78' lang='lat' dir='ltr'><strong>perperam</strong></span> <span class='ocrx_word' id='word_1_425' title='bbox 1551 3204 1764 3242; x_wconf 83' lang='lat' dir='ltr'><strong>commate</strong></span> <span class='ocrx_word' id='word_1_426' title='bbox 1823 3204 1924 3239; x_wconf 81' lang='lat' dir='ltr'><strong>ante</strong></span> <span class='ocrx_word' id='word_1_427' title='bbox 1983 3195 2058 3237; x_wconf 72' lang='grc' dir='ltr'><strong>ὅτι</strong></span> 
     </span>
     <span class='ocr_line' id='line_1_77' title="bbox 1251 3256 2055 3308; baseline -0.005 -10"><span class='ocrx_word' id='word_1_428' title='bbox 1251 3258 1529 3308; x_wconf 68' lang='lat' dir='ltr'><strong>distinguant.</strong></span> <span class='ocrx_word' id='word_1_429' title='bbox 1601 3256 1805 3299; x_wconf 85' lang='lat' dir='ltr'><strong>Ceterum</strong></span> <span class='ocrx_word' id='word_1_430' title='bbox 1840 3257 1881 3296; x_wconf 91' lang='lat' dir='ltr'><strong>in</strong></span> <span class='ocrx_word' id='word_1_431' title='bbox 1914 3261 2055 3296; x_wconf 72' lang='lat' dir='ltr'><strong>trans-</strong></span> 
     </span>
     <span class='ocr_line' id='line_1_78' title="bbox 1252 3313 2056 3358; baseline -0.004 -3"><span class='ocrx_word' id='word_1_432' title='bbox 1252 3329 1376 3357; x_wconf 66' lang='lat' dir='ltr'><strong>‹enrsn</strong></span> <span class='ocrx_word' id='word_1_433' title='bbox 1430 3328 1696 3358; x_wconf 79' lang='lat' dir='ltr'><strong>memorasse</strong></span> <span class='ocrx_word' id='word_1_434' title='bbox 1735 3313 1896 3354; x_wconf 80' lang='lat' dir='ltr'><strong>iuvabit</strong></span> <span class='ocrx_word' id='word_1_435' title='bbox 1935 3325 2056 3353; x_wconf 89' lang='lat' dir='ltr'><strong>com-</strong></span> 
     </span>
     <span class='ocr_line' id='line_1_79' title="bbox 1250 3370 2057 3423; baseline -0.009 -7"><span class='ocrx_word' id='word_1_436' title='bbox 1250 3379 1439 3416; x_wconf 79' lang='lat' dir='ltr'><strong>mentum</strong></span> <span class='ocrx_word' id='word_1_437' title='bbox 1484 3370 1820 3423; x_wconf 79' lang='lat' dir='ltr'><strong>Hirschigii‚</strong></span> <span class='ocrx_word' id='word_1_438' title='bbox 1863 3371 1932 3423; x_wconf 85' lang='lat' dir='ltr'><strong>qui</strong></span> <span class='ocrx_word' id='word_1_439' title='bbox 1975 3382 2057 3410; x_wconf 79' lang='lat' dir='ltr'><strong>nu·-</strong></span> 
     </span>
    </p>
   </div>
  </div>
 </body>
</html>
