2158 3718
769 124 851 169 AD
882 122 1300 173 PHAEDONEM.
1849 126 1920 179 39

147 270 260 320 dam
296 271 463 321 statuit
501 275 646 336 atque
681 269 796 319 fecit
829 270 956 319 infra
992 270 1105 320 inde
1133 286 1158 320 a
1183 284 1294 335 pag.
1327 267 1426 320 108
1453 269 1514 326 Α,
1553 270 1639 320 uhi
1663 276 1843 322 statum
1870 280 1917 323 et

147 341 486 391 condicionem
514 342 784 390 animorum
822 346 934 405 post
968 347 1177 391 mortem
1211 340 1429 390 futurum
1468 343 1748 392 narratione
1778 343 1916 393 fabu-

144 410 237 460 lari
262 411 514 462 declarare
540 416 744 461 conatus
771 417 869 469 est,
900 418 953 461 ut
976 418 1076 462 tota
1102 412 1222 462 haec
1259 411 1320 461 de
1354 411 1717 463 immortalitate
1751 413 1915 479 dispu-

146 483 260 532 tatio
289 487 337 532 et
360 498 388 532 a
414 482 582 547 mytho
612 482 830 532 ordiatur
861 488 907 532 et
932 483 1099 548 mytho
1126 483 1337 548 quodam
1364 483 1575 532 finiatur.

286 553 383 603 Sed
416 558 613 618 praeter
647 553 773 603 hanc
808 555 881 603 rei
924 555 1345 603 confirmationem
1390 569 1416 602 a
1459 553 1613 604 veteri
1653 554 1916 605 traditione

143 624 339 673 ductam
371 622 693 688 philosophus
727 625 870 674 etiam
908 624 1002 673 alio
1038 626 1192 674 utitur
1218 630 1532 688 argumentO,
1573 624 1704 690 quod
1731 627 1913 689 repeti-

140 700 245 743 tum
273 699 346 744 est
371 709 397 743 a
424 693 533 756 lege
559 699 787 751 naturae,
827 711 920 760 qua
959 697 1203 744 contraria
1239 695 1343 745 fere
1370 697 1497 746 inter
1522 711 1575 745 se
1601 695 1914 761 reciprocen-

139 770 244 821 tur,
282 766 348 814 ita
381 770 437 814 ut
471 764 622 814 altera
649 780 844 830 semper
870 767 919 815 in
947 764 1098 816 altera
1128 771 1382 816 transeant
1407 773 1552 833 atque
1580 782 1639 817 ex
1666 769 1913 817 contrario

139 849 228 885 suo
263 836 500 885 oriantur.
551 835 769 885 Eandem
806 838 954 900 igitur
990 836 1089 886 vult
1115 852 1221 886 esse
1247 838 1418 887 mortis
1444 844 1590 904 atque
1617 838 1740 888 vitae
1765 840 1913 889 ratio-

140 920 253 956 nem
288 906 496 971 ideoque
523 906 637 956 inde
665 905 852 969 colligit
879 908 1019 956 vitam
1049 922 1106 956 ex
1134 913 1293 956 morte
1321 909 1579 965 exsistere,
1608 914 1661 958 ut
1687 923 1749 959 ne
1774 925 1911 960 mors

139 976 336 1042 quidem
373 977 516 1026 vitam
556 977 752 1027 auferre
789 977 1044 1027 iudicanda
1081 978 1165 1033 sit,
1211 978 1260 1026 id
1297 978 1427 1042 quod
1466 981 1611 1028 etiam
1651 983 1915 1045 apagogica

138 1045 610 1110 argumentatione1)
651 1048 832 1097 certius
870 1053 1297 1097 commonstratur.
1362 1048 1602 1099 Nimirum
1650 1052 1914 1101 tenendum

137 1117 217 1167 hic
243 1133 439 1183 quoque
466 1123 539 1167 est
563 1117 933 1181 diligentissime
970 1133 1247 1168 sermonem
1273 1134 1380 1169 esse
1409 1119 1468 1168 de
1497 1125 1698 1170 externa
1723 1126 1913 1171 tantum

137 1190 415 1238 animorum
453 1187 649 1238 fortuna
686 1194 732 1238 et
768 1189 1055 1239 condicione
1082 1203 1244 1254 neque
1286 1205 1399 1239 vero
1435 1190 1495 1240 de
1521 1191 1756 1242 interiore
1782 1193 1912 1258 ipso-

135 1274 248 1309 rum
284 1266 476 1309 natura.
529 1259 859 1319 Quamobrem
897 1260 1029 1325 quod
1066 1261 1309 1309 contraria
1344 1275 1541 1326 semper
1568 1277 1627 1311 ex
1654 1265 1913 1313 contrariis

137 1331 257 1380 oriri
288 1330 586 1388 iudicantur,
623 1331 674 1380 id
708 1346 868 1395 neque
905 1331 965 1380 ad
999 1330 1135 1380 ideas
1170 1345 1332 1396 neque
1369 1331 1429 1380 ad
1455 1333 1612 1395 ipsam
1641 1333 1788 1382 animi
1814 1336 1909 1384 vim

134 1401 452 1452 referendum
479 1407 573 1459 est,
610 1402 697 1452 sed
732 1402 877 1452 unice
912 1401 1126 1467 pertinet
1150 1400 1209 1449 ad
1237 1416 1318 1451 res
1345 1416 1470 1465 quae
1495 1403 1681 1453 habent
1705 1418 1911 1467 genera-

135 1473 319 1523 tionem
345 1488 439 1522 usu
465 1477 610 1538 atque
637 1473 939 1556 experientia
965 1478 1131 1530 notaS,
1168 1473 1310 1521 sicuti
1324 1471 1708 1554 philosophus
1695 1491 1800 1559 ipse
1827 1475 1910 1525 de-

135 1540 406 1628 claravit2):
434 1540 559 1593 τότε
582 1540 687 1610 μὲν
711 1560 818 1609 γαρ
849 1541 1068 1608 ἐλέγετο
1092 1541 1154 1593 ἐκ
1181 1543 1282 1592 τοῦ
1313 1537 1573 1593 ἐναντίου
1574 1543 1910 1630 Ἲπροὶγμα-

134 1630 245 1674 τος
276 1609 339 1664 τὸ
376 1608 634 1665 ἐναντίον
650 1615 944 1700 πρᾶγμα
977 1613 1295 1679 γίγνεσθαι,
1333 1614 1444 1663 νῦν
1480 1610 1589 1665 δὲ
1569 1610 1654 1664 ότι
1680 1611 1820 1667 αὐτὸ
1847 1612 1910 1666 τό

136 1680 393 1736 ἐναντίον
428 1680 605 1752 ἑαυτῷ
642 1679 899 1735 ἐναντίον
937 1680 1041 1735 οὐκ
1077 1680 1148 1734 οἷν
1182 1698 1316 1734 ποτε
1350 1682 1570 1749 γένοιτο
1607 1686 1725 1736 κτλ.
1777 1685 1911 1744 Quae

133 1755 283 1806 verba
308 1757 432 1806 mire
458 1772 485 1805 a
510 1755 675 1806 multis
709 1755 931 1820 neglecta
958 1756 1070 1805 huic
1096 1754 1204 1805 loco
1231 1754 1390 1805 lucem
1419 1755 1675 1806 affundunt
1702 1757 1909 1808 clarissi-

133 1843 280 1878 mam.
331 1827 501 1893 Itaque
536 1828 736 1876 omnino
776 1827 973 1892 quidem
1008 1827 1102 1875 hoc
1136 1826 1245 1875 loco
1281 1827 1486 1876 docetur
1512 1828 1638 1877 vitae
1666 1835 1714 1877 et
1738 1832 1909 1878 mortis

134 1899 532 1955 alternationem,
572 1897 767 1963 qualem
803 1899 855 1947 in
890 1912 1060 1948 rerum
1100 1905 1276 1947 natura
1304 1912 1589 1954 cernamus,
1627 1900 1909 1964 neutiquam

134 1986 242 2021 eam
267 1971 364 2019 vim
389 1969 601 2026 babere,
629 1975 684 2019 ut
710 1970 881 2018 animis
907 1969 1159 2018 interitum
1188 1967 1382 2025 afferat,
1414 1984 1527 2018 cum
1554 1974 1761 2035 utraque
1788 1970 1908 2019 nihil

134 2041 264 2091 aliud
299 2041 361 2089 sit
393 2041 487 2090 nisi
512 2041 695 2090 variata
721 2040 962 2105 quaedam
988 2039 1180 2088 vivendi
1207 2039 1452 2101 condiciO,
1491 2054 1585 2103 qua
1626 2041 1690 2089 ita
1717 2041 1824 2097 fiat,
1858 2048 1910 2091 ut

134 2113 284 2162 animi
309 2111 458 2161 modo
484 2110 776 2160 mortalibus
800 2108 976 2159 inclusi
1004 2111 1160 2158 vivant
1187 2109 1506 2173 corporibUS,
1535 2110 1682 2159 modo
1708 2110 1802 2160 illis
1828 2127 1907 2162 re-

131 2182 257 2233 lictis
281 2180 371 2231 alia
397 2187 598 2231 utantur
625 2181 818 2230 fortuna
847 2186 993 2245 atque
1020 2186 1161 2229 statu.
1213 2180 1267 2228 ln
1309 2196 1402 2244 qua
1441 2180 1641 2245 quidem
1668 2184 1906 2232 sententia

131 2252 418 2304 illustranda
451 2252 799 2317 philosophum
845 2257 1048 2316 apparet
1082 2266 1192 2299 cum
1230 2265 1256 2298 a
1291 2250 1575 2314 vulgaribus
1616 2252 1905 2316 quibusdam

131 2323 382 2389 popularis
413 2321 666 2386 religionis
702 2321 1011 2387 opinionibus
1047 2327 1150 2370 tum
1177 2322 1387 2370 maxime
1414 2321 1473 2370 ab
1503 2321 1833 2385 Orphicorum
1861 2330 1908 2373 et

131 2395 551 2460 Pythagoreorum
589 2394 649 2443 de
687 2394 962 2442 animorum
991 2391 1364 2455 migrationibus
1392 2392 1602 2442 decretis
1628 2392 1906 2455 profectum

134 2481 266 2523 esse,
295 2479 590 2531 quamquam
616 2465 706 2514 ista
734 2464 894 2513 omnia
920 2463 1191 2527 prudenter
1218 2463 1453 2520 correxit,
1490 2463 1784 2522 emendavit,
1822 2464 1906 2514 de-

132 2538 279 2602 nique
305 2551 422 2586 suae
440 2536 596 2600 ipsius
621 2535 888 2585 sententiae
916 2534 975 2584 de
996 2534 1271 2583 animorum
1293 2538 1466 2582 natura
1488 2540 1745 2599 susceptae
1765 2549 1904 2583 acco-

132 2608 360 2657 modavit.
411 2607 534 2657 Nam
568 2605 687 2656 illud
713 2606 911 2672 quidem
950 2607 1066 2655 satis
1093 2611 1316 2668 apertum
1344 2618 1450 2654 esse
1475 2604 1772 2654 arbitramur
1797 2607 1904 2655 uni-

132 2693 301 2728 versae
334 2677 451 2727 huic
489 2677 900 2741 argumentationi
935 2681 1180 2741 tamquam
1219 2675 1522 2725 fundamenti
1555 2675 1663 2725 loco
1704 2675 1907 2727 subesse

134 2763 205 2806 ea,
234 2763 360 2812 quae
384 2747 704 2812 philosophus
731 2747 859 2796 infra
886 2747 1082 2796 demum
1105 2746 1164 2795 de
1191 2748 1489 2811 sempiterna
1516 2748 1794 2796 animorum
1819 2762 1905 2796 na-

135 2825 244 2868 tura
270 2817 496 2868 subtilius
523 2820 760 2883 exposuit.

275 2889 371 2938 Sed
408 2889 697 2938 accedamus
730 2890 825 2938 iam
865 2888 923 2938 ad
966 2887 1226 2937 alteram
1266 2889 1903 2951 argumentationem,

133 2975 248 3026 qua
284 2960 626 3009 animorum
664 2960 1003 3009 aeternitas
1040 2959 1464 3008 confir-matur.
1517 2959 1730 3009 Docetur
1774 2961 1905 3009 enim

131 3028 625 3092 intellegibilem
654 3030 989 3078 animorum
1018 3030 1195 3079 vitam
1231 3031 1295 3079 ita
1322 3045 1428 3080 esse
1455 3035 1811 3094 comparatam,
1851 3037 1906 3079 ut

131 3100 247 3151 inde
284 3115 457 3150 eorum
493 3101 852 3162 sempiternitas
885 3102 1000 3150 satis
1026 3107 1159 3150 certe
1185 3099 1512 3163 intellegatur.
1565 3101 1756 3166 Quippe
1782 3101 1903 3165 peti-

133 3177 237 3221 tum
273 3171 368 3221 hoc
402 3176 746 3234 argumentum
761 3167 796 3236 3)
837 3176 908 3221 est
942 3187 1001 3222 ex
1029 3176 1139 3222 ortu
1166 3172 1386 3222 idearum
1413 3171 1512 3223 sive
1537 3174 1791 3223 notionum
1820 3185 1903 3235 ge-

246 3354 288 3404 1)
318 3352 433 3404 Pag.
467 3352 518 3392 72
541 3350 576 3390 Β
598 3372 646 3379 -
670 3349 721 3393 C.

246 3408 290 3462 2)
321 3409 437 3462 Pag.
469 3408 548 3448 103
569 3408 621 3449 Β,

246 3464 290 3517 3)
319 3465 433 3519 Pag.
466 3465 518 3505 72
539 3464 581 3504 D
604 3485 655 3493 —-
678 3464 729 3505 77
750 3462 804 3504 A.
