2158 3718
479 0 485 10 ν
498 0 503 11 ι
561 0 563 5 ’
615 1 621 11 ,v
659 0 733 18 ηψπ
756 0 807 21 wrm
843 3 851 15 ι,
859 0 900 13 [νῆ’
940 0 943 3 ·
963 3 970 10 ,ι

672 21 673 28 5
737 26 740 32 ·

711 146 792 190 ,AD
823 123 1241 189 PHAEDONEM.
1796 143 1858 197 11

106 293 201 341 vim
237 292 374 342 humi
408 291 669 356 depressus
705 291 756 339 in
789 289 1005 340 tenebris
1030 305 1087 339 ac
1112 288 1341 353 squalore
1364 288 1608 338 volutatur
1643 288 1862 353 adeoque

106 363 268 413 denuo
304 361 524 427 alligatur
559 361 873 411 animantium
909 360 1212 426 corporibus,
1263 359 1365 409 Nec
1391 375 1505 408 vero
1540 361 1582 408 si
1615 361 1723 424 quis
1749 360 1862 408 civi-

106 433 201 484 lem
236 439 424 484 tantum
449 434 674 482 virtutem
701 447 792 481 usu
818 437 865 481 et
892 432 1243 482 consuetudine
1268 437 1458 494 partam
1485 429 1713 486 coluerit,
1750 430 1863 479 illuc

107 506 338 557 continuo
364 504 629 569 perveniet.
681 503 922 552 Nimirum
956 502 1044 552 soli
1078 501 1356 567 philosophi
1390 502 1450 551 ad
1476 515 1630 565 genus
1657 501 1861 549 deorum

105 577 404 640 pervenient.
433 575 588 639 Atque
609 573 731 623 haec
757 589 869 623 cum
895 574 962 623 ita
987 575 1094 631 sint,
1115 572 1395 638 philosophi
1419 572 1514 623 hoc
1535 576 1606 622 est
1632 572 1860 628 officium,

105 652 159 695 ut
183 646 358 710 spretis
394 646 616 709 corporis
650 643 977 708 voluptatibus
1004 646 1221 694 animum
1247 644 1422 707 dirigat
1448 649 1495 693 et
1528 649 1779 692 convertat
1803 643 1862 692 ad

105 731 258 780 purae
282 717 600 780 sinceraeque
626 714 868 772 bonitatis,
897 715 1237 779 pulcritudinis
1263 720 1311 764 et
1329 714 1542 764 veritatis
1565 712 1863 778 contempla-

103 788 310 844 tionem;
346 801 459 836 nam
493 788 557 835 ita
595 786 792 836 demum
822 788 865 836 ei
892 787 1162 848 continget,
1198 792 1251 835 ut
1284 786 1344 835 ad
1371 785 1516 834 deum
1542 783 1863 834 immortalem

103 859 353 922 perveniat
378 859 772 923 sempiternaque
796 857 987 907 fruatur
1013 857 1241 906 felicitate
1267 862 1314 906 et
1338 855 1566 906 beatitate
1583 853 1635 920 1).

243 927 375 978 Haec
400 943 516 978 vero
544 944 654 978 cum
675 929 899 978 Socrates
926 928 1144 984 dixisset,
1173 927 1469 992 aliquamdiu
1495 927 1741 976 silentium
1776 926 1867 976 fuit

104 998 456 1065 videbaturque
491 1001 594 1064 ipse
629 1015 796 1049 secum
831 1005 1060 1062 reputare
1097 1004 1143 1047 et
1177 998 1401 1047 meditari
1437 1013 1515 1054 ea,
1559 1013 1683 1062 quae
1719 997 1865 1046 modo

103 1070 426 1120 disseruisset.
477 1070 692 1119 Tandem
721 1069 874 1119 Cebes
912 1074 958 1118 et
984 1069 1208 1118 Simmias
1233 1069 1490 1118 summissa
1518 1083 1634 1117 voce
1659 1069 1789 1117 inter
1814 1082 1866 1116 se

103 1140 313 1206 colloqui
347 1147 630 1205 coeperunt.
690 1140 830 1199 Quod
865 1140 1252 1190 animadvertens
1288 1139 1536 1195 Socrates,
1574 1138 1689 1203 quid
1713 1137 1863 1194 vobis,

101 1212 284 1276 inquit,
318 1211 379 1261 de
411 1226 520 1261 mea
554 1209 746 1260 videtur
773 1211 1130 1276 disputatione?
1168 1210 1405 1274 numquid
1439 1212 1492 1259 in
1530 1225 1584 1259 ea
1622 1209 1680 1258 ad
1718 1209 1867 1258 animi

101 1283 471 1346 persuasionem
506 1282 825 1331 desideratis?
862 1283 1000 1344 Agite
1034 1283 1198 1346 igitur,
1237 1282 1276 1330 si
1312 1281 1428 1345 quid
1462 1280 1651 1331 habetis
1678 1279 1866 1330 dubita-

101 1354 270 1410 tionis,
308 1353 457 1403 nolite
493 1352 612 1402 illud
650 1352 836 1409 celare,
874 1368 970 1417 quo
1006 1354 1250 1416 possimus
1281 1353 1604 1401 communiter
1638 1351 1866 1415 persequi

101 1425 367 1474 institutam
404 1424 744 1489 disputationis
780 1425 926 1479 viam,
966 1425 1005 1472 si
1042 1423 1236 1488 quidem
1263 1422 1398 1472 vobis
1434 1422 1687 1486 placuerit.
1740 1423 1864 1471 Tum

103 1495 350 1552 SimmiaS,
380 1496 552 1551 dicam,
580 1496 752 1560 inquit,
783 1495 914 1558 quod
940 1510 1021 1544 res
1049 1501 1134 1544 est.
1181 1494 1372 1543 Etenim
1399 1494 1495 1543 iam
1522 1494 1705 1543 dudum
1732 1500 1864 1542 uter-

102 1581 196 1630 que
221 1571 444 1615 nostrum
468 1565 678 1615 alterum
698 1565 922 1615 hortatur
943 1571 991 1615 et
1015 1566 1225 1628 instigat,
1254 1570 1307 1614 ut
1330 1570 1378 1614 te
1402 1565 1699 1628 interroget;
1727 1579 1864 1614 vere-

101 1652 212 1686 mur
238 1642 423 1694 autem,
462 1651 525 1686 ne
559 1636 647 1686 tibi
673 1636 864 1687 molesti
890 1638 1039 1685 simus
1064 1642 1268 1701 propter
1301 1636 1636 1685 imminentem
1673 1634 1865 1685 calami-

100 1714 264 1758 tatem.
315 1707 400 1757 Ille
434 1723 549 1757 vero
575 1708 651 1756 his
676 1708 851 1757 auditis
876 1707 1050 1757 leniter
1077 1706 1360 1763 subridens,
1400 1722 1580 1770 papae,
1617 1707 1798 1771 inquit,
1837 1721 1865 1755 o

102 1778 316 1835 Simmia,
346 1793 494 1842 aegre
518 1778 741 1843 profecto
767 1778 872 1828 aliis
899 1780 1081 1843 possim
1101 1778 1399 1842 persuadere
1426 1794 1504 1827 me
1530 1783 1738 1827 mortem
1766 1792 1865 1826 non

100 1851 149 1899 in
176 1849 315 1899 malis
341 1850 545 1907 ducere,
584 1865 693 1899 cum
718 1866 803 1899 vos
829 1850 949 1899 adeo
976 1850 1261 1906 vereamini,
1300 1864 1361 1898 ne
1395 1848 1514 1897 mihi
1550 1863 1680 1897 nunc
1706 1849 1766 1898 de
1792 1847 1865 1897 his

101 1919 249 1970 rebus
287 1920 528 1970 disserere
564 1920 822 1970 molestum
860 1922 933 1969 sit.
985 1921 1152 1984 Itaque
1181 1935 1263 1970 eos
1290 1921 1444 1968 amice
1470 1919 1751 1969 cohortatus
1778 1925 1863 1975 est,

101 1997 153 2041 ut
178 1992 219 2040 si
244 2006 368 2055 quae
395 1993 513 2055 ipsis
540 1991 683 2040 dubia
711 1992 1008 2048 viderentur,
1039 2007 1092 2041 ea
1123 2006 1185 2040 ne
1212 1990 1491 2040 dubitarent
1518 2005 1762 2054 exponere
1777 1987 1828 2054 2).

240 2062 327 2112 His
353 2062 492 2111 dictis
517 2067 768 2125 permotus
795 2063 1032 2118 SimmiaS,
1063 2061 1250 2110 fatebor
1274 2061 1514 2125 equidem,
1543 2061 1713 2125 inquit,
1743 2076 1866 2124 quae

102 2133 261 2182 adhuc
287 2133 566 2198 disputasti,
607 2149 662 2182 ea
688 2134 807 2182 mihi
833 2133 1051 2182 nondum
1079 2148 1276 2181 omnem
1304 2131 1586 2195 scrupulum
1615 2147 1672 2180 ex
1703 2132 1864 2180 animo

102 2204 352 2253 exemisse.
404 2203 573 2267 Neque
601 2205 729 2252 enim
758 2203 1023 2252 absurdum
1059 2204 1262 2259 videtur,
1301 2203 1430 2266 quod
1457 2201 1684 2265 permulti
1710 2202 1865 2251 homi-

103 2290 190 2323 nes
224 2274 547 2330 arbitrantur,
587 2276 801 2323 animum
840 2276 906 2323 nil
943 2289 1048 2323 esse
1083 2275 1178 2323 nisi
1204 2273 1510 2322 harmoniam
1537 2273 1778 2337 quandam
1807 2288 1863 2322 ex

100 2346 228 2395 iusto
278 2343 582 2407 singularum
633 2346 854 2409 corporis
906 2345 1116 2409 partium
1166 2350 1551 2408 temperamento
1594 2343 1863 2392 oriundam.

103 2415 524 2473 Quemadmodum
550 2417 697 2478 igitur
723 2422 990 2465 concentus
1025 2415 1193 2464 fidium
1220 2415 1461 2465 dissolutis
1487 2414 1619 2480 lyrae
1645 2413 1864 2479 partibus

101 2487 292 2544 interit,
318 2488 384 2536 ita
409 2486 517 2535 vide
542 2503 605 2536 ne
631 2487 785 2535 fracto
814 2486 1145 2550 dissolutoque
1172 2501 1381 2551 corpore
1409 2487 1554 2535 etiam
1581 2486 1738 2535 omnis
1764 2485 1864 2534 ani-

101 2558 167 2606 mi
201 2559 269 2607 vis
306 2563 354 2607 et
387 2563 560 2606 natura
595 2557 852 2621 dispereat.
903 2557 1028 2607 Tum
1055 2557 1282 2606 Socrates
1311 2556 1441 2606 vultu
1469 2557 1529 2606 ad
1554 2557 1707 2606 risum
1734 2571 1866 2606 com-

101 2629 259 2692 posito
287 2634 347 2684 et,
376 2635 429 2677 ut
454 2627 655 2685 solebat,
693 2630 879 2678 intenta
906 2628 1163 2678 oculorum
1190 2629 1292 2678 acie
1319 2628 1731 2691 circumspicienS,
1768 2641 1865 2675 non

102 2697 250 2755 male,
292 2696 474 2762 inquit,
523 2700 746 2749 Simmias
789 2715 947 2749 meam
991 2700 1260 2749 orationem
1304 2700 1493 2748 videtur
1538 2699 1864 2763 impugnasse.

105 2769 199 2818 Sed
226 2768 341 2818 huic
365 2771 648 2834 priusquam
673 2771 1072 2834 respondeamuS,
1101 2772 1247 2820 etiam
1266 2770 1458 2820 Cebetis
1488 2769 1726 2819 audienda
1755 2783 1864 2818 sen-

104 2840 251 2889 tentia
278 2845 366 2889 est.
416 2840 475 2888 Et
502 2840 655 2890 Cebes
681 2841 877 2905 quidem
903 2858 955 2890 se
980 2843 1030 2889 in
1066 2842 1237 2890 iisdem
1264 2841 1368 2891 sere
1395 2842 1600 2890 haerere
1627 2839 1767 2896 dixit,
1806 2840 1866 2888 de

104 2910 280 2974 quibus
315 2910 540 2961 Simmias
575 2911 831 2962 dubitaret.
903 2910 1036 2968 Quae
1071 2918 1147 2969 tu,
1187 2914 1364 2977 inquit,
1403 2912 1548 2961 modo
1593 2911 1863 2974 disputasti,

103 2981 160 3030 iis
184 2979 297 3030 iicet
323 2980 575 3038 efficiatur,
606 2987 659 3031 ut
684 2984 874 3032 animus
900 2983 1218 3032 diuturnitate
1245 2998 1424 3048 corpus
1450 2988 1674 3047 superet,
1703 2987 1863 3030 tamen

103 3051 321 3100 nondum
365 3057 438 3100 est
479 3053 863 3103 demonstratum
909 3054 1119 3103 eundem
1164 3054 1222 3104 ab
1267 3055 1469 3103 interitu
1514 3054 1712 3102 omnino
1760 3067 1865 3101 esse

102 3121 328 3171 liberum.
378 3122 509 3171 Fieri
537 3124 663 3172 enim
691 3130 870 3186 potest,
899 3131 951 3174 ut
977 3126 1192 3181 animuS‚
1231 3141 1342 3174 cum
1377 3127 1428 3173 in
1463 3123 1614 3174 multa
1639 3123 1865 3186 deinceps

104 3208 312 3257 corpora
357 3194 534 3256 migret
580 3194 733 3258 iisque
778 3202 1025 3259 superstes
1069 3197 1151 3251 sit,
1202 3202 1359 3245 tamen
1400 3201 1446 3244 et
1488 3196 1592 3260 ipse
1630 3194 1864 3258 temporis

219 3418 742 3470 1)P.80E——s4ss.

104 3485 156 3541 5‘5,
217 3488 260 3543 2)
290 3490 341 3530 Ρ.
373 3490 428 3530 84
457 3489 493 3529 B
524 3510 578 3517 —
608 3488 662 3529 85
691 3488 746 3530 D.
