2158 3718
331 136 428 186 190
895 132 1433 186 PRAEFATIO

329 295 467 347 quos
516 277 570 328 in
619 276 856 344 antiquis
904 275 1065 327 rebus
1113 273 1346 344 publicis
1399 275 1490 328 vul
1534 295 1564 327 o
1586 274 1729 328 olim
1766 293 1824 327 re
1865 292 2024 328 nasse

329 347 665 430 accepimuS,
741 353 803 399 ut
876 346 1024 398 cives
1098 346 1453 398 communiter
1494 294 1691 418 glegem
1759 345 1829 397 ha
1869 353 2021 399 erent

327 439 564 473 omnium
599 438 777 471 rerum
816 416 1089 470 dominam
1127 423 1182 468 et
1216 417 1670 488 gubernatricem,
1710 416 1799 470 cui
1836 435 2022 470 omnes

327 491 559 544 subiecti
583 509 701 543 esse
728 497 783 541 et
806 497 1082 556 tamquam
1108 486 1249 540 ultro
1288 507 1350 541 ao
1388 496 1582 559 sponte
1621 487 1824 541 servire
1861 487 2025 541 debe-

327 570 462 615 rent.
540 560 694 627 Quos
734 577 924 612 sensus
949 558 1168 629 egregie
1200 558 1497 612 declaravit
1522 560 1851 613 Demaratus
1877 558 2024 630 apud

326 632 665 687 Herodot.
732 630 864 682 VII.
935 631 1051 682 104.
1119 631 1388 699 expressit
1445 631 1574 684 item
1633 631 1806 684 Euri
1871 630 2022 683 ides

330 703 523 775 Suppl.
562 723 612 754 v,
654 703 758 754 433
798 720 917 770 sqq.
975 702 1118 754 conf.
1161 702 1323 754 etiam
1372 702 1494 754 Pla
1510 710 1546 758 t.
1595 702 1771 774 Legg.
1858 702 1932 755 II.
1970 722 2023 773 p.

330 778 454 828 700.
493 776 563 828 A.
601 774 703 826 IV.
749 793 801 843 p.
844 775 964 827 715.
1023 772 1146 826 coll.
1186 793 1238 843 p.
1280 774 1400 826 689.
1439 772 1504 826 Β.
1543 774 1648 826 ΙΧ.
1698 793 1754 844 p.
1795 775 1916 828 856.
1956 774 2023 826 Β.

330 854 386 900 et
436 865 574 916 quae
637 851 825 898 nostra
885 851 1065 897 aetate
1127 843 1194 896 de
1242 843 1349 898 illis
1400 845 1621 916 scripsit
1680 844 2028 898 Rotscher

329 917 724 987 Aristophanes
775 935 825 967 u.
876 916 992 968 sein
1040 914 1300 968 Zeitalter
1344 936 1394 987 p.
1447 918 1531 969 80.
1579 937 1632 987 p.
1682 917 1768 969 92.
1815 935 1871 986 p.
1921 916 2026 970 258

332 1009 450 1059 sqq.
491 1006 818 1058 quamquam
856 987 912 1040 ‘is
963 986 1029 1039 de
1071 986 1297 1041 Socrate
1346 1006 1503 1041 secus
1549 987 1756 1041 statuit.
1830 989 1909 1040 At
1944 987 2027 1040 ni-

327 1062 522 1114 mirum
584 1059 673 1112 hic
733 1058 863 1126 quid
913 1059 1170 1126 senserit,
1233 1059 1530 1112 clarissime
1581 1058 1832 1129 exposuit
1896 1059 2026 1112 Xe-

330 1132 528 1202 noph.
568 1131 735 1184 Mem.
777 1130 877 1186 IV.
913 1133 962 1182 4.
1013 1130 1107 1182 ubi
1162 1149 1283 1182 eum
1341 1149 1464 1183 cum
1500 1129 1712 1201 Hippia
1747 1130 1879 1183 fecit
1914 1149 2027 1183 ser-

331 1204 708 1256 mocinantem.
783 1202 870 1255 Ibi
918 1202 1057 1254 enim
1098 1200 1352 1255 Socrates
1390 1201 1630 1255 ostendit
1664 1201 1868 1255 iustum
1907 1220 2027 1255 esse

329 1275 474 1328 idem
522 1282 685 1343 atque
729 1273 1031 1344 legitimum
1085 1273 1175 1342 (τὸ
1215 1277 1431 1326 δίκαιον
1481 1279 1593 1326 ἐστὶ
1635 1271 1698 1326 τὸ
1737 1274 2025 1342 νόμιμον).

331 1347 456 1400 Hoc
491 1343 739 1415 νόμιμον
789 1351 971 1397 autem
1017 1344 1134 1396 vult
1167 1344 1381 1416 legibus
1419 1344 1507 1398 vel
1544 1344 1760 1415 scriptis
1795 1344 1884 1398 vel
1917 1363 2028 1397 non

332 1417 549 1488 scriptis
590 1416 878 1483 contineri,
920 1415 1115 1485 quibus
1142 1417 1235 1486 qui
1258 1415 1532 1483 obediant,
1575 1435 1666 1469 eos
1699 1416 1859 1468 etiam
1899 1414 2030 1469 deo-

333 1509 452 1542 rum
491 1508 682 1560 parere
720 1487 1005 1541 voluntati.
1081 1487 1291 1539 Harum
1344 1506 1468 1540 vero
1517 1487 1700 1558 legum
1737 1487 2029 1541 observan-

333 1563 461 1613 tiam
514 1580 679 1630 quum
728 1560 834 1611 alia
880 1560 1025 1611 bona
1071 1558 1273 1612 habere
1323 1559 1644 1626 arbitratur,
1707 1566 1822 1611 tum
1868 1559 2028 1611 etiam

330 1632 659 1703 reipublicae
707 1630 1071 1684 firmissimum
1127 1631 1518 1700 munimentum
1586 1649 1649 1683 ac
1697 1629 2032 1700 praesidium

333 1723 452 1758 esse
488 1710 693 1771 censet,
734 1710 793 1754 ut
831 1702 1050 1754 omnino
1091 1721 1154 1754 ea
1191 1702 1382 1754 civitas
1407 1701 1873 1771 praestantissima
1909 1720 2028 1754 esse

332 1774 625 1828 iudicanda
663 1775 763 1842 sit,
802 1773 859 1826 in
899 1792 1007 1843 qua
1045 1773 1191 1826 cives
1228 1773 1277 1825 le
1321 1773 1444 1826 ibus
1481 1773 1710 1825 maxime
1753 1773 2030 1844 obtempe-

334 1858 455 1899 rent
493 1847 676 1916 &10
709 1876 770 1884 -—
805 1845 944 1914 18),
996 1844 1128 1897 licet
1165 1793 1476 1897 obedientia
1512 1844 1764 1897 civilibus
1813 1844 2030 1913 legibus

334 1917 518 1971 debita
566 1937 675 1970 non
727 1936 825 1987 per
872 1935 931 1969 se
978 1916 1124 1968 iusta
1171 1915 1416 1986 putanda
1465 1915 1566 1983 sit,
1619 1914 1713 1968 sed
1764 1923 2031 1985 quatenus

334 1989 480 2044 salus
521 2008 687 2058 quum
723 1987 1010 2041 universae
1042 1987 1279 2040 civitatis
1313 1994 1429 2039 tum
1456 1987 1791 2058 singulorum
1833 1986 2031 2039 civium

334 2061 677 2131 respiciatur.
754 2058 911 2127 Quae
948 2078 1127 2111 nonne
1160 2065 1406 2128 apertum
1435 2066 1520 2111 est
1557 2059 1868 2129 planissime
1909 2077 2032 2112 cum

333 2133 400 2185 iis
441 2131 761 2198 convenire,
814 2149 954 2200 quae
992 2130 1048 2182 in
1084 2128 1309 2183 Critone
1348 2149 1443 2198 eo,
1503 2149 1663 2199 quem
1699 2128 2034 2200 significavi-

337 2222 470 2272 muS‚
507 2204 629 2256 loco
671 2200 1050 2272 explicantur?
1125 2201 1396 2254 Nimirum
1433 2201 1724 2270 utrobique
1750 2207 1896 2254 certe
1919 2201 2033 2253 veri

335 2275 596 2328 iudicium
647 2294 713 2327 ex
761 2274 892 2327 iusti
942 2272 1164 2326 notione
1217 2279 1272 2325 et
1317 2278 1497 2326 rectae
1538 2272 1766 2326 rationis
1813 2271 2030 2343 legibus

333 2347 627 2418 repetitur,
681 2364 1006 2415 quamquam
1045 2343 1192 2414 apud
1226 2343 1655 2414 Xenophontem
1691 2343 1856 2396 etiam
1889 2341 2032 2396 indi-

338 2427 527 2486 catur,
568 2425 840 2486 quatenus
879 2416 963 2469 vir
999 2414 1431 2484 sapientissimus
1469 2416 1525 2468 in
1563 2413 1791 2468 colenda
1826 2414 2036 2468 iustitia

335 2488 588 2542 utilitatis
641 2506 858 2557 quoque
907 2487 1168 2540 rationem
1217 2485 1523 2539 habendam
1574 2504 1693 2539 esse
1745 2485 2031 2539 censuerit.

336 2561 535 2630 Neque
585 2578 715 2613 vero
774 2558 1017 2628 singula,
1069 2576 1207 2626 quae
1254 2556 1458 2609 ibidem
1505 2576 1537 2609 a
1575 2555 1802 2621 Socrate
1853 2557 2034 2626 profe-

338 2641 564 2697 runtur,
615 2630 726 2683 ullo
777 2629 940 2682 modo
979 2629 1045 2681 ab
1083 2628 1149 2680 iis
1186 2627 1506 2696 abhorrent,
1562 2646 1700 2696 quae
1756 2626 1823 2680 de
1860 2628 2030 2698 ipsius

340 2709 520 2755 mente
557 2719 621 2754 ac
661 2700 931 2754 sententia
967 2698 1185 2751 aliunde
1238 2699 1461 2769 cognita
1497 2699 1776 2752 habemus.
1853 2698 2035 2767 Quale

340 2780 422 2827 est
456 2771 610 2840 illud,
651 2771 800 2842 quod
839 2771 1046 2825 civitati
1082 2770 1169 2823 vel
1205 2778 1428 2841 propter
1463 2770 1764 2839 beneficia,
1805 2789 1944 2839 quae
1981 2771 2032 2823 ei

340 2843 669 2911 debeantur,
728 2843 1015 2897 maximam
1052 2841 1411 2895 reverentiam
1460 2849 1513 2894 et
1550 2841 1912 2896 obedientiam
1950 2848 2035 2894 te-

339 2914 682 2970 stificandam
719 2933 839 2969 esse
876 2914 1212 2967 arbitratur..
1256 2913 1400 2966 Nam
1424 2913 1776 2984 exspectabat
1814 2911 2031 2983 quidem

340 2987 431 3040 ille
469 3007 500 3039 a
536 2986 742 3056 patria,
783 3006 815 3039 a
851 2985 1201 3055 parentibus,
1239 2985 1306 3038 ab
1348 2985 1552 3054 amicis,
1593 2984 1826 3054 denique
1866 3003 1898 3036 a
1937 3003 2035 3036 ne-

343 3059 593 3118 cessariis
643 3058 937 3124 beneficia,
986 3055 1084 3110 sed
1130 3056 1360 3126 putabat
1408 3057 1538 3109 item
1590 3056 1874 3109 maximam
1925 3055 2035 3109 illis

342 3129 466 3183 ideo
514 3130 743 3202 gratiam
790 3128 1019 3183 retribui
1066 3136 1316 3199 oportere
1354 3128 1580 3197 eiusque
1631 3126 1799 3180 officii
1847 3127 2032 3199 negle-

342 3202 577 3255 ctionem
616 3220 736 3256 esse
773 3201 936 3273 longe
974 3199 1336 3270 turpissimam
1379 3209 1433 3253 et
1478 3198 1912 3262 iniustissimam3
1963 3196 2034 3250 de

343 3293 452 3343 qua
487 3292 545 3326 re
581 3294 631 3325 v.
670 3272 985 3343 Xenoph.
1029 3271 1194 3324 Mem.
1233 3270 1310 3325 II.
1353 3277 1400 3340 1,
1446 3272 1532 3324 28.
1566 3269 1642 3324 ΙΙ.
1681 3271 1729 3322 2.
1773 3269 1847 3323 ΙΙ.
1887 3272 1939 3336 3.,
1980 3271 2030 3320 9.

342 3346 443 3399 lv.
482 3347 553 3414 4,
593 3347 678 3399 24.
751 3343 862 3398 Sed
898 3343 1148 3397 nolumus
1187 3341 1319 3396 haec
1355 3342 1607 3414 persequi
1646 3341 1806 3394 ctiam
1843 3339 2003 3410 copio
