2158 3718
266 168 379 223 308.
992 131 1315 216 Phnoms

267 311 418 380 χοιτό
453 331 514 366 τε
550 312 644 366 καὶ
681 312 952 382 πήγνυτο.
1012 313 1106 365 καὶ
1144 309 1312 375 αὐτὸς
1348 310 1550 382 ἥπτετο
1590 314 1684 366 καὶ
1723 310 1898 384 εἶπεν,
1939 312 2043 382 ὅτι,

268 394 496 457 ἐπειδὰν
541 394 682 467 πρὸς
728 401 796 468 τῇ
843 397 1046 467 καρδίᾳ
1091 398 1318 466 γένηται
1355 396 1534 469 αὐτῷ,
1581 398 1706 453 τότε
1745 399 2042 470 οἰχήσεται.

264 477 372 551 ἤδη
411 474 517 535 οὖν
555 482 757 550 σχεδόν
793 502 846 535 τι
885 480 1062 534 αὐτοῦ
1099 473 1172 550 ἦν
1198 479 1263 534 τοὶ
1293 483 1421 553 περὶ
1445 481 1508 536 τὸ
1534 477 1710 553 ἦτρον
1735 484 2044 554 ψυχόμενα,

264 566 359 619 καὶ
405 566 890 636 ἐκκαλυψάμενος,
941 564 1350 620 ε’νεκεκαλυπτο
1387 567 1523 637 γάρ,
1564 564 1739 637 εἶπεν,
1780 566 1812 621 ὂ
1849 566 1916 638 δὴ
1955 588 2046 622 τε-

266 653 528 704 λευταῖον
584 651 925 720 ἐφθέγξατο,
980 643 1046 703 Ὦ
1102 652 1356 721 Κρίτων,
1418 654 1553 721 ἔφη,
1609 657 1684 724 τῷ
1737 651 2046 724 Ἀσκληπιῷ

266 733 568 806 ὀφείλομεν
606 735 973 807 ἀλεκτρυόνα.
1034 733 1159 788 ἀλλ’
1199 734 1439 790 ἀπόδοτε
1476 738 1569 790 καὶ
1606 736 1678 807 μὴ
1717 735 2042 807 ἄμελήσητε.

261 818 423 872 Ἀλλὰ
460 824 656 890 ταῦτα,
696 823 823 890 ἔφη,
863 823 1035 890 ἔσται,
1064 818 1093 875 ὁ
1120 823 1372 892 Κρίτων·
1415 819 1540 874 ἀλλ’
1580 819 1703 892 ὅρα,
1734 827 1788 875 εἴ
1817 843 1869 875 τι
1908 821 2046 875 ἄλλο

266 904 460 972 λέγεις.
546 909 733 959 Ταῦτα
784 906 1058 976 ἐρομένου
1109 904 1286 959 αὐτοῦ
1335 904 1504 960 οὐδὲν
1553 908 1631 959 ἔτι
1686 905 2045 976 ἀπεκρίνατο,

265 987 391 1043 ἀλλ’
430 989 625 1059 ὀλίγον
662 991 871 1062 χρόνον
909 988 1188 1045 διαλιπών
1229 992 1465 1061 ἐκινήθη
1512 1011 1571 1044 τε
1619 992 1712 1044 καὶ
1750 989 1779 1044 ὁ
1818 990 2043 1062 ἄνθρω-

377 1163 423 1203 Ρ.
448 1165 543 1208 118.
581 1157 864 1220 πήγνυτο]
910 1157 1171 1219 πηγνύοιτο
1209 1165 1335 1205 Vind.
1360 1165 1397 1206 Φ
1427 1166 1574 1205 Ambr.
1606 1165 1732 1208 Vind.
1757 1166 1830 1206 56
1867 1165 1976 1204 Ven.
2002 1164 2052 1206 H

266 1233 318 1260 ex
348 1233 455 1262 corr.
489 1228 529 1261 et
557 1234 688 1276 supra
718 1235 885 1262 versum
917 1222 1039 1263 Bodl.
1083 1224 1128 1262 ln
1157 1223 1262 1263 Tub.
1295 1231 1358 1263 est
1386 1221 1615 1277 πνίγοιτο.
1657 1223 1759 1263 Post
1788 1215 1904 1276 ἡμῖν
1925 1222 2045 1262 Bodl.

268 1277 359 1320 Vat.
383 1277 479 1318 Par.
503 1277 534 1318 C
562 1279 710 1320 Ambr.
742 1271 908 1327 αὐτοῖς
936 1278 1175 1327 inferciunt,
1200 1279 1313 1345 quod
1336 1286 1475 1347 ortunl
1497 1286 1560 1320 est
1581 1291 1646 1332 eo,
1669 1279 1785 1331 quod
1805 1279 1874 1319 alii
1895 1291 2047 1326 ουτως

267 1343 362 1386 post
382 1327 499 1388 ἡμῖν
521 1334 744 1377 collocant.
787 1336 930 1376 Edidit
950 1344 1088 1375 tamen
1113 1337 1250 1376 Herm.
1273 1330 1391 1391 ἡμῖν
1413 1332 1593 1384 αὐτοῖς.

379 1415 642 1487 γένηται]
682 1416 868 1476 γένοιτο
899 1420 1026 1465 Coisl.
1048 1421 1146 1463 Vat.
1175 1421 1281 1462 Flor.
1305 1423 1341 1470 1,
1373 1420 1486 1471 quod
1514 1419 1581 1461 hic
1611 1432 1733 1461 nemo
1755 1419 2046 1473 amplectetur

266 1476 346 1516 Et
336 1489 377 1516 ln
401 1477 499 1518 Vat.
519 1473 716 1532 γένηται
738 1491 867 1532 supra
886 1491 1060 1519 versum
1080 1478 1339 1532 adscriptum
1363 1486 1440 1518 est.

378 1554 436 1603 τὸ
459 1549 656 1617 ἦτρον]
683 1563 998 1606 Cois1.Ven.A
1019 1563 1114 1606 Par.
1135 1563 1240 1605 EGI
1260 1551 1391 1616 ἦτορ.

380 1641 510 1702 ἔφη,
543 1643 725 1701 ἔσται,
758 1641 782 1689 ὁ
812 1646 924 1701 Κρ.]
967 1647 1034 1689 Sic
1066 1647 1310 1717 Coi51.Vat.
1333 1646 1568 1694 VemEH
1595 1647 1719 1688 Vind.
1747 1647 1834 1690 ΤΦ
1865 1647 1961 1689 Par.
1987 1646 2045 1687 Gl

266 1704 411 1745 Ambr.
436 1704 542 1745 Flor.
567 1705 593 1745 d
616 1705 709 1746 Zitt.
751 1704 990 1758 Legebatur
1013 1706 1111 1746 olim
1135 1700 1280 1755 ε’,σται
1307 1700 1414 1759 ἔφη,
1438 1698 1460 1746 ὃ
1485 1705 1569 1758 Κρ.

265 1863 475 1915 corporis.
510 1856 563 1890 -'-
604 1861 769 1902 Semine
801 1863 901 1902 trito
933 1874 1114 1915 expres-

264 1931 335 1959 sus
374 1917 575 1970 (succus)
621 1923 662 1959 et
706 1921 794 1960 sole
836 1920 1037 1959 densatus
1073 1921 1115 1958 in

261 1977 473 2029 pastillo&
504 1981 629 2017 necat
650 1977 895 2029 sanquinem
922 1977 1114 2029 spissan-

266 2034 334 2074 do.
366 2032 420 2073 ef.
454 2033 576 2073 etiam
600 2033 764 2072 Aelian.
796 2032 902 2072 Hist.
935 2035 1016 2072 An.
1042 2033 1112 2074 IV.

267 2091 320 2131 23
360 2089 562 2131 κωνείου
603 2082 652 2131 δ’
695 2080 796 2130 ανθ
799 2102 952 2143 ρωπος
991 2082 1115 2130 πιών

266 2140 390 2187 κατὰ
412 2141 501 2213 τὴν
523 2145 608 2188 τοῦ
633 2144 842 2213 αἵματος
863 2145 1012 2211 πῆξιν
1031 2143 1115 2187 καὶ

266 2196 415 2255 ψυξιν
445 2196 762 2257 ἀποθνήσκει
812 2203 872 2243 De
900 2197 1113 2257 πήγνυτο

267 2260 454 2314 optativo
511 2274 550 2301 v.
607 2261 912 2301 Buttmanni
971 2260 1113 2302 Gram.

267 2317 393 2371 ampl.
416 2317 463 2358 T.
486 2318 516 2359 Ι.
539 2330 581 2371 p.
605 2318 700 2358 519.
732 2318 876 2361 Rost.
898 2318 940 2368 §-
963 2318 1015 2358 79
1037 2329 1114 2357 an-

272 2382 358 2417 not.
382 2375 415 2417 1.
436 2375 475 2416 5.
499 2374 592 2417 coll.
619 2383 763 2415 annot.
786 2374 840 2414 ad
860 2387 906 2428 p.
928 2375 981 2415 77
1002 2374 1049 2415 B.

325 2437 504 2494 αὐτὸς
533 2435 769 2512 Zwvevol,
794 2445 923 2485 Recte
959 2445 1114 2485 Hein-

269 2501 499 2543 dorfius.
523 2502 682 2554 „Pron
706 2495 851 2550 αὐτός
872 2502 1115 2556 oppositum

269 2559 423 2599 ceteris
445 2558 518 2610 qui
538 2559 726 2609 aderant,
750 2571 856 2623 quos
879 2559 949 2598 ille
970 2568 1115 2604 tange-

269 2628 313 2655 re
358 2616 543 2656 iusserat
590 2594 980 2679 ἐπιδεικνύμενος
1039 2610 1114 2656 ὅτι

269 2664 476 2725 ψύχοιτό
506 2684 556 2713 τε
584 2669 667 2713 καὶ
706 2665 933 2726 πήγνυτο.
941 2670 971 2692 “
1012 2672 1114 2711 Per-

270 2740 412 2778 peram
441 2728 513 2767 alii
542 2728 679 2781 ipsum
705 2728 806 2768 Soc·
810 2737 920 2768 atem
950 2728 1115 2767 intelle-

269 2793 390 2837 gunt.
428 2784 502 2824 lna
523 2785 685 2824 ratione
707 2785 886 2838 probata
908 2797 985 2823 nec
1007 2796 1114 2848 opus

248 2847 334 2894 ‚est
381 2840 626 2881 coniectura
682 2841 915 2881 Forsteri
966 2828 1114 2887 αὖθις

250 2895 533 2951 corrigentis.
575 2896 634 2936 De
676 2895 966 2950 euphemismo
1007 2889 1114 2938 τότε

270 2927 514 3008 οἰχήσεται
537 2966 576 2994 ν.
601 2953 1113 3007 Bergler.adAleiph1.

271 3012 303 3053 1.
342 3012 438 3052 232.
479 3010 611 3064 Soph.
652 3010 802 3050 Electr.
846 3011 972 3051 1151.
1011 3010 1114 3050 Eur.

271 3067 428 3108 Phoen.
443 3068 564 3110 1744
577 3066 647 3107 Sic
664 3060 1113 3121 εῑίειιῃᾶπέρχεσθαι,

271 3116 495 3190 ἄπιέναι,“
502 3116 870 3191 ἆπργίγνεσθαι,
895 3124 946 3163 de
967 3135 1049 3175 quo
1072 3137 1115 3163 v.

272 3181 495 3222 Suidas'
486 3194 529 3222 ιη
546 3172 803 3235 ἀπεγένετο
827 3189 866 3220 et
887 3172 1115 3234 ἀπογενέ-

272 3238 406 3280 σθαι.
448 3238 502 3281 of
546 3238 782 3281 Pierson.
825 3237 1019 3290 Prolegg.
1061 3237 1115 3276 ad

272 3294 453 3340 Hierocl,
495 3308 537 3349 p.
568 3296 636 3336 33.
686 3295 738 3335 Et
770 3295 907 3335 Latini
948 3306 1115 3346 quoque

272 3352 416 3392 abire-
447 3358 487 3392 et
515 3351 680 3392 abitio
709 3351 761 3392 de
782 3358 929 3391 morte.
953 3364 994 3390 v.
1017 3351 1112 3390 Pa-

271 3421 391 3449 reus
418 3408 521 3450 Lex.
554 3409 675 3449 Luer.
705 3409 746 3448 in
775 3409 931 3450 abire.
976 3408 1115 3447 Mun-

273 3466 372 3506 ker.
404 3466 458 3506 ad
486 3465 639 3519 Hygin.
664 3466 763 3506 Fab.
787 3466 881 3507 109.
922 3464 1114 3505 Passe-

272 3528 362 3565 τοι.
388 3522 442 3562 ad
463 3522 655 3575 Propert.
677 3535 724 3576 p.
744 3523 840 3563 214.

1257 1858 1391 1926 περὶ
1419 1853 1477 1901 τὸ
1510 1849 1703 1927 ἦτρον]
1745 1859 1956 1901 Moeris:
1999 1848 2049 1914 ἦ·

1198 1931 1311 1985 τρον
1331 1912 1414 1959 τὸν
1435 1911 1528 1960 ὑπὸ
1551 1912 1636 1959 τὸν
1658 1909 1880 1983 ὀμφαλὸν
1902 1909 2050 1958 τόπον

1198 1968 1429 2023 Ἀττικῶς·
1481 1967 1802 2039 υπογοὶστριον
1830 1966 2048 2039 εἙλληνι-

1202 2031 1309 2080 κῶς
1339 2032 1605 2071 'limaeus·
1629 2019 1795 2084 ἦτρον
1819 2022 1844 2070 ὁ
1867 2023 2048 2094 μεταξὺ

1202 2082 1426 2143 ὀμφαλοῦ
1449 2101 1500 2130 τε
1521 2084 1604 2129 καὶ
1627 2084 1821 2128 αἰδοίου
1843 2079 2000 2135 τόπος.

1260 2152 1690 2201 ενεκεκοὲλυπτο
1712 2151 1832 2213 γάρ]
1854 2157 1936 2198 ritu
1957 2170 2049 2198 mo-

1199 2217 1409 2256 rientium.
1441 2229 1480 2258 v,
1512 2215 1622 2256 Xen.
1656 2216 1752 2268 Cyr.
1774 2215 1885 2256 VIII.
1915 2216 1955 2265 7,
1978 2215 2047 2255 28.

1200 2273 1290 2314 Liv.
1315 2274 1387 2316 lV.
1411 2273 1478 2314 12.
1509 2273 1621 2312 V111.
1646 2274 1686 2324 9,
1709 2271 1780 2312 ubi
1800 2271 1917 2311 Decii
1936 2283 2048 2312 mors

1203 2339 1408 2371 narratur.
1442 2329 1558 2370 Suet.
1584 2327 1752 2370 Caesar.
1775 2341 1810 2371 e.
1833 2330 1900 2370 82.

1259 2385 1329 2443 τῷ
1370 2382 1539 2429 Ἆσκλ.
1581 2378 1689 2439 ὀφ.]
1720 2386 1896 2439 Egregie
1924 2384 2047 2425 haee!

1203 2444 1407 2486 Solebant
1447 2445 1558 2484 enim
1597 2443 1757 2495 aegroti
1803 2449 2050 2495 recuperata

1202 2501 1449 2541 valetudine
1505 2500 1758 2554 Aesculapio
1831 2498 2050 2539 immolare

1184 2559 1377 2610 gallum.
1438 2559 1584 2609 ltaque
1625 2555 1823 2597 Socrates
1864 2555 2050 2595 indicare

1202 2616 1267 2655 his
1307 2615 1449 2655 verbis
1477 2613 1610 2655 voluit
1648 2626 1696 2653 se
1732 2625 1844 2652 nuno
1879 2612 2050 2651 demum

1202 2671 1352 2711 solutis
1383 2671 1571 2724 corporis
1602 2668 1779 2709 vinculis
1816 2680 1958 2708 veram
1980 2680 2050 2708 sa·

1202 2728 1330 2767 lutem
1374 2739 1469 2767 esse
1505 2734 1844 2766 consecuturum.
1876 2737 1918 2767 ν.
1950 2725 2049 2764 Ha-

1202 2797 1292 2822 vm
1303 2795 1463 2836 camp
1495 2783 1550 2823 ad
1590 2781 1835 2822 Tertullian.
1866 2781 2047 2835 Apolog.

1202 2853 1242 2893 p.
1265 2841 1333 2880 46.
1367 2852 1410 2892 p.
1432 2839 1598 2904 3805q.

1260 2894 1316 2938 εἴ
1348 2909 1399 2937 τι
1431 2853 1583 2936 αλλο(1
1603 2891 1808 2949 λέγεις]
1852 2893 2047 2944 siquid

1201 2959 1478 3007 praeterea
1510 2952 1726 3005 habeas,
1759 2951 1895 3001 quod
1924 2949 2049 2990 mihi

1202 3010 1430 3050 mandes.

1257 3060 1322 3107 τά
1364 3057 1595 3121 ὄμματα
1638 3060 1894 3118 ἔστησεν]
1926 3075 2046 3103 ocu·

1203 3124 1277 3163 los
1318 3123 1540 3175 fixe1at,
1584 3122 1722 3162 oculi
1751 3121 1865 3160 eius
1908 3119 2045 3161 obri-

1201 3187 1440 3233 guerant.
1473 3194 1525 3220 v.-
1553 3178 1773 3218 Dorvill.
1805 3177 1861 3217 ad
1891 3175 2047 3217 Charit.

1201 3250 1243 3290 p.
1266 3237 1362 3277 404.

1260 3288 1543 3346 ξυνέλαβε
1574 3306 1612 3332 τ.
1642 3288 1735 3344 στ.]
1778 3301 2046 3343 compres—

1203 3351 1336 3392 sits.
1359 3349 1661 3403 composuit
1689 3359 1759 3388 os.
1801 3347 1923 3396 Quod
1951 3346 2045 3397 qui-

1203 3408 1300 3447 dem
1321 3407 1506 3447 maxime
1522 3418 1548 3445 a
1564 3404 1809 3459 propinquis
1831 3412 1871 3443 et
1891 3415 2047 3456 cogna-

1201 3464 1255 3503 tis
1276 3471 1539 3504 mortuorum
1560 3464 1716 3502 sactum
1746 3473 1843 3501 esse
1863 3465 2045 3508 constat,

1203 3519 1270 3560 hic
1308 3533 1333 3561 a
1369 3518 1536 3560 Critone
1568 3518 1753 3560 Socratis
1794 3517 1928 3557 amico
1970 3527 2045 3555 an-
