2222 3762
1634 135 1852 190 XXIII

154 282 295 333 fama
331 279 411 347 '²‘),
453 280 556 333 nisi
597 300 716 332 eum
757 279 1164 350 prohibuissent
1199 279 1463 332 tumultus
1505 277 1659 345 belli,
1701 278 1852 346 quod

155 371 220 404 eo
257 361 500 420 tempore
524 352 860 405 Artaxerxes
887 350 1145 403 adversus
1172 351 1480 423 Aegyptios
1507 349 1735 420 parabat
1749 350 1847 419 **).

155 423 353 491 Itaque
389 421 603 475 circiter
646 422 864 495 Olymp.
903 420 1146 475 XCVII.
1186 431 1323 474 extr.
1363 425 1447 487 4.,
1485 421 1536 473 h.
1578 438 1624 472 e.
1661 419 1850 474 decem

153 493 320 546 ferme
357 493 510 547 annis
548 503 674 564 post
712 513 875 564 quam
926 493 995 546 ad
1034 492 1320 546 Euclidem
1359 494 1740 564 Megarensem
1789 511 1847 546 se

153 562 475 632 contulerat,
515 565 703 618 relicta
743 566 933 618 Africa
969 566 1025 617 in
1054 565 1334 636 Europam
1372 582 1642 630 reversus,
1684 582 1850 632 quum

193 635 476 705 aullisp'er,
516 643 579 688 ut
614 636 860 704 videtur,
910 637 1188 690 invisisset
1223 636 1503 701 Athenas,
1559 635 1756 686 iterum
1792 635 1849 687 in

183 705 365 758 taliam
403 713 457 759 et
491 721 684 778 postea
720 709 776 761 in
816 707 1058 762 Siciliam
1086 707 1316 765 insulam
1349 706 1644 778 navigavit.
1683 703 1849 772 Quod

153 794 263 846 quo
309 777 502 830 fecerit
549 779 773 832 consilio
827 780 1092 848 quibusve
1144 779 1321 832 causis
1370 785 1694 849 permotUS,'
1738 795 1848 829 non

152 848 491 919 exploratum
528 849 788 904 habemus
828 851 955 921 ***).
1041 849 1278 903 Videtur
1325 857 1505 902 autem
1557 855 1848 919 propterea

149 918 278 972 illuc
326 920 605 990 profectus
659 941 805 990 esse,
857 921 1003 992 quod
1049 921 1517 993 Pythagoreorum
1581 921 1846 972 rationem

150 991 457 1044 accuratius
505 1011 834 1063 pernoscere
887 993 1246 1046 constituerat
1304 1000 1358 1044 et
1406 990 1605 1046 Siculis
1655 991 1847 1044 crebra

149 1069 305 1114 erant
342 1064 663 1116 commercia
711 1082 832 1116 cum
873 1063 1299 1117 Atheniensibus
1348 1080 1643 1131 eorumque
1692 1062 1843 1132 leges

149 1139 204 1185 et
233 1132 487 1185 instituta
541 1153 739 1206 magna
776 1133 1043 1187 florebant
1079 1134 1258 1197 laude,
1331 1134 1500 1187 Venit
1535 1133 1705 1204 igitur
1741 1133 1845 1204 Sy-

146 1221 399 1271 racusaS,
452 1205 842 1259 nobilissimam
891 1206 1100 1259 insulae
1150 1206 1443 1259 civitatem.
1519 1202 1693 1258 Cuius
1729 1211 1845 1257 tum

145 1275 432 1346 imperium
467 1277 688 1330 tenebat
723 1276 1055 1349 Dionysius,
1114 1278 1284 1330 maior
1315 1285 1479 1344 natu,
1530 1275 1625 1344 qui
1674 1283 1727 1328 et
1763 1276 1843 1327 in-

147 1346 310 1418 genio
359 1345 603 1417 pollebat
651 1356 705 1401 et
755 1346 986 1402 Graecis
1034 1349 1205 1403 literis
1254 1348 1646 1402 delectabatur.
1730 1346 1843 1400 Ex-

147 1425 341 1488 ceptus
378 1426 462 1472 est
495 1427 676 1474 autem
713 1419 952 1491 hospitio
993 1440 1024 1472 a
1062 1420 1273 1488 Dione,
1315 1438 1556 1472 summae
1593 1419 1712 1472 viro
1749 1438 1843 1472 au-

146 1489 436 1542 ctoritatis.
522 1488 634 1557 Qui
682 1511 803 1544 eum
853 1511 962 1544 non
1014 1493 1188 1544 solum
1237 1491 1479 1545 studiose
1531 1489 1741 1543 audivit
1776 1489 1843 1544 de

145 1568 338 1612 natura
391 1567 446 1613 et
492 1563 653 1616 rebus
702 1563 936 1633 publicis
988 1562 1374 1630 disserentem,
1432 1561 1530 1615 sed
1581 1562 1742 1614 etiam
1786 1562 1843 1614 in

146 1631 394 1684 notitiam
430 1634 647 1703 tyranni
684 1634 1065 1687 adducendum
1103 1635 1334 1704 putavit.
1409 1634 1485 1686 Et
1528 1634 1685 1686 initio
1724 1633 1843 1702 qui-

146 1701 268 1755 dem
318 1702 478 1755 etiam
531 1705 598 1758 ab
647 1705 752 1759 hoc
811 1705 1100 1759 admodum
1139 1705 1437 1759 honorifice
1476 1705 1693 1758 habitus
1732 1713 1838 1768 est3

145 1793 272 1827 mox
311 1781 517 1844 autem,
570 1778 697 1845 quia
734 1779 950 1849 tyranni
986 1778 1261 1849 ingenium
1300 1778 1439 1830 ferre
1477 1796 1587 1829 non
1626 1784 1841 1847 poterat

144 1845 446 1916 sapientiae
492 1848 803 1916 veritatem,
856 1849 933 1902 ita
983 1857 1068 1902 est
1115 1856 1410 1917 tractatuS,
1473 1857 1537 1900 ut
1582 1849 1727 1900 vitae
1786 1856 1840 1901 et

210 2046 251 2100 ⁴⁸)
289 2045 485 2087 Narrant
522 2047 779 2087 Lactant.
820 2048 1033 2089 Institutt.
1076 2049 1211 2090 Divv.
1252 2050 1328 2089 IV.
1361 2049 1402 2092 2.
1443 2049 1740 2101 Augustin.
1783 2048 1836 2088 dc

290 2103 385 2144 civ.
418 2105 506 2144 Dei
536 2105 667 2144 VIII.
699 2105 770 2147 11.
802 2107 885 2147 ΧΙ.
918 2107 987 2149 21.
1023 2107 1274 2147 Clemens
1309 2106 1608 2148 Alexandr.
1643 2107 1836 2146 Admon.

286 2162 343 2201 ad
381 2160 512 2202 Gent.
551 2176 592 2214 p.
623 2162 694 2206 46.
726 2165 781 2202 A.
827 2177 923 2204 eum
963 2167 1093 2204 etiam
1132 2166 1188 2205 ad
1226 2164 1384 2216 Magos
1423 2171 1464 2204 et
1506 2166 1664 2205 Persas
1701 2176 1835 2216 pene-

289 2226 452 2270 trasse,
505 2224 547 2258 et
582 2220 846 2260 Iudaeorum
886 2223 995 2262 ritus
1035 2227 1076 2261 et
1115 2235 1239 2262 sacra
1277 2224 1549 2274 cognovisse.
1617 2222 1835 2261 Nimirum

287 2278 394 2316 satis
425 2282 619 2326 constat,
654 2291 739 2329 quo
772 2280 917 2318 studio
951 2282 1185 2330 scriptores
1218 2279 1458 2319 Christiani
1496 2280 1834 2329 elaboraverint,

286 2339 335 2373 ut
363 2334 592 2374 Platonem
624 2336 833 2375 Iudaeum
863 2336 1070 2383 facerent,
1099 2338 1296 2389 adeoque
1330 2337 1643 2387 Christianum,
1675 2339 1836 2389 quippe

288 2391 359 2431 cui
411 2391 654 2432 doctrinam
694 2394 747 2433 de
785 2395 980 2434 trinitate
1019 2395 1295 2435 tribuendam
1326 2396 1534 2447 putarint.
1596 2396 1761 2434 Verum
1789 2395 1836 2434 in

289 2449 463 2500 scriptis
507 2450 702 2490 Platonis
741 2464 796 2491 ne
835 2452 1103 2492 levissimum
1142 2453 1314 2504 quidem
1350 2452 1562 2492 Iudaismi
1601 2453 1836 2503 vestigium

287 2506 602 2558 deprehendas.
679 2507 835 2560 Neque
872 2509 947 2549 ille
985 2510 1220 2562 Magorum
1258 2515 1301 2548 et
1336 2509 1573 2550 Persarum
1620 2511 1685 2550 ita
1727 2510 1836 2550 facit

286 2565 566 2615 mentionem,
597 2572 645 2605 ut
677 2578 826 2606 eorum
859 2568 1060 2608 instituta
1091 2581 1136 2608 se
1168 2568 1332 2607 vidisse
1364 2568 1594 2619 significet.

163 2621 255 2678 ⁴¹¹⁶)
292 2621 341 2662 V.
380 2623 597 2674 Apulei.
650 2623 684 2664 l.
728 2637 762 2664 c.
799 2623 959 2677 Diog.
1004 2625 1052 2665 L.
1095 2625 1181 2666 ΙΙΙ.
1221 2624 1261 2667 6.
1302 2626 1624 2667 Athenaeus
1666 2626 1748 2669 Xl.
1791 2637 1832 2677 p.

286 2678 384 2724 507.
416 2681 512 2720 coll.
546 2679 944 2723 Tennemanno
977 2682 1013 2722 Ι.
1044 2697 1078 2724 c.
1108 2697 1149 2736 p.
1179 2682 1248 2725 40.

172 2737 268 2793 “**)
299 2735 429 2785 Quod
460 2735 657 2779 Cicero
690 2746 839 2780 narrat
867 2741 920 2780 de
949 2740 1044 2780 Fin.
1079 2741 1134 2780 V.
1154 2740 1221 2784 29.
1284 2740 1514 2780 Platonem
1545 2753 1599 2781 ex
1629 2741 1833 2793 Aegypto

287 2807 510 2835 reversum
531 2796 771 2837 Tarentum
788 2800 1031 2850 navigasse,
1052 2799 1098 2838 id
1118 2812 1214 2838 cum
1231 2812 1296 2851 ea,
1317 2811 1447 2850 quam
1477 2800 1713 2850 sequimur,
1735 2812 1833 2839 nar-

286 2853 458 2893 ratione
480 2853 606 2895 facile
645 2856 871 2896 conciliari
893 2862 1050 2909 potest.
1097 2857 1316 2897 Videlicet
1337 2857 1480 2896 denuo
1501 2857 1573 2896 ille
1593 2856 1834 2896 Tarentum

285 2911 331 2950 in
354 2911 498 2950 reditu
517 2914 730 2964 pervenit.
766 2912 893 2961 Quod
913 2919 1056 2954 autem
1072 2915 1214 2965 ipsum
1237 2915 1464 2955 statuimus
1484 2921 1574 2955 tum
1597 2927 1675 2965 per
1702 2914 1834 2954 breve

294 2973 462 3008 tantum
498 2973 666 3022 tempus
709 2972 909 3012 Athenas
950 2973 1179 3022 invisisse,
1232 2972 1315 3012 hoc
1362 2978 1620 3023 argumento
1656 2973 1833 3024 probari

285 3030 432 3078 potest
463 3028 717 3070 certissimo.
778 3028 889 3070 Nam
922 3029 1092 3082 Olymp.
1125 3030 1286 3070 XCVl.
1312 3029 1357 3075 3.
1389 3030 1450 3069 in.
1483 3031 1510 3069 i.
1542 3043 1579 3070 e.
1613 3031 1727 3070 eirca
1757 3043 1831 3069 an-

287 3089 484 3123 tumnum
523 3097 561 3126 a.
600 3084 699 3129 394.
741 3099 780 3127 a.
822 3085 926 3127 Chr.
966 3101 1007 3127 n.
1052 3088 1248 3127 nondum
1287 3088 1528 3139 reliquerat
1566 3088 1832 3140 Aegyptum,

287 3141 416 3181 sicuti
457 3153 509 3181 ex
538 3143 592 3182 iis
623 3149 763 3195 patet‚
805 3157 917 3197 quae
953 3151 1186 3186 narrantur
1225 3145 1343 3196 apud
1380 3146 1734 3186 Plutarchum
1765 3145 1832 3185 De

287 3199 419 3251 genio
467 3198 661 3242 Socratis
699 3215 741 3254 p.
782 3201 882 3246 579.
926 3202 978 3243 B.
1030 3203 1144 3243 conf.
1193 3201 1455 3242 Dodwell.
1497 3204 1705 3244 Chronol.
1744 3202 1830 3243 Xe-

292 3257 428 3310 noph.
471 3271 505 3298 c.
534 3258 675 3301 Xvn.
705 3272 746 3312 p.
777 3258 847 3303 28.
879 3261 944 3300 ed.
987 3259 1239 3302 Schneider.
1302 3260 1462 3300 Cliton.
1496 3261 1616 3302 Fast.
1656 3261 1829 3301 Hellen.

292 3327 328 3354 s.
366 3314 411 3354 h.
453 3327 491 3355 a.
560 3314 762 3357 Rediisse
805 3323 949 3358 autem
989 3319 1131 3371 ipsum
1168 3318 1368 3358 Athenas
1407 3319 1493 3360 iam
1532 3332 1648 3360 anno
1679 3319 1830 3359 eodem

291 3377 368 3412 aut
397 3374 596 3424 proximo
628 3386 680 3414 ex
710 3375 939 3417 itineribus
970 3388 1073 3417 mox
1103 3376 1359 3418 videbimus.
