2158 3718
23 64 48 82 ι»
111 63 130 76 η
163 50 177 61 4
204 42 330 89 :sag
357 55 389 88 J’
418 51 433 58 .,
459 46 478 76 ,-
502 42 558 62 ,Ἧι
580 56 583 58 ,
615 47 653 57 -e
679 50 690 53 ,Δ
710 48 715 74 ¹,
732 51 772 62 „v
980 53 982 55 Ι

1336 46 1381 60 κ,

698 134 780 178 AD
813 97 1233 181 PHAEDONEM.
1814 135 1883 190 33

251 276 312 326 Et
337 274 617 339 exodus1)
645 278 845 342 quidem
869 277 990 329 haec
1017 293 1281 345 sanequam
1303 278 1471 329 similis
1497 292 1570 328 est
1594 278 1884 343 expositioni

109 344 177 395 illi
203 346 381 412 dialogi
415 347 464 395 in
492 348 731 412 principio
759 348 914 398 factae
942 351 1084 400 etiam
1112 355 1398 414 propterea,
1436 349 1566 416 quod
1594 365 1706 398 cum
1730 350 1883 399 virtu-

110 418 172 466 tis
205 418 676 468 commendationem
705 420 952 469 contineat
989 420 1132 484 longe
1159 422 1521 484 gravissimam,
1560 427 1664 470 tum
1693 435 1750 469 eo
1775 421 1882 485 ipso

111 501 248 552 spem
277 493 325 537 et
349 487 574 538 fiduciam
601 490 980 540 immortalitatis
1006 507 1104 540 non
1130 492 1444 541 mediocriter
1469 495 1722 540 sustentat.
1771 490 1883 540 Ete-

110 558 211 606 nim
245 557 483 607 vindicata
519 560 693 608 animis
728 561 923 610 tandem
962 562 1328 611 immortalitate
1356 562 1565 627 denique
1591 566 1689 610 tota
1717 576 1796 610 res
1825 576 1883 611 eo

108 629 338 686 vertitur,
366 635 420 677 ut
446 630 620 678 exinde
660 630 913 694 colligatur
951 634 1101 682 animi
1127 648 1295 682 curam
1322 647 1422 682 non
1449 647 1540 697 pro
1567 631 1659 681 hac
1696 637 1883 680 tantum

108 699 202 747 vita
229 700 480 757 terrestri,
519 700 602 749 sed
640 716 732 765 pro
771 703 902 750 omni
927 704 1165 767 temporis
1191 704 1477 753 aeternitate
1504 704 1606 766 geri
1636 707 1882 766 oportere,

109 769 505 835 quandoquidem
543 770 659 820 olim
697 773 915 822 futurum
951 774 1033 830 sit,
1072 779 1124 823 ut
1148 775 1312 824 virtuti
1340 789 1424 824 sua
1453 789 1669 830 merceS‚
1707 772 1884 822 sceleri

108 854 204 890 sua
219 855 380 905 poena
418 847 624 891 constet.
675 842 729 890 Id
764 844 893 908 quod
931 845 1077 892 etiam
1114 846 1288 908 grandi
1324 850 1371 894 et
1409 845 1671 908 magnifico
1715 842 1883 908 mytho

109 909 415 969 declaratur,
447 928 543 978 quo
571 919 880 962 mortuorum
907 915 1139 963 iudicium
1166 916 1231 964 ita
1260 915 1570 971 describitur,
1607 920 1662 964 ut
1686 916 1885 963 univer-

109 996 212 1030 sam
238 987 423 1031 terram
449 982 640 1045 legibus
677 983 866 1033 divinae
891 985 1101 1033 iustitiae
1128 986 1473 1034 convenienter
1502 985 1749 1034 conditam
1778 999 1885 1034 esse

107 1050 353 1102 luculente
380 1053 759 1103 demonstretur.

247 1123 335 1173 His
362 1123 588 1173 omnibus
614 1139 729 1174 vero
767 1124 1046 1189 adiungitur
1073 1125 1283 1191 denique
1311 1125 1534 1190 duplex
1572 1125 1882 1190 epilogUS,

109 1193 191 1260 qui
225 1208 430 1258 prorsus
464 1195 732 1259 respondet
766 1196 945 1259 duplici
981 1195 1187 1261 prologo
1223 1198 1275 1245 in
1310 1197 1472 1246 fronte
1509 1197 1672 1261 operis
1707 1196 1885 1261 posito.

108 1264 353 1315 Describit
387 1266 519 1315 enim
553 1266 751 1315 Phaedo
786 1267 999 1331 primum
1015 1264 1055 1328 ²)
1096 1267 1314 1317 Socratis
1362 1267 1549 1316 obitum
1585 1265 1882 1331 pulcerrima

106 1336 363 1385 morientis
398 1337 631 1400 sapientis
667 1338 879 1400 imagine
917 1337 978 1386 ob
1018 1336 1185 1387 oculos
1222 1339 1394 1400 posita.
1448 1335 1555 1393 Quo
1582 1338 1711 1386 facto
1739 1338 1883 1386 etiam

108 1405 367 1456 Echecrati
399 1406 564 1456 verbis
598 1408 908 1471 paucissimis
956 1406 1259 1473 confirmatss)
1308 1409 1457 1457 fuisse
1503 1408 1671 1473 utique
1709 1408 1884 1457 Socra-

110 1482 207 1526 tem
245 1485 345 1526 non
381 1478 530 1526 modo
568 1478 695 1528 inter
731 1478 960 1544 aequales
999 1494 1136 1536 suOS,
1177 1494 1300 1544 quos
1336 1480 1426 1543 ipsi
1452 1480 1700 1535 noverint,
1737 1477 1883 1541 longe

111 1547 602 1604 excellentissimum,
654 1550 739 1598 sed
791 1551 937 1599 etiam
987 1550 1129 1598 aliter
1179 1549 1325 1613 longe
1375 1550 1788 1613 sapientissimum
1840 1553 1886 1597 et

110 1619 446 1668 iustissimum.
500 1618 685 1675 Quibus
712 1620 853 1669 dictis
880 1619 1101 1685 dialogus
1128 1620 1340 1685 denique
1366 1621 1548 1669 finitur.

249 1690 322 1739 En
350 1690 707 1754 designavimus
734 1692 828 1740 iam
855 1692 1071 1740 universi
1090 1691 1331 1741 sermonis
1352 1697 1650 1740 structuram
1678 1697 1725 1739 et
1752 1705 1885 1738 com-

108 1774 299 1824 pagem.
349 1760 634 1825 Respondet
668 1762 889 1826 profecto
925 1762 1001 1811 vel
1032 1763 1138 1826 ipsa
1172 1763 1330 1811 forma
1377 1761 1558 1824 dialogi
1600 1761 1886 1826 planissime

108 1832 193 1889 iis,
223 1847 347 1897 quae
374 1831 434 1881 de
461 1832 734 1881 animorum
762 1832 1126 1882 immortalitate
1153 1834 1218 1882 ita
1246 1833 1493 1897 disputata
1521 1837 1658 1888 sunt,
1699 1838 1754 1880 ut
1781 1832 1885 1879 eius

111 1902 414 1951 confirmatio
460 1908 507 1951 et
550 1903 818 1954 dialecticis
862 1903 1229 1969 quaestionibus
1280 1909 1328 1952 et
1366 1903 1583 1952 Socratis
1632 1901 1886 1951 morientis

112 1972 336 2039 exemplo
363 1980 411 2023 et
435 1975 866 2039 praeceptionibus
894 1974 1113 2024 absoluta
1142 1975 1217 2022 sit.

844 2188 1074 2229 CAPUT
1105 2189 1158 2229 V.

111 2283 577 2338 DILUCIDANTUR
617 2286 924 2337 SINGULAE
950 2286 1119 2336 LIBRI
1144 2283 1386 2336 PARTES
1414 2281 1884 2336 CONFIRMATUR-

113 2357 238 2416 QUE
277 2357 463 2408 SIMUL
500 2357 779 2408 IUDlCIUM
817 2358 897 2407 DE
945 2357 1161 2408 SUMMO
1198 2357 1340 2407 EIUS
1378 2354 1766 2407 ARGUMENTO
1804 2354 1885 2404 ET

538 2427 823 2479 CONSILIO
861 2428 1069 2479 ANTEA
1107 2427 1457 2478 DEFENSUM.

255 2555 484 2620 Dialogus
521 2563 593 2606 est
627 2551 1043 2622 διηγηματικός,
1082 2556 1163 2621 qui
1201 2556 1478 2605 continetur
1504 2555 1788 2603 narratione
1814 2555 1887 2602 in-

112 2628 347 2691 terposito
383 2629 583 2692 inquam
611 2633 658 2677 et
682 2628 861 2692 inquit,
899 2642 990 2677 nec
1028 2641 1141 2675 vero
1179 2622 1527 2692 δραματικός.
1583 2625 1887 2690 Quamquam

64 2703 65 2706 ’
114 2703 376 2762 utrumque
402 2713 556 2761 genus
582 2699 700 2747 scite
727 2699 931 2747 mixtum
964 2712 1020 2746 ac
1055 2702 1382 2762 temperatum
1412 2703 1508 2753 est,
1549 2711 1661 2764 cum
1689 2695 1749 2745 de
1776 2694 1886 2745 ulti-

116 2768 206 2817 mis
233 2767 374 2816 dictis
401 2774 448 2817 et
473 2769 612 2818 factis
640 2769 855 2818 Socratis
891 2770 955 2818 ita
982 2768 1241 2826 referatur,
1279 2774 1331 2817 ut
1356 2770 1461 2833 ipsa
1487 2768 1703 2817 narratio
1729 2781 1887 2830 prope

115 2838 174 2887 ad
203 2838 518 2888 dramaticam
544 2854 710 2889 rerum
739 2841 1092 2903 expositionem
1120 2839 1334 2889 accedat.

256 2908 564 2972 Prologus
601 2910 719 2960 duas
744 2909 892 2959 habet
916 2917 1107 2975 partes,
1145 2916 1246 2959 tum
1285 2925 1545 2959 scaenae
1579 2913 1886 2963 ornatum,

118 2985 221 3029 tum
257 2980 568 3044 praeviam
616 2983 967 3044 argumenti
1014 2981 1489 3044 expositionem.
1561 2979 1620 3027 Et
1665 2992 1889 3028 scaena

117 3050 312 3116 quidem
364 3050 588 3114 duplex
640 3057 755 3108 est,
809 3051 1006 3100 altera
1055 3051 1347 3100 Phliunte
1393 3050 1647 3115 Sicyoniae
1689 3048 1884 3113 oppid0,

117 3121 312 3172 altera
349 3122 610 3171 Athenis
650 3123 1012 3171 constituta.
1063 3122 1231 3187 Itaque
1259 3123 1519 3185 primum
1547 3135 1647 3169 res
1685 3119 1888 3182 agitur

115 3191 429 3249 Phliunte,
479 3191 560 3241 ubi
602 3191 797 3241 Phaedo
833 3191 1073 3243 Elidensis
1109 3192 1391 3249 Echecrati,
1440 3199 1542 3241 tum
1576 3190 1789 3247 recenti,
1836 3193 1890 3237 ut

234 3362 275 3413 1)
305 3363 420 3416 Pag.
456 3363 534 3402 107
558 3359 591 3399 C
625 3383 675 3388 —-
711 3362 790 3401 114
811 3361 860 3402 O.

229 3418 275 3471 2)
306 3419 417 3472 Pag.
452 3420 531 3458 114
554 3417 586 3456 C
622 3440 673 3445 —
707 3417 798 3456 118.

230 3475 273 3528 3)
305 3475 417 3527 Pag.
452 3477 546 3515 118.

204 3557 335 3588 PLAT.
369 3557 538 3586 PHAED,
1521 3550 1554 3598 3
