2158 3718
322 150 468 187 LXIV
935 147 1380 187 PROLEGOMENA

320 279 478 333 bitari
513 278 603 332 vix
639 296 798 348 posse
835 275 1136 338 arbitratur,
1173 275 1301 343 quin
1335 274 1490 345 Plato
1527 275 1642 329 istis
1679 276 2002 331 orationibus

319 351 564 404 miseram
581 349 725 401 vitae
751 347 1106 400 conditionem
1132 345 1412 418 designare
1436 346 1680 411 voluerit,
1705 366 1863 416 quam
1887 349 2004 419 ipse

319 420 632 475 iudicaverit
663 438 790 472 vero
816 427 1063 485 certoque
1098 435 1274 469 carere
1298 417 1670 482 fundament03
1709 419 1793 471 his
1825 429 2003 472 autem

319 491 647 546 orationibus
666 489 958 542 subiectam
979 506 1094 539 esse
1113 487 1187 538 ait
1205 487 1491 541 orationem
1519 487 1863 552 Socraticam,
1898 509 2005 559 qua

318 564 584 616 infirmum
620 561 751 614 illud
778 578 840 612 ac
862 557 1125 611 lubricum
1151 558 1289 610 vitae
1314 559 1712 612 fundamentum
1736 561 2003 624 fulciatur,

321 634 633 689 emendetur
677 640 730 683 et
773 628 1165 691 corroboretur3
1218 648 1281 682 ea
1327 629 1467 682 enim
1501 631 1767 684 luculente
1805 632 2002 696 doceri,

319 705 558 759 homines
595 701 788 754 amoris
826 719 946 769 ope,
974 718 1131 769 quem
1156 700 1271 770 ipse
1295 699 1511 752 humani
1535 702 1748 772 generis
1773 702 2003 756 indolem

319 778 717 845 interpretatur,
757 771 826 824 ad
865 771 1178 839 sapientiam
1217 790 1332 823 esse
1369 770 1734 835 adducendos3
1773 773 2006 843 denique

318 854 583 918 postremo
639 843 756 897 1000
811 841 1106 895 orationem
1158 840 1453 896 Alcibiadis
1508 842 1746 895 exhiberi
1801 844 2002 909 statuit,

315 936 424 987 quo
459 916 683 968 lectores
720 913 1062 977 edoceantur,
1101 912 1273 982 qualis
1312 913 1380 966 sit
1416 920 1467 965 et
1501 930 1606 981 qua
1627 914 1832 967 fruatur
1866 915 2005 968 vitae

314 987 563 1043 felicitate
578 1027 594 1051 ,
651 985 802 1038 cuius
847 984 957 1037 vita
1000 984 1054 1038 vi
1100 983 1300 1037 erotica
1348 994 1618 1052 tamquam
1661 984 2005 1038 fundamento

314 1060 516 1112 nitatur
552 1066 607 1111 et
643 1056 736 1125 qui
770 1075 878 1109 non
914 1055 1071 1108 aliam
1105 1073 1265 1123 quam
1289 1055 1605 1108 eroticarum
1628 1073 1806 1108 rerum
1831 1055 2006 1110 scien-

315 1132 442 1184 tiam
476 1128 790 1200 profiteatur
827 1126 904 1196 (v.
941 1146 993 1197 p.
1020 1124 1313 1178 XXXIII.
1360 1124 1579 1178 XLIII.
1616 1124 1801 1181 XLV.
1837 1127 1873 1179 l.
1912 1127 2002 1198 c.).

316 1200 471 1268 Quae
519 1199 612 1268 qui
656 1198 743 1252 vel
775 1198 964 1251 leviter
999 1196 1428 1259 consideraverit,
1476 1196 1524 1249 is
1570 1205 1711 1250 certe
1746 1205 2005 1268 protenus

314 1271 698 1325 animadvertet
732 1268 953 1322 attribui
987 1267 1197 1320 Platoni
1233 1267 1532 1330 falsissima,
1569 1285 1636 1320 ex
1671 1267 1874 1321 novitia
1912 1288 2000 1322 sa-

354 1343 519 1396 ientia
554 1348 805 1403 assumta,
844 1339 911 1392 de
937 1337 1131 1408 quibus
1154 1338 1500 1409 philosophus
1523 1356 1623 1391 nec
1648 1339 2003 1392 somniaverit.

314 1363 432 1467 Iam
466 1431 595 1466 vero
631 1410 807 1464 missis
844 1410 1051 1473 ceteris,
1096 1417 1320 1478 quorum
1367 1409 1565 1479 scripta
1607 1409 1762 1462 nobis
1805 1428 1914 1462 non
1948 1410 2005 1463 in

314 1504 504 1538 manus
528 1491 808 1546 venerunt,
843 1479 1247 1542 Rotsche'rO,
1290 1478 1730 1549 SchweglerO,
1773 1479 1908 1544 aliis,
1937 1480 2008 1535 de

316 1555 511 1626 quibus
535 1554 770 1607 breviter
793 1552 976 1606 retulit
1003 1549 1042 1604 S
1057 1549 1347 1604 usemihl.
1367 1551 1423 1602 in
1451 1547 1848 1604 Schneidewini
1870 1550 2003 1604 Phi-

313 1628 491 1699 lologo
534 1624 658 1679 Vol.
695 1623 793 1679 VI.
842 1643 888 1677 a.
935 1623 1091 1677 1851.
1136 1621 1296 1674 Fase.
1333 1620 1407 1674 II.
1451 1640 1505 1691 p.
1547 1622 1651 1674 177
1689 1640 1835 1691 sqq.,
1889 1641 2003 1676 me-

314 1715 549 1751 morasse
586 1695 760 1748 adhuc
795 1692 1019 1757 iuvabit,
1055 1693 1185 1762 quid
1220 1693 1304 1745 vir
1339 1695 1806 1756 πλατωνικώτατος,
1854 1691 2003 1747 Car.

314 1768 425 1821 Fri
441 1768 492 1820 d.
537 1766 983 1830 Hermannus,
1031 1764 1097 1817 de
1143 1762 1404 1816 Platonici
1456 1763 1633 1833 operis
1689 1763 1794 1817 fine
1847 1771 2005 1833 atque

313 1838 532 1894 consilio
569 1836 850 1891 censuerit.
888 1835 944 1889 Is
982 1835 1124 1888 enim
1157 1835 1214 1887 in
1248 1833 1402 1897 libro,
1441 1833 1533 1902 qui
1567 1834 1857 1904 inscriptus
1895 1844 2001 1889 est:

322 1909 623 1964 Geschichte
647 1928 650 1929 ’
676 1911 788 1961 und
838 1906 1041 1978 System
1095 1908 1189 1961 der
1234 1905 1608 1959 Platonisclzen
1642 1905 2005 1976 Philosopkie‚

312 1981 434 2036 Vol.
459 1980 582 2050 I.p.
607 1979 709 2034 521
738 1996 854 2047 sqq.
890 1978 1019 2031 item
1064 1977 1131 2030 de
1175 1977 1275 2030 hac
1308 1995 1367 2029 re
1402 1975 1694 2046 disputavit
1718 1975 2002 2045 copiosius.

317 2049 585 2120 Convenit
620 2059 796 2103 autem
830 2048 925 2112 illi,
965 2049 1010 2102 si
1045 2047 1177 2118 quid
1218 2044 1454 2100 iudicare
1478 2065 1782 2117 possumne,
1820 2046 2002 2100 nobis-

314 2143 436 2177 cum
478 2122 545 2175 de
586 2141 671 2185 eo,
721 2120 864 2189 quod
898 2120 1040 2173 inter
1085 2118 1385 2172 orationem
1426 2115 1662 2171 Socratis
1706 2125 1866 2186 atque
1901 2118 2002 2171 AJ-

313 2193 538 2248 cibiadis
587 2192 811 2245 eandem
854 2191 967 2244 fere
1016 2189 1202 2247 statuit
1246 2189 1576 2242 intercedere
1632 2188 1891 2242 rationem
1939 2208 2003 2243 ac

313 2264 780 2326 necessitudinem,
817 2280 978 2332 quam
1012 2280 1108 2314 nos
1142 2260 1472 2314 intercedere
1512 2259 1715 2313 dudum
1759 2259 2004 2313 videmur

315 2337 561 2390 docuisse
596 2335 654 2387 in
686 2334 853 2395 altera
878 2330 1013 2403 Sym
1052 2331 1150 2385 osii
1185 2331 1354 2385 nostri
1391 2330 1622 2384 editione
1652 2329 1830 2383 Praef.
1855 2340 1908 2401 p.
1935 2332 2002 2385 15

318 2426 432 2477 sqq.
471 2407 548 2478 (v.
574 2424 626 2476 p.
657 2406 760 2458 524
786 2403 945 2475 sqq.).
1038 2422 1098 2457 00
1133 2422 1260 2456 vero
1297 2403 1363 2455 de
1399 2401 1618 2470 reliquis
1653 2401 1742 2455 ille
1777 2401 2002 2455 multum

312 2498 345 2531 a
381 2477 537 2531 nobis
583 2475 845 2539 dissentit,
891 2492 1215 2544 quamquam
1250 2492 1349 2527 nec
1385 2491 1464 2536 ea,
1512 2491 1650 2541 quae
1687 2472 1900 2542 scripsit
1935 2473 2002 2526 de

313 2548 582 2618 prioribus
627 2545 954 2600 orationibus
991 2543 1278 2608 amatoriis,
1323 2543 1517 2613 quibus
1555 2552 1733 2596 censet
1769 2544 2000 2614 legentes

313 2618 634 2689 pedetentim
670 2637 733 2671 ac
767 2616 1042 2687 paullatim
1078 2616 1148 2667 ad
1173 2615 1466 2667 orationem
1493 2612 1816 2666 Socraticam
1840 2632 1999 2683 prae-

313 2689 490 2759 parari
528 2697 582 2740 et
617 2688 688 2740 ad
723 2687 837 2740 eius
869 2685 1270 2756 intelligentiam
1304 2683 1467 2736 veluti
1507 2682 1727 2752 propius
1759 2683 1999 2753 perduci,

312 2777 412 2811 nec
446 2758 552 2822 illa,
592 2775 729 2824 quae
758 2755 977 2808 uberius
1001 2755 1066 2807 de
1095 2752 1367 2824 Symposii
1391 2772 1511 2806 cum
1536 2752 1781 2805 Phaedro
1813 2773 1998 2807 neces-

315 2828 544 2882 situdine
581 2826 887 2896 disputavit,
923 2824 1064 2878 omni
1101 2842 1167 2876 ex
1202 2833 1354 2894 parte
1389 2843 1510 2877 cum
1534 2832 1715 2876 nostra
1741 2825 2001 2878 sententia

314 2898 653 2953 concordant.
690 2896 908 2950 Etenim
942 2895 1185 2949 instituta
1215 2894 1447 2951 Phaedri
1484 2903 1534 2947 et
1559 2891 1829 2965 Symposii
1854 2915 1996 2949 com-

314 2970 586 3042 paratione
609 2969 665 3022 in
687 2967 933 3020 Phaedro
959 2966 1174 3036 quidem
1199 2966 1377 3019 doceri
1403 2964 1710 3030 arbitratur,
1747 2985 1996 3032 amorem,

317 3040 410 3111 qui
456 3040 748 3111 percipitur
786 3037 1046 3102 sensibUS,
1090 3038 1367 3108 vulgarem
1403 3036 1601 3091 homini
1638 3055 1752 3089 esse
1789 3045 1998 3108 turpem

317 3121 476 3181 atque
510 3111 730 3164 noxium
766 3109 1098 3179 eundemque
1134 3109 1367 3162 animum
1390 3108 1537 3160 humi
1563 3107 1792 3179 defigere
1816 3127 1878 3162 ac
1902 3109 1995 3160 de-

316 3183 563 3253 primere,
599 3182 822 3251 ideoque
859 3199 998 3242 eum,
1037 3179 1128 3248 qui
1165 3198 1272 3232 non
1309 3188 1464 3242 amet,
1499 3179 1656 3250 longe
1689 3179 1994 3248 praeferen-

318 3254 446 3307 dum
483 3272 598 3307 esse
634 3251 847 3315 amanti,
895 3252 985 3320 qui
1021 3251 1297 3304 inhonesto
1336 3250 1501 3303 amori
1536 3248 1828 3319 indulgeat,
1873 3250 1996 3302 licet

319 3324 548 3393 alioquin
597 3342 744 3377 amor
791 3323 986 3375 celsum
1033 3322 1282 3390 quiddam
1332 3331 1486 3391 atque
1535 3339 1848 3391 generosum
1897 3319 1990 3382 sit.;
