2222 3762
410 134 587 187 XXX

411 287 467 330 ct
503 276 791 330 scribendo
830 276 1214 347 explicuisset,
1266 276 1470 328 factum
1518 283 1632 342 est,
1681 283 1743 328 ut
1781 275 2103 347 Dionysius,

410 358 673 420 tyrannus
722 346 1129 418 Syracusanus,
1191 354 1518 416 moreretur,
1582 348 1740 417 eique
1789 344 2110 400 succederet

413 419 731 473 adolescens
781 419 1104 490 Dionysius,
1191 416 1356 484 Quod
1402 418 1620 488 quidem
1668 437 1736 471 ex
1790 417 2108 472 Corsinii

410 491 620 544 ratione
664 490 866 544 accidit
904 490 1123 561 Olymp.
1157 487 1314 541 CIII.
1342 489 1390 542 2.
1417 509 1464 542 a.
1507 491 1609 544 367
1650 508 1698 543 a.
1739 487 1867 542 Chr.
1907 506 1962 542 n.
2000 489 2110 542 Hic

415 582 581 632 quum
634 562 897 632 imprimis
934 567 1216 631 regeretur
1253 559 1452 614 Dionis
1490 561 1760 628 consiliis,
1818 561 1912 629 qui
1958 559 2110 612 iuve-

413 634 521 687 nile
559 633 676 686 eius
712 633 992 704 ingenium
1030 631 1279 684 doctrina
1316 639 1371 684 et
1408 633 1678 703 sapientia
1717 631 1788 684 ad
1826 632 2108 700 iustitiam,

414 704 866 770 moderationem,
905 703 1157 756 virtutem
1195 701 1412 756 flectere
1450 703 1722 771 studebat,
1763 703 1874 757 Dio
1910 703 2114 756 facien·

415 776 543 828 dum
583 775 825 841 censuit,
876 781 939 826 ut
986 781 1286 826 arcesseret
1320 774 1635 842 Platonem,
1688 775 1842 828 cuius
1881 774 2113 828 consilio

416 855 471 900 et
506 846 829 899 auctoritate
862 846 920 896 in
959 864 1023 897 ea
1057 864 1115 897 re
1153 852 1414 899 uteretur.
1489 844 1815 914 Quanquam
1839 864 1970 899 vero
1992 845 2115 916 phi-

414 916 676 987 losophus
727 917 1007 987 superiore
1054 924 1299 987 tempore
1326 916 1480 970 ,satis
1516 917 1752 989 graviter
1789 923 1906 969 erat
1941 917 2115 971 moni·-

417 997 505 1042 tus
544 987 923 1041 difficillimum
962 1006 1082 1041 esse
1136 989 1354 1060 tyranni
1403 989 1640 1042 animum
1687 987 1758 1040 ad
1804 987 2022 1041 virtutis
2061 995 2116 1041 et

417 1059 718 1130 sapientiae
755 1058 996 1112 studium
1035 1067 1380 1127 convertere,
1433 1069 1613 1113 tamen
1652 1067 1708 1113 et
1742 1059 1943 1113 Dionis
1983 1059 2116 1112 ami-

419 1133 550 1185 citia
598 1139 650 1182 et
706 1130 919 1184 consilii
968 1131 1290 1201 magnitudo
1342 1131 1550 1199 effecit,
1598 1139 1687 1200 ut,
1738 1131 2023 1202 provincia
2060 1132 2116 1184 in

418 1201 721 1257 Academia
786 1201 1020 1256 docendi
1077 1202 1360 1256 Heraclidi
1409 1203 1646 1256 Pontico
1703 1202 1934 1268 tradita,
1997 1222 2119 1256 cum

419 1274 757 1346 Speusippo,
810 1274 1012 1326 sororis
1050 1273 1196 1343 filio,
1247 1273 1426 1327 denuo
1466 1273 1769 1346 Syracusas
1805 1273 2119 1344 proficisce-

419 1354 568 1399 retur
606 1346 672 1414 ἢξ).
763 1345 884 1398 Nec
933 1346 1138 1398 frustra
1189 1346 1256 1398 ab
1306 1346 1462 1400 initio
1522 1345 1812 1399 videbatur
1858 1345 1964 1399 hoc
2016 1345 2120 1398 iter

419 1418 728 1471 institutum
765 1435 902 1470 esse.
975 1416 1258 1469 Audiebat
1282 1417 1424 1470 enim
1446 1424 1710 1488 tyrannus
1735 1416 2121 1488 philosophum

418 1508 617 1561 magno
657 1508 778 1542 cum
816 1487 998 1541 studio
1041 1487 1108 1541 de
1145 1488 1310 1542 rebus
1351 1489 1688 1560 gravissimis
1745 1487 2119 1555 disserentem,

422 1559 670 1629 adeoque
723 1578 934 1613 omnem
983 1559 1290 1631 tyrannidis
1328 1561 1565 1631 speciem
1614 1561 1692 1613 ita
1729 1559 2012 1627 abolebat,
2060 1569 2122 1613 ut

422 1634 569 1685 cives
632 1631 836 1702 optima
898 1650 1148 1700 quaeque
1213 1630 1280 1684 de
1347 1651 1411 1686 eo
1476 1640 1772 1703 sperarent.
1858 1631 2123 1685 Prodibat

423 1703 564 1756 enim
601 1704 657 1755 in
695 1703 973 1774 publicum
1025 1710 1079 1755 et
1118 1722 1240 1756 cum
1279 1703 1490 1759 civibus
1528 1704 1848 1758 versabatur
1885 1723 1996 1756 non
2037 1722 2123 1757 sa·-

422 1774 615 1828 tellitio
665 1774 950 1846 tyrannico
991 1774 1252 1844 stipatim,
1304 1775 1402 1828 sed
1453 1795 1484 1828 a
1524 1776 1655 1828 viris
1705 1774 2123 1846 sapientissimis

425 1855 480 1900 et
526 1845 962 1917 prudentissimis
1014 1846 1400 1900 circumdatus.
1491 1847 1676 1900 Vitam
1735 1848 1868 1900 item
1927 1847 2125 1918 agebat

426 1937 572 1985 eam,
612 1926 674 1969 ut
713 1918 771 1969 in
809 1917 1026 1987 optimis
1066 1917 1262 1971 studiis
1301 1926 1626 1987 versaretur,
1665 1918 1799 1971 nihil
1831 1926 1921 1971 tur
1961 1917 2126 1971 itudi-

426 1990 509 2042 nis
558 1989 615 2041 in
663 2008 720 2042 se
774 1988 1100 2042 admitteret.
1189 1989 1255 2042 In
1302 1990 1528 2061 imperio
1580 1990 1816 2060 denique
1865 1938 1997 2042 nifiil
2046 1989 2127 2043 fa-

429 2061 605 2114 ciebat
664 2059 987 2129 crudeliter,
1048 2059 1183 2113 nihil
1230 2061 1461 2129 iniuste,
1524 2061 1661 2114 nihil
1722 2062 1838 2115 sine
1887 2059 2126 2132 pruden-

425 2131 758 2186 tissimorum
793 2131 1032 2185 virorum
1071 2132 1298 2186 consilio
1323 2133 1420 2202 ³³⁸²).
1495 2136 1574 2186 At
1610 2133 1749 2186 enim
1790 2152 1951 2202 quam
1977 2152 2128 2204 spem

429 2203 620 2275 optimi
657 2203 859 2272 quique
899 2202 965 2256 de
1003 2203 1278 2275 Dionysio
1316 2224 1383 2257 ex
1419 2205 1503 2258 his
1541 2206 1703 2259 rebus
1742 2211 2127 2274 conceperant,

430 2295 547 2329 eam
583 2274 792 2328 invidia
830 2281 885 2327 et
920 2275 1207 2344 calumnia,
1245 2276 1487 2347 vulgaris
1525 2277 1615 2330 illa
1653 2277 1895 2329 aularum
1935 2275 2126 2346 pestiS,

429 2354 654 2417 repente
691 2344 931 2410 reddidit
964 2346 1188 2400 irritam.
1262 2347 1672 2402 Desiderabant
1719 2347 1858 2400 enim
1894 2347 2130 2416 improbi

432 2416 681 2487 quidam,
732 2423 794 2469 ut
842 2417 1128 2487 pristinam
1175 2418 1282 2486 ipsi
1329 2426 1716 2488 recuperarent
1763 2418 2029 2472 scelerum
2065 2416 2130 2470 li-

433 2489 684 2555 centiam,
724 2487 960 2557 priorem
997 2506 1174 2540 rerum
1215 2488 1599 2553 conditionem,
1640 2496 1695 2542 et
1729 2489 1940 2560 imperii
1964 2488 2131 2543 habe-

434 2578 533 2612 nas
559 2557 630 2610 ad
657 2577 714 2611 se
737 2558 950 2611 trahere
975 2559 1318 2626 conabantur
1349 2559 1522 2613 fracta
1548 2560 1748 2614 Dionis
1788 2560 2129 2614 auctoritate.

436 2629 715 2698 Quantum
749 2648 879 2682 vero
916 2629 1137 2682 valeant
1158 2629 1457 2685 calumniae
1495 2639 1550 2684 et
1572 2632 1998 2686 obtrectationes
2021 2651 2132 2692 non

438 2701 612 2755 solum
636 2699 782 2771 apud
806 2699 1101 2771 principeS,
1129 2700 1227 2754 sed
1253 2702 1416 2755 etiam
1443 2702 1590 2774 apud
1613 2703 1874 2774 privatos,
1902 2703 2024 2773 quis
2048 2711 2134 2761 est

441 2772 534 2842 qui
559 2770 799 2825 nesciat?
825 2772 1017 2841 Itaque
1046 2791 1213 2841 quum
1237 2773 1347 2826 Dio
1376 2793 1617 2827 sororem
1649 2774 1909 2846 Dionysii
1934 2775 1991 2827 in
2019 2793 2132 2827 ma-

439 2842 693 2898 trimonio
716 2842 960 2911 haberet,
987 2851 1276 2911 tyrannum
1299 2844 1391 2898 isti
1414 2845 1607 2899 callide
1634 2847 1944 2914 monebant,
1959 2865 2028 2899 ne
2054 2846 2133 2899 af-

439 2914 537 2967 fini
562 2914 778 2967 nimiam
805 2915 1098 2986 potentiam
1124 2914 1463 2985 concederet,
1482 2924 1543 2969 ut
1570 2917 1663 2987 qui
1688 2937 1914 2990 regnum
1934 2917 2133 2972 eoncu-

439 2987 650 3058 piscere
687 2985 978 3040 videretur.
1055 2984 1212 3054 Quae
1250 2987 1659 3045 criminationes
1697 3009 1807 3043 non
1844 2994 2136 3043 caruerunt

442 3067 662 3111 eventu.
737 3057 938 3112 Pulsus
977 3058 1119 3112 enim
1159 3078 1226 3111 ex
1263 3059 1440 3130 patria
1477 3067 1561 3114 est
1595 3060 1736 3129 Dio,
1787 3061 1988 3116 frustra
2039 3060 2136 3113 ob-

503 3299 542 3349 *)
575 3298 625 3339 V.
661 3312 770 3351 quos
803 3299 955 3339 laudat
987 3298 1410 3342 Tennemanuus
1442 3304 1468 3342 1.
1502 3313 1535 3340 c.
1568 3314 1610 3352 p.
1641 3301 1712 3343 52.

494 3357 559 3408 ω’)
594 3356 883 3397 Plutarch.
918 3357 1044 3397 Dion.
1078 3371 1119 3409 p.
1152 3357 1249 3401 963.
1283 3372 1375 3411 cap.
1411 3360 1461 3403 12
1493 3372 1584 3409 sqq-
