2158 3718
396 128 816 182 APOLOGIA
860 127 1271 196 SOCRATJS.
1316 129 1378 181 P.
1420 130 1502 181 38.
1547 128 1626 181 St..
1781 133 1875 184 157

174 274 348 347 ἄγειν,
392 277 458 331 οὐ
507 280 763 332 πείσεσθέ
799 299 898 345 μοι
939 275 1011 339 ὡς
1053 283 1482 346 εὶρωνευομένῳ·
1539 275 1638 330 ὲοὶν
1693 276 1741 330 τ’
1797 270 1869 330 αὖ

180 367 331 429 λέγω,
374 359 459 415 ὅτι
501 364 592 414 καὶ
640 359 893 430 τυγχάνει
915 367 1171 431 μέγιστον
1195 359 1432 427 ἀγαθὸν
1477 357 1542 415 ὃν
1585 359 1877 431 ἀνθρώπῳ

178 449 366 508 τοῦτο,
413 445 646 509 ἑκάστης
690 442 895 514 ἡμέρας
939 448 1062 513 περὶ
1087 444 1290 515 ἀρετῆς
1316 443 1445 508 τοὺς
1475 444 1673 511 λόγους
1709 456 1879 499 ποιεῖ·

177 535 325 585 σθαι
379 533 470 582 καὶ
530 531 641 582 τῶν
701 530 913 591 ἄλλων,
978 533 1098 599 περὶ
1159 521 1235 582 ὧν
1279 526 1431 599 ὑμεῖς
1471 531 1605 597 ἐμοῦ
1649 529 1879 583 ἀκούετε

177 618 566 682 διαλεγομένου
609 615 700 666 καὶ
743 610 987 683 ἐμαυτὸν
1031 617 1123 668 καὶ
1165 609 1370 677 ἄλλους
1413 612 1792 683 ὲξετάζοντος,
1848 609 1877 667 ὁ

178 702 234 752 δὲ
278 696 638 763 ἀνεξέταστος
694 699 817 766 βίος
871 695 937 752 οὐ
981 696 1180 768 βιωτὸς
1221 694 1545 767 ἀνθρώπῳ,
1601 701 1783 751 ταῦτα
1830 695 1872 751 δ’

178 787 255 838 ἔτι
298 774 472 847 ἦττον
517 785 777 836 πείσεσθέ
819 804 917 852 μοι.
963 785 1192 850 λέγοντι.
1262 780 1330 835 τὰ
1394 786 1450 837 δὲ
1498 786 1600 852 ἔχει
1642 786 1744 850 μὲν
1784 779 1879 836 οὕ-

175 888 295 930 τως,
342 863 416 928 ὡς
457 863 558 933 ἐγώ
604 887 779 940 φημι,
814 858 863 917 ὦ
912 866 1134 936 ἄνδρες,
1184 870 1404 920 πείθειν
1449 870 1503 921 δὲ
1551 863 1616 920 ού
1660 863 1875 939 ῥᾴδιον.

181 954 291 1004 Καὶ
339 947 439 1018 ἐγώ
484 946 572 1017 ἅμ’
627 949 729 1004 οὐκ
773 951 1027 1020 εἴθισμαι
1071 949 1313 1019 ἐμαυτὸν
1356 950 1552 1016 ἀξιοῦν
1581 954 1752 1005 κακοῦ
1782 949 1876 1006 οὐ·

177 1033 347 1097 δενός.
413 1039 459 1086 εὶ
514 1035 615 1100 μὲν
662 1032 771 1102 γὰρ
824 1025 894 1099 ἦν
935 1056 1031 1104 μοι
1069 1032 1389 1104 χρήματα,’
1421 1033 1764 1103 ἐτιμησάμην
1806 1031 1881 1088 ἂν

169 1113 617 1189 χρημάτωνὸσα
663 1119 890 1184 ἔμελλον
932 1122 1178 1172 ἐκτίσειν.
1231 1116 1394 1172 οὐδὲν
1450 1117 1557 1186 γὰρ
1602 1114 1676 1172 ἂν
1720 1115 1882 1188 ἐβλά-

173 1205 310 1272 βην·
357 1202 460 1254 νῦν
507 1202 561 1255 δέ
606 1231 690 1240 ——
748 1199 813 1255 οὐ
873 1199 980 1271 γάρ
1026 1204 1203 1270 ἔστιν,
1250 1208 1294 1256 εὶ
1343 1200 1413 1273 μὴ
1460 1203 1574 1274 ἄρα
1623 1199 1761 1256 ὅσον
1803 1197 1877 1256 ἂν

176 1395 295 1435 Flor.
339 1394 381 1433 d.
411 1406 454 1445 g.
485 1392 529 1432 h.
579 1393 678 1433 Par.
708 1391 843 1433 DST.
900 1392 1048 1445 Vulgo
1081 1400 1174 1434 erat
1205 1390 1280 1433 ἐάν
1313 1389 1343 1433 τ’
1374 1388 1523 1435 αὖθις.
1582 1395 1715 1435 Multi
1747 1388 1874 1435 co‘dd.

176 1466 274 1493 cum
308 1451 412 1491 Bas.
445 1450 486 1492 2.
519 1450 728 1491 exhibent
758 1448 834 1490 ἐὰν
866 1450 995 1490 ταῦτα
1026 1451 1060 1491 ³..

291 1506 543 1562 μέγιστον
586 1503 796 1562 ἀγαθὸν
841 1504 931 1561 ὅν]
996 1509 1210 1549 Additum
1258 1522 1397 1561 nuper
1444 1506 1496 1549 ὅν
1539 1523 1562 1550 e
1603 1509 1733 1553 Bodl.
1779 1511 1881 1555 Vat,

181 1567 286 1608 Ven.
319 1568 359 1606 b.
401 1567 526 1606 xind.
559 1566 599 1608 1.
630 1566 671 1610 4
703 1568 743 1610 6.
775 1566 898 1607 Flor.
932 1566 973 1606 d.
1007 1579 1049 1618 g.
1082 1568 1124 1609 h.
1159 1567 1258 1607 Par.
1295 1567 1432 1606 DST.

292 1622 424 1674 ἐμοῦ
463 1617 719 1679 ἀκούετε]
776 1625 822 1663 V.
870 1619 1072 1678 ἠκούετε,
1112 1626 1230 1677 quod
1262 1639 1284 1666 e
1320 1626 1445 1665 Bodl.
1476 1630 1519 1665 et
1548 1625 1747 1677 plurimis
1777 1625 1880 1665 reli-

177 1684 276 1735 quis
307 1687 532 1722 mutatum.

293 1753 355 1780 ου
400 1735 624 1794 ῥᾴδιον]
693 1740 748 1779 V.
790 1735 927 1795 ῥᾴδια.
968 1739 1238 1780 Mutavimus
1282 1753 1305 1780 e
1353 1739 1787 1781 Bod1.Vat.Ven.
1842 1739 1882 1778 b.

178 1797 308 1842 vind.
343 1798 385 1842 1.
400 1755 464 1841 04.
501 1798 542 1842 6.
573 1798 694 1839 Flor.
728 1810 768 1850 g.
804 1798 847 1837 h.
883 1798 983 1839 Par.
1017 1797 1166 1837 DST.

1068 1970 1128 2010 ἔτι
1160 1962 1286 2021 ἧττον
1318 1968 1543 2017 πείσεσθε,
1571 1981 1684 2021 quae
1714 1969 1877 2023 8ροἀο-

1068 2028 1130 2068 sin
1169 2028 1414 2077 continent,
1463 2039 1558 2068 cum
1600 2028 1638 2067 vi
1694 2026 1877 2079 quadam

178 1974 226 2010 nt
285 1966 504 2022 τηλικόνδε
574 1967 709 2023 ἄνδρα
793 1968 982 2023 Euthyd.

180 2027 278 2071 293.
309 2028 362 2072 Β.

238 2109 334 2153 κᾶν
364 2112 458 2164 μὲν
490 2128 521 2154 τ.
561 2106 874 2165 ἃπελαύνω]
908 2113 984 2154 Vi-

182 2170 338 2211 delicet
377 2170 476 2211 dum
511 2182 588 2210 eos
623 2171 731 2210 meis
769 2172 984 2211 sermoni·

181 2229 260 2268 hus
294 2226 501 2269 interesse
539 2239 622 2266 non
657 2227 765 2267 sino.
799 2251 854 2257 —
915 2227 985 2268 De

183 2285 325 2326 futuro
353 2286 497 2326 Attico
520 2281 693 2335 ἑξελώσι
719 2298 757 2324 ν.
782 2283 983 2328 Buttm.

182 2343 217 2394 ξ.
266 2342 334 2386 86.
393 2356 432 2395 p.
478 2341 575 2385 143.
625 2343 725 2382 coll.
785 2342 981 2383 Gramm.

180 2402 308 2452 ampl.
340 2403 380 2452 §-
411 2400 479 2443 95.
514 2400 555 2443 9.
589 2399 741 2442 Rost.
775 2400 812 2452 ξ.
840 2399 909 2442 64.
942 2414 981 2453 p.

180 2457 277 2502 168.
310 2458 350 2501 6.
383 2457 452 2500 ed.
486 2457 524 2500 7.

228 2543 343 2610 Cap.
385 2542 597 2584 XXVIII.
659 2542 709 2582 P.
751 2542 823 2586 38.
865 2556 983 2595 τυγ-

180 2598 328 2654 χάνει
414 2599 671 2653 μέγιστον
760 2595 985 2653 ἀγαθὸν

180 2657 272 2712 ὄν]
318 2658 598 2709 Participium
644 2654 697 2698 ὂν
727 2671 779 2699 ex
812 2660 989 2710 optimis

179 2717 307 2761 codd.
357 2717 601 2758 restitutum
663 2721 745 2756 est.
824 2716 989 2759 Quam-

178 2787 308 2828 quam
339 2773 464 2814 etiarn
507 2773 706 2815 absolute
752 2774 853 2825 poni
893 2786 990 2813 rer-

182 2834 281 2873 hum
342 2828 564 2884 τυγχάνειν
611 2835 711 2885 post
758 2830 990 2871 Erfurd-

180 2891 310 2930 tinm
393 2890 706 2930 demonstravit
787 2889 989 2929 Lobec-

181 2948 300 2988 kflus
331 2947 384 2988 ad
418 2945 647 2997 Phrynich.
680 2959 720 2999 p.
752 2946 851 2990 277.

240 3056 264 3100 ὀ
304 3057 360 3101 δὲ
403 3055 766 3111 ἅνεξέταστοσ
804 3085 860 3091 -
901 3057 984 3102 ἆν-

181 3115 412 3172 θριόπῳ]
450 3117 648 3160 Pendent
677 3119 783 3160 haec
813 3132 984 3171 qnoque

184 3188 237 3216 ex
279 3189 420 3229 praec.
459 3173 545 3223 ὅτι,
585 3188 723 3229 neque
769 3176 984 3230 παρετιθέ-

181 3244 265 3273 τως
295 3234 516 3275 interiecta
553 3239 678 3282 sunt,
708 3235 826 3285 quod
856 3240 983 3287 puta-

180 3291 256 3332 bat
304 3290 374 3332 Fr.
416 3296 465 3331 A.
505 3290 748 3334 Wolsins.
792 3314 847 3322 —
913 3292 984 3332 De

181 3349 390 3402 particula
429 3346 476 3388 δὲ
514 3350 555 3391 in
585 3348 750 3391 verbis:
795 3349 923 3390 ταῦτα
955 3344 989 3388 δ’

1067 2086 1183 2126 illata
1219 2097 1256 2127 v.
1294 2084 1587 2125 Hermann.
1637 2083 1693 2124 ad
1726 2085 1875 2136 Viget.

1069 2156 1109 2195 p.
1152 2141 1237 2186 784
1281 2147 1326 2182 et
1355 2141 1454 2184 485.
1490 2141 1764 2182 Matthiae
1801 2141 1877 2181 Gr.

1069 2200 1148 2239 Gr.
1177 2199 1213 2251 ξ.
1242 2199 1340 2242 616.
1360 2199 1401 2241 3.
1435 2203 1479 2239 et
1508 2210 1620 2250 quae
1651 2197 1707 2239 ad
1741 2197 1877 2251 Legg.

1069 2257 1146 2297 IV.
1189 2270 1231 2310 p.
1274 2257 1373 2300 720.
1431 2256 1488 2298 D.
1531 2261 1575 2296 et
1619 2255 1793 2297 hachet.
1838 2269 1878 2309 p.

1070 2313 1167 2358 184.
1199 2314 1256 2355 D.
1291 2314 1558 2365 collegimus.
1592 2336 1645 2342 —
1687 2313 1758 2354 De
1789 2312 1879 2354 for-

1070 2376 1184 2413 mula
1225 2372 1326 2423 βίος
1355 2367 1540 2423 βιωτός,
1582 2372 1699 2410 vita
1741 2371 1877 2411 vita-

1046 2431 1168 2480 ·lis‚
1220 2431 1414 2471 dicemus
1466 2427 1520 2469 ad
1563 2427 1728 2469 Criton.
1770 2435 1876 2469 sect.

1068 2488 1187 2530 vul.

1129 2600 1178 2641 B.
1210 2601 1308 2640 νῦν
1338 2595 1532 2641 δέ-οὐ
1565 2614 1665 2653 γαρ
1698 2599 1875 2653 ἔστιν]

1073 2658 1184 2700 Post
1223 2660 1303 2699 νῦν
1346 2656 1393 2698 δὲ
1432 2659 1565 2699 intell.
1608 2653 1662 2698 οὐ
1696 2655 1883 2709 δύναμαί

1073 2730 1146 2766 μοι
1189 2715 1452 2771 τιμήσασθαι
1491 2712 1725 2769 χρημάτων.
1785 2717 1876 2757 Lo·-

1073 2775 1231 2827 quendi
1254 2788 1390 2828 genus
1418 2776 1638 2828 copiosius
1666 2774 1876 2815 illustravi

1075 2833 1130 2872 mi
1169 2833 1465 2886 Enthyphron.
1519 2845 1560 2883 p.
1607 2832 1662 2876 72
1700 2845 1764 2884 sq.
1791 2832 1874 2875 ed.

1074 2889 1193 2942 Lips.
1231 2890 1403 2932 iachet.
1443 2904 1483 2957 p.
1516 2888 1615 2932 184.
1647 2889 1705 2930 D.
1765 2888 1877 2930 Fue·

1073 2953 1173 2988 runt
1203 2955 1348 2989 autem
1392 2949 1461 2999 qui
1502 2950 1728 2988 coniuncte
1767 2947 1876 2987 scri-

1072 3004 1256 3046 bendum
1289 3006 1621 3049 arbitrarentur:
1654 3005 1737 3045 νῦν
1755 3001 1802 3044 δὲ
1821 3017 1876 3044 ου

1070 3059 1151 3115 γὰρ
1192 3062 1547 3115 3012,quomam
1594 3063 1753 3103 Graeci
1796 3073 1874 3114 pro

1071 3133 1146 3170 ea,
1188 3133 1268 3173 qua
1301 3121 1615 3170 excessnernnt,
1655 3118 1874 3172 cogitandi

1070 3178 1293 3218 anacritate
1328 3179 1455 3218 etiam
1495 3177 1533 3217 in
1576 3175 1656 3217 hac
1692 3176 1876 3216 formula

1069 3233 1156 3274 duo
1199 3236 1390 3276 membra
1439 3234 1645 3274 orationis
1675 3234 1717 3274 in
1747 3245 1875 3273 unum

1069 3292 1341 3335 coniunxisse
1372 3292 1633 3336 viderentur.
1682 3290 1778 3332 Non
1810 3302 1876 3329 re-

1081 3361 1337 3402 pugnarem,
1368 3350 1403 3390 si
1434 3361 1579 3391 verum
1613 3352 1731 3390 esset
1759 3345 1875 3398 quod

1913 283 1979 332 38
