2222 3762
423 139 622 193 XLIV

429 290 608 334 autem
647 290 701 333 et
737 278 985 332 homines
1023 295 1163 331 vana
1189 275 1488 346 sapientiae
1518 277 1776 349 opinione
1814 278 2003 332 inflati.¹
2026 288 2122 334 aut

426 353 650 406 nimium
676 350 906 423 argutiis
945 349 1058 403 suis
1084 346 1256 401 dediti
1296 349 1492 404 erroris
1529 350 1923 404 convincantur
1960 358 2017 404 et
2050 350 2122 410 ad

427 424 767 497 ignorantiae
845 420 1247 475 confessionem
1310 417 1618 492 adigantur.
1708 420 1875 489 Quod
1938 424 2121 476 tamen

427 494 773 549 callidissime
810 494 923 546 fere
961 493 1037 545 ita
1072 489 1404 559 instituitur,
1425 500 1505 544 >ut
1535 511 1718 546 rerum
1753 494 1811 546 in
1848 493 1998 554 disee
2038 502 2122 547 ta·-

427 567 630 620 tionem
666 573 981 618 vocatarum
1013 581 1148 616 >vera
1171 561 1313 614 ratio
1340 568 1601 632 tanquam
1626 565 1768 618 notis
1795 565 1994 635 quibus
2036 584 2122 618 am

427 647 591 706 atque
630 637 675 690 si
718 636 800 689 nis
837 634 1119 706 prodatur,
1157 632 1292 703 ipsis
1327 633 1414 702 iis,
1453 634 1777 701 quibuscum
1814 655 1990 690 sermo
2015 635 2123 690 ha·-

427 710 614 777 betur‚
653 657 972 778 plerumque
1020 704 1077 757 id
1112 723 1198 757 'ne
1236 705 1597 760 sentientibus
1635 705 1871 776 quidem.
1945 707 2124 761 Nimi-

426 800 544 833 rum
592 781 697 832 ista
746 779 956 831 ratione
1005 795 1114 829 non
1162 774 1325 828 modo
1380 775 1556 829 facete
1618 776 1981 847 deluduntur,
2030 780 2124 850 qui

427 869 626 923 pravae
676 849 994 902 dialecticae
1040 854 1097 899 et
1145 846 1297 899 falsis
1361 847 1707 917 opinionibus
1757 848 1928 902 dediti
1976 859 2122 920 sunt,

429 920 526 975 sed
564 921 726 974 etiam
768 919 1053 973 dialectica
1091 916 1376 972 Socratica
1410 919 1475 971 fit
1522 919 1814 982 illustrior,
1853 921 2125 993 siquidem

426 993 673 1065 legentes
722 1011 821 1062 per
870 1010 987 1044 eam
1037 997 1182 1043 tecte
1229 985 1299 1043 ad
1351 998 1557 1043 rectam
1602 1010 1895 1062 veramque
1945 1012 2126 1047 rerum

427 1065 703 1118 notionem
739 1060 1120 1116 inveniendam
1154 1061 1525 1114 instituuntur
1552 1062 1750 1116 mentis
1789 1064 2124 1135 cogitatione

429 1155 462 1189 a
496 1137 659 1190 rebus
698 1133 937 1188 externis
975 1141 1136 1202 atque
1170 1132 1321 1201 visiS‚
1347 1133 1403 1186 in
1442 1133 1643 1203 quibus
1680 1133 1990 1190 istiusmodi
2026 1135 2126 1191 ho-

427 1208 599 1261 miues
658 1206 875 1276 ipsique
926 1204 1205 1276 sophistae
1251 1205 1363 1258 fere
1411 1202 1733 1274 haerebant,
1787 1205 1858 1259 ad
1907 1206 2125 1261 innatas

469 1279 588 1332 uasi
611 1277 804 1332 animis
829 1295 1011 1331 rerum
1035 1275 1247 1348 species
1286 1283 1342 1329 et
1378 1294 1688 1331 communes
1726 1277 1978 1333 notiones
2014 1287 2126 1332 tra-

429 1298 615 1405 ducta.
703 1351 821 1404 Iam
878 1367 1012 1402 vero
1073 1345 1222 1417 quod
1272 1345 1344 1401 ad
1397 1347 1505 1401 hoc
1561 1367 1735 1419 genus
1783 1348 2128 1422 dialogorum

429 1421 592 1475 etiam
641 1420 1003 1495 Apologia
1038 1417 1376 1474 ‘Socratis
1426 1426 1588 1488 atque
1626 1418 1831 1474 Crito
1878 1440 2127 1476 accesse-

428 1501 585 1562 runt,
637 1511 778 1562 quae
830 1510 999 1562 opera
1051 1509 1162 1544 non
1208 1490 1380 1544 multo
1430 1500 1559 1562 post
1607 1490 1852 1546 Socratis
1897 1507 2127 1547 mortem

430 1563 684 1619 videntur
729 1565 786 1618 in
837 1564 1018 1618 lucem
1078 1559 1378 1634 prodiisse,
1431 1562 1635 1616 sistunt
1687 1561 1744 1616 hi
1792 1562 1917 1618 libri
1966 1564 2126 1620 nobis

429 1636 594 1691 etiam
641 1638 823 1710 ipsum
871 1634 1160 1690 Socratem
1214 1641 1427 1688 tantum
1475 1654 1585 1688 non
1640 1631 1712 1687 ad
1758 1634 1932 1707 ipsius
1979 1636 2126 1690 vitae

428 1709 714 1762 veritatem
748 1706 1129 1762 adumbratum
1165 1713 1332 1775 atque
1368 1705 1719 1777 descriptum.
1795 1704 2131 1762 Informatur

431 1779 573 1834 enim
599 1781 677 1835 ibi
703 1779 796 1833 ille
818 1779 964 1848 talis,
992 1777 1170 1848 qualis
1193 1777 1254 1830 in
1277 1777 1384 1830 illis
1425 1776 1659 1850 dialogis
1683 1779 1794 1831 fere
1821 1795 1941 1832 esse
1966 1779 2125 1848 solet,

431 1852 526 1921 qui
572 1872 672 1936 per
722 1858 893 1906 totam
936 1849 1105 1903 vitam
1152 1848 1441 1902 hominum
1487 1867 1655 1918 quum
1703 1849 1959 1919 aliorum,
2011 1858 2130 1904 tum

429 1922 694 1995 imprimis
729 1923 971 1976 virorum
1008 1918 1245 1981 civilium
1284 1928 1340 1974 et
1392 1919 1760 1991 sophistarum
1797 1941 2036 1976 errrores
2075 1930 2131 1975 et

429 2012 600 2050 vanas
639 1994 924 2066 opiniones
960 1992 1356 2057 confutaverit3
1396 1993 1694 2060 scientiam,
1726 1991 1832 2046 hoc
1871 2001 1975 2064 est,
2011 2011 2128 2047 cer-

429 2078 515 2122 tas
563 2067 982 2139 exploratasque
1030 2081 1209 2117 rerum
1254 2063 1509 2117 notiones
1559 2063 1946 2133 anquisiverit3
1986 2065 2130 2118 veri-

431 2144 600 2193 tatem
647 2138 1019 2207 virtutemque
1067 2135 1272 2205 ubique
1328 2134 1526 2190 sectari
1565 2136 1939 2202 consueverit3
1975 2134 2129 2191 deni-

433 2229 539 2280 que
577 2210 694 2265 veri
729 2209 975 2278 rectique
1013 2206 1403 2261 conscientiam
1441 2214 1752 2277 certamque
1778 2202 1846 2260 de
1872 2211 1937 2261 eo
1962 2208 2130 2261 animi

431 2281 839 2353 persuasionem
887 2288 1150 2348 tanquam
1200 2278 1460 2349 optimam
1493 2285 1641 2331 recte
1678 2285 1732 2331 et
1769 2297 1891 2332 cum
1926 2277 2128 2333 virtute

430 2353 653 2407 vivendi
701 2352 894 2405 ducem
941 2357 1260 2403 constanter
1317 2356 1585 2418 sequutus
1633 2350 1738 2417 sit,
1787 2350 1866 2402 ita
1910 2359 1970 2403 ut
2019 2370 2130 2404 non

430 2425 593 2477 modo
630 2424 765 2477 boni
802 2422 1066 2486 hominm,
1107 2420 1205 2473 sed
1257 2421 1417 2473 etiam
1466 2419 1595 2473 boni
1643 2419 1780 2472 civis
1816 2437 2037 2474 munere
2074 2429 2130 2473 et

435 2495 618 2549 officio
657 2493 902 2564 perfecto
941 2490 1232 2544 defunctus
1270 2509 1388 2544 esse
1427 2488 1657 2543 iudicari
1679 2487 1892 2543 debeat.
1958 2489 2127 2559 'Quae

434 2574 579 2619 certe
617 2584 772 2617 nemo
811 2562 914 2615 erit
962 2562 1091 2630 quin
1130 2568 1329 2631 sponte
1366 2559 1578 2628 videat,
1619 2581 1781 2630 quam
1820 2570 1967 2616 arcte
2002 2582 2127 2616 cum

433 2635 768 2708 argumentis
817 2641 872 2686 et
919 2632 1162 2685 consiliis
1200 2632 1539 2703 superiorum
1575 2632 1836 2685 librorum
1871 2634 2128 2687 conveni-

436 2716 561 2775 ant,
603 2704 870 2776 siquidem
908 2703 999 2756 ille
1031 2713 1292 2773 tanquam
1330 2703 1577 2776 exemplo
1615 2721 1715 2756 suo
1755 2721 1944 2757 revera
1981 2725 2128 2759 com-

474 2779 696 2832 robasse
758 2775 1015 2847 fingitur,
1075 2793 1214 2845 quae
1262 2774 1318 2826 in
1368 2773 1475 2828 illis
1525 2772 1805 2846 disputata
1852 2776 2126 2848 leguntur.

434 2799 582 2906 gunt
612 2849 781 2920 igitur
819 2847 875 2899 hi
912 2846 1055 2914 libri,
1094 2853 1158 2899 ut
1195 2843 1450 2912 diximus,
1475 2843 1546 2898 ad
1584 2865 1752 2899 unum
1790 2867 1978 2901 omnes
1999 2867 2127 2901 vere

435 2919 720 2985 Socratici,
755 2917 1024 2988 siquidem
1062 2925 1118 2970 et
1139 2915 1476 2970 Socraticam
1502 2916 1806 2971 disserendi
1841 2919 2126 2987 rationem,

475 3011 636 3045 ravae
664 2989 986 3043 dialecticae
1006 2988 1332 3059 oppositam,
1347 2987 1672 3060 depingunt,
1691 2996 1746 3042 et
1771 3008 1796 3042 s
1811 3009 1840 3043 c
1856 2991 1874 3042 i
1889 3007 1967 3043 en
1984 2990 2039 3043 ti
2053 3010 2084 3043 a
2098 3012 2127 3043 c

434 3012 751 3120 §ceraticae
788 3060 897 3114 vim
934 3060 990 3112 in
1023 3059 1169 3112 omni
1199 3059 1622 3131 philosophandi
1650 3076 1848 3131 genere
1871 3060 2127 3115 maxime-

436 3154 541 3206 que
578 3135 634 3188 in
671 3132 887 3187 virtutis
925 3128 1127 3184 iudicio
1165 3130 1448 3184 declarant
1484 3151 1548 3184 ac
1578 3131 1935 3202 patefaciunt.
2005 3133 2128 3187 Nec

433 3226 562 3261 vero
602 3203 842 3275 Gorgias
880 3201 948 3256 ab
987 3202 1091 3256 hoc
1128 3202 1450 3273 scriptorum
1484 3203 1889 3258 Platonicorum
1927 3222 2127 3276 genere

435 3278 546 3332 ullo
583 3275 746 3330 modo
776 3271 1149 3347 segregandus
1189 3282 1291 3342 est,
1318 3274 1413 3355 qui
1436 3274 1630 3345 etipse
1655 3293 1767 3328 non
1793 3274 1963 3328 multo
2000 3282 2128 3346 post

437 3348 642 3404 obitum
689 3346 932 3402 Socratis
984 3343 1199 3399 videtur
1238 3352 1472 3416 scriptus
1515 3364 1632 3402 esse
1671 3345 1924 3416 valetque
1962 3347 2127 3401 etiam
