2158 3718
679 137 682 142 ’
746 154 1004 198 ΡΗΑΕοο
1037 168 1080 211 p.
1113 154 1181 197 75.
1754 152 1856 208 155

82 297 350 367 λαβόντες
387 293 644 350 ἑκάστοτε
681 292 755 365 μὴ
798 294 1239 364 ἐπιλελήσμεθα,
1288 292 1504 356 εἰδότας
1541 291 1627 346 ἀεὶ
1663 294 1853 361 γίγνε-

6 401 11 405 ’
82 388 219 436 σθαι
271 380 365 435 καὶ
419 379 505 433 ἀεὶ
559 376 653 432 διὰ
705 381 837 447 βίου
893 379 1126 432 εἰδέναι·
1191 375 1254 432 τὸ
1304 376 1412 447 γάρ
1453 379 1661 431 εἰδέναι
1697 377 1851 431 τοῦτ’

4 529 7 531 ,
85 467 232 535 ἐστι’,
271 464 517 534 λαβόντα
552 482 654 517 του
694 464 1001 533 ἐπιστήμην
1049 466 1195 533 ἔχειν
1242 463 1335 516 καὶ
1381 461 1453 532 μὴ
1502 460 1854 516 ἀπολωλεκέ-

83 571 194 604 ναι.
269 549 306 620 ἢ
351 546 419 603 οὐ
463 551 629 602 τοῦτο
669 549 853 618 λήθην
891 550 1145 618 λέγομεν,
1185 540 1231 601 ui
1270 548 1510 617 Σιμμία,
1553 547 1854 617 ἐπιστήμης

81 633 395 704 ἄποβολήνς
435 633 673 696 Πάντως
711 633 913 702 δήπου,
953 635 1080 702 ἔφη,
1121 626 1169 686 ὦ
1192 632 1509 702 Σώκρατες.
1562 632 1637 684 Εἰ
1672 630 1738 685 δέ
1768 650 1852 700 γε,
1876 647 1909 687 Ε

80 715 261 789 οἶμαι,
308 717 576 788 λαβόντες
613 718 748 787 πρὶν
783 717 1050 786 γενέσθαι
1093 717 1418 788 γιγνόμενοι
1467 715 1853 785 ἀπωλέσαμεν,

79 801 320 873 ὕστερον
358 802 420 857 δὲ
457 811 576 866 ταῖς
613 802 911 872 αἰσθήσεσι
948 802 1224 872 χρεόμενοι
1261 802 1389 871 περὶ
1422 804 1597 855 ταῦτα
1637 802 1855 863 ἐκείνας

80 886 550 958 ἀναλαμβάνομεν
596 886 691 952 τὰς
742 887 1070 958 ἐπιστήμας,
1122 886 1186 950 ἅς
1222 904 1357 940 ποτε
1402 888 1495 939 καὶ
1532 886 1668 957 πρὶν
1707 889 1853 956 εἴχο-

194 1039 468 1088 εκαστοτε
489 1041 583 1114 μη]
628 1039 850 1087 ἑκάστοτε
877 1038 944 1099 μή
965 1045 1085 1088 Βο(11.
1109 1058 1172 1098 pr.
1196 1057 1252 1086 m.
1275 1045 1383 1087 Ven.
1408 1044 1582 1087 HTub.
1624 1042 1764 1096 Vulgo
1786 1038 1851 1096 μὴ

80 1096 318 1146 ἑκάστοτε.
377 1103 481 1142 Dein
523 1095 881 1156 επελελήσμεθα
911 1101 1010 1144 Vat.
1043 1102 1169 1141 Vind.
1201 1101 1295 1143 ΦΤ
1330 1101 1527 1141 Pa1.AC
1563 1100 1707 1142 Ambr.
1737 1101 1851 1154 Aug.

80 1161 188 1203 Flor.
211 1172 234 1199 c
256 1159 351 1202 Zitt.
343 1190 368 1210 .,
393 1159 506 1210 quod
528 1159 686 1212 recepit
706 1158 892 1200 Fischer.
914 1172 955 1199 v.
979 1164 1123 1201 annot.

194 1209 452 1267 εἰδότας]
495 1215 564 1256 Sic
592 1215 719 1256 Coisl.
750 1216 858 1256 Ven.
883 1214 934 1256 H
957 1216 1050 1257 Par.
1074 1213 1199 1256 ACG
1229 1213 1337 1256 F101.
1369 1226 1437 1254 ac
1460 1214 1486 1254 d
1508 1227 1549 1253 m
1588 1219 1628 1254 et
1655 1226 1680 1254 a
1707 1225 1771 1266 pr.
1795 1227 1850 1258 m

81 1274 198 1314 Bodl.
223 1285 248 1312 a
270 1285 353 1313 sec.
378 1285 434 1315 m.
456 1273 561 1315 Tub.
585 1272 694 1316 Flor.
717 1273 756 1313 b.
796 1272 936 1324 Vulgo
962 1264 1159 1319 εἰδότες.

194 1344 229 1371 ω
269 1325 514 1383 Σιμμία]
558 1329 698 1381 Vulgo
730 1343 764 1370 ω
787 1329 845 1370 Σ.
878 1329 1035 1379 deerat,
1067 1328 1182 1379 quod
1210 1327 1356 1381 optimi
1386 1327 1482 1368 libri
1504 1339 1650 1368 omnes
1673 1333 1856 1371 tuentur.

80 1386 185 1427 Dein
208 1385 463 1433 Παντελῶς
484 1386 580 1425 Vat.
604 1385 730 1427 Vind.
743 1385 782 1426 Φ
803 1385 897 1428 Par.
921 1385 955 1426 G
975 1386 1118 1427 Ambr.
1140 1384 1249 1427 Flor.
1274 1384 1301 1424 d
1324 1391 1364 1424 et
1385 1384 1427 1424 in
1450 1396 1582 1436 marg.
1606 1384 1725 1425 Bodl.

191 1444 239 1486 E.
269 1439 401 1495 περὶ
422 1440 619 1495 ταῦτα]
644 1442 752 1482 Male
774 1454 870 1482 cum
891 1441 1011 1483 Bodl.
1034 1454 1099 1494 pr.
1111 1454 1165 1480 m.
1186 1441 1241 1480 al.
1263 1447 1364 1484 vett
1390 1441 1507 1483 editt
1533 1432 1674 1494 αὕτα,
1698 1441 1812 1492 quod
1834 1453 1856 1479 e

74 1556 178 1632 Mox
199 1568 304 1599 corr.
327 1554 446 1596 Bodl.
469 1545 526 1603 ἃς
547 1548 668 1596 τότε.

79 1695 195 1732 ωςτε
215 1674 482 1749 αναγκαῖον
499 1703 548 1710 -
572 1676 662 1735 πρὸ
685 1680 769 1723 τοῦ
793 1678 923 1737 γενέ-

81 1740 202 1782 σθαι
234 1733 500 1793 εἰληφέναι.
543 1739 735 1779 Alterum
766 1745 920 1787 autem,

82 1797 196 1848 quod
216 1808 294 1836 nec
314 1795 402 1836 nati
427 1795 543 1835 illam
566 1795 784 1836 scientiam
804 1797 924 1836 amit-

78 1862 216 1895 tamus
261 1852 347 1893 nisi
386 1852 598 1892 oblivione
636 1852 816 1903 quadam
855 1853 920 1892 in-

78 1916 271 1964 gruente,
311 1908 356 1949 id
390 1921 490 1950 vero
522 1908 601 1949 hac
633 1910 923 1949 enuntiatione

80 1967 251 2008 uberius
293 1965 488 2019 explicat.
568 1965 674 2006 Nam
716 1966 923 2007 sententia

17 2046 25 2054 ⁸
78 2025 306 2065 verborum
327 2022 432 2062 haec
454 2029 536 2064 OStss
568 2023 638 2062 AC
668 2035 920 2062 necessa·

77 2082 212 2121 rium
275 2079 437 2119 etiam
497 2086 596 2131 est,
668 2085 720 2119 ut
786 2079 922 2119 illam

79 2136 362 2178 scientiam
403 2142 451 2174 et
490 2136 542 2175 in
583 2141 699 2176 ortu
740 2143 922 2176 nostro

79 2205 285 2246 semper
342 2181 669 2231 retiffeamus
731 2199 779 2231 et
832 2204 924 2257 per

79 2257 243 2291 totam
270 2248 434 2289 vitam
466 2256 765 2296 teneamus,
796 2249 922 2299 nisi,

80 2312 360 2370 postquam
401 2304 546 2344 illam
593 2305 922 2358 accepimus,

80 2374 285 2416 semper
327 2359 628 2413 (jedesmal)
691 2362 923 2402 eiusdem

81 2419 240 2462 obliti
280 2430 481 2469 sumus,
523 2417 565 2458 11.
589 2430 624 2459 e.
659 2419 739 2458 nisi
771 2418 924 2458 deinde

82 2477 222 2528 aliquo
272 2482 462 2527 tempore
511 2486 587 2514 nos
627 2475 782 2515 invasit
832 2476 923 2516 eius

83 2532 252 2574 oblivio.
292 2531 458 2571 Etenim
497 2527 712 2572 113313εεί
748 2527 836 2585 μέν
873 2544 924 2596 γε

85 2582 310 2642 λαβόντες
350 2579 572 2629 ἑκάστοτε
611 2580 675 2641 μὴ
710 2581 925 2641 ἐπιλελή-

82 2645 278 2710 σμεθα
279 2643 390 2684 idem
428 2644 686 2709 significant,
729 2645 842 2696 quod
883 2641 926 2685 εἰ

81 2694 171 2757 πρὸ
195 2698 278 2742 τοῦ
301 2695 543 2767 γενέσθαι
555 2694 823 2754 εἰλήφαμεν
845 2693 927 2742 ου’-

83 2771 188 2811 τως,
218 2748 332 2806 ὧςτε
360 2750 424 2811 μὴ
459 2749 679 2798 ἕκαστοτε
709 2750 925 2811 ἐπιλελῆ-

83 2815 220 2867 σθαι,
249 2814 308 2853 113
327 2820 373 2853 ut
394 2814 615 2867 proximae
642 2814 924 2855 conclusionis

83 2872 289 2912 rationem
319 2870 442 2921 quasi
478 2878 672 2923 repetant
700 2871 925 2911 accedente

83 2934 222 2968 tamen
247 2925 418 2966 notione
439 2926 640 2966 scientiae
656 2926 863 2967 firmitatis
886 2935 926 2967 et

85 2983 361 3025 constantiae.
421 2981 543 3022 Ponit
583 2990 724 3022 autem
773 2984 925 3023 deinde

84 3037 363 3101 philosophus
400 3038 538 3077 amitti
565 3038 750 3078 idearum
780 3041 924 3093 cogni-

85 3098 243 3138 tionem
301 3094 443 3145 utiquc
500 3094 608 3134 intel
667 3097 927 3136 nascendum

86 3153 222 3194 solere
289 3151 468 3201 ideoque
523 3151 738 3191 scientiam
788 3165 926 3192 ierum

87 3221 255 3250 omnem
277 3206 569 3247 recordatione
590 3208 809 3251 contineii.
851 3210 927 3248 Vi-

86 3266 163 3306 des
202 3265 331 3319 igitur
371 3263 471 3302 nihil
520 3264 690 3303 turbare
740 3265 926 3304 ordinem

86 3320 483 3375 argumentationis,
513 3332 636 3371 quem
659 3320 885 3362 Heind01·
898 3321 926 3364 f

87 3378 326 3418 restituisse
354 3377 433 3417 sibi
462 3377 685 3416 videbatur
713 3377 926 3443 corrigen-

88 3434 164 3475 do:
207 3430 290 3474 καὶ
333 3429 376 3474 εἰ
413 3429 499 3498 μέν
526 3445 579 3487 γε
610 3407 850 3497 λαβόντεςο
861 3429 924 3487 μὴ

89 3482 310 3532 ἑκάστοτε
331 3483 602 3544 γιγνόμενοι
625 3482 927 3541 ἐπιλελήσμε-

11 1547 14 1550 ,
79 1500 176 1540 Vat.
205 1499 334 1539 Vind.
359 1499 478 1539 156
505 1499 601 1540 Par.
625 1496 659 1538 G
689 1499 833 1543 Ambr
866 1503 906 1538 et
934 1510 1067 1552 maig.
1109 1497 1230 1539 Bodl.
1275 1504 1521 1541 correctum.
1567 1511 1605 1541 v.
1640 1497 1852 1553 explicatt.

1009 1683 1096 1736 θα,
1131 1677 1322 1747 εἰδότας
1352 1675 1429 1724 αεὶ
1459 1680 1536 1737 γίγ
1511 1681 1717 1737 γνεσθαι
1745 1696 1788 1726 κ,
1815 1696 1853 1724 τ.

1011 1741 1050 1782 λ.
1086 1715 1208 1780 Idem
1248 1740 1312 1780 vir
1352 1740 1502 1780 doctus
1534 1752 1588 1780 ex
1616 1739 1711 1781 cod.
1744 1740 1855 1792 Aug.

1011 1790 1375 1862 ἐπιλελήσμεθα
1405 1796 1590 1837 malebat
1637 1808 1687 1835 ac
1736 1796 1854 1836 dein-

1010 1867 1109 1907 ceps
1132 1842 1365 1900 εἰδότας
1344 1843 1405 1892 οἶν
1416 1851 1698 1916 γίγνεσθαι.
1721 1873 1776 1880 -—-
1795 1851 1857 1891 De

1008 1911 1191 1952 formula
1232 1902 1309 1950 ἀεὶ
1350 1902 1432 1949 δια
1476 1907 1583 1962 βίον
1625 1921 1663 1951 ν.
1698 1909 1855 1948 Hein-

1010 1967 1140 2008 dots.
1183 1966 1238 2006 ad
1277 1965 1318 2005 11
1343 1965 1373 2005 1.
1405 1973 1444 2004 et
1473 1976 1582 2015 quae
1612 1964 1763 2017 collegi
1801 1964 1856 2004 ad

1009 2024 1172 2065 Philcb
1186 2035 1228 2076 p.
1242 2022 1351 2061 2113.
1377 2043 1429 2049 —-
1454 2021 1606 2062 Statim
1626 2020 1852 2074 postSui·

1011 2082 1101 2121 das
1144 2093 1178 2122 s.
1203 2092 1244 2118 V.
1288 2076 1363 2118 εἰδ
1367 2089 1470 2143 ησις
1513 2077 1683 2118 exhibet
1722 2076 1852 2118 haec:

1011 2128 1145 2178 τοῦτ’
1189 2128 1310 2201 εστί,
1352 2128 1404 2175 τὸ
1448 2127 1656 2187 λαβόντα
1694 2154 1750 2161 -—
1789 2127 1853 2188 μὴ

1011 2187 1382 2235 ἀπολωλεκέναι.
1435 2191 1520 2231 Sed
1557 2190 1734 2230 articulo
1770 2203 1854 2231 non

1013 2263 1120 2303 opus
1151 2260 1247 2288 esse
1277 2247 1486 2287 docebunt
1515 2259 1577 2297 ea,
1610 2258 1716 2297 quae
1736 2247 1791 2287 ad
1811 2261 1853 2300 p.

1012 2308 1067 2347 64
1098 2306 1128 2346 C
1168 2305 1478 2345 annotavimus.
1557 2303 1855 2343 Definitionem

1011 2362 1237 2404 oblivionis
1268 2361 1407 2414 paullo
1437 2360 1562 2400 aliam
1590 2360 1735 2400 videas
1756 2359 1853 2399 Phi·

1011 2420 1089 2461 leb.
1121 2432 1163 2472 p.
1196 2419 1251 2458 34
1272 2418 1330 2468 A,
1371 2417 1444 2457 ubi
1471 2416 1597 2470 plura
1624 2417 1677 2456 de
1705 2416 1784 2456 hac
1810 2429 1857 2456 re

1011 2476 1207 2516 diximus.
1252 2473 1451 2541 Sympos.
1481 2486 1524 2527 p
1555 2473 1696 2514 208A
1725 2465 1854 2527 λήθη

1010 2546 1100 2587 γαρ
1139 2525 1398 2584 ἐπιστήμης
1448 2525 1628 2581 ε’ξοδος.
1685 2529 1855 2573 Nemes

1010 2590 1071 2629 De
1105 2594 1188 2628 nat.
1222 2587 1381 2627 homin.
1412 2599 1454 2650 p
1484 2587 1565 2627 202
1607 2586 1672 2628 ed.
1704 2586 1850 2629 Matth.

1013 2639 1141 2699 λήθη
1166 2637 1214 2684 δ’
1239 2636 1336 2684 ἐστὶ
1358 2635 1545 2707 μνήμης
1567 2634 1796 2707 αποβολή.

1068 2703 1115 2744 F.
1151 2714 1277 2747 ταις
1299 2692 1480 2741 αἰσθ
1492 2709 1613 2740 σεσι
1643 2691 1856 2753 χριόμε-

1012 2771 1101 2799 νοι
1123 2753 1258 2823 περὶ
1288 2754 1467 2797 ταῦτα
1514 2755 1738 2808 Perperam
1759 2756 1853 2795 vul-

1011 2827 1064 2868 go
1078 2807 1490 2856 αὗτα.Ριεοῑεοο(1(1.
1503 2811 1855 2864 (1111(13111ταῦτα,

1011 2871 1126 2923 quod
1154 2871 1313 2911 dictum
1343 2875 1406 2910 cst
1434 2867 1683 2916 δεικτικῶς
1712 2869 1766 2909 de
1793 2882 1854 2908 re-

1012 2929 1091 2968 bus
1134 2927 1331 2967 sensibus
1374 2925 1574 2967 subiectis
1621 2939 1699 2966 usu
1742 2926 1856 2977 apud

1011 2985 1228 3024 Platonem
1238 2983 1566 3034 haudquaquam
1586 2981 1854 3033 infrequenti.

1015 3040 1083 3081 Sic
1113 3052 1245 3107 supra
1273 3051 1314 3091 p.
1338 3040 1392 3081 74
1413 3038 1460 3082 C.
1499 3038 1659 3080 Phileb.
1682 3051 1723 3090 p.
1748 3038 1801 3077 58
1823 3037 1855 3076 E

1014 3094 1094 3138 καὶ
1137 3090 1247 3137 οσαι
1289 3092 1488 3149 (τέχναι)
1518 3091 1627 3146 περὶ
1668 3091 1855 3133 ταῦτα

1013 3145 1326 3218 πεπόνηνται.
1386 3150 1565 3193 Phaedr.
1644 3184 1652 3192 .
1695 3151 1778 3190 250
1819 3151 1854 3188 A

1015 3202 1467 3322 3311363313
1484 3199 1651 3317 &2020ss
1667 3203 1854 3315 <5553

1013 3333 1121 3373 quos
1151 3322 1265 3362 locos
1294 3320 1556 3373 comparavit
1584 3317 1851 3359 Heindorf.

1013 3391 1051 3418 v.
1076 3378 1205 3418 etiam
1227 3385 1372 3417 nost1a
1393 3377 1447 3415 ad
1469 3375 1630 3417 Phileb.
1653 3375 1679 3414 l.
1703 3388 1738 3414 c.

1068 3431 1167 3474 καὶ
1206 3431 1341 3486 πρὶν
1381 3427 1687 3496 εἰχομεν]1.
1710 3443 1745 3472 e.
1771 3425 1853 3469 καὶ

1012 3483 1240 3574 πρότερον
1263 3503 1297 3532 3
1322 3486 1405 3530 καὶ
1427 3500 1600 3539 παρος,
1625 3486 1737 3538 quod
1768 3485 1853 3525 sru—
