2158 3718
236 168 340 222 150

232 309 424 379 μυίου;
463 307 637 360 Πάνυ
675 326 756 376 γε.

834 306 1110 375 Διαφέρει
1148 305 1214 358 δέ
1245 325 1327 374 γε,
1365 298 1401 375 ἦ
1441 305 1493 358 δ’
1534 303 1613 374 ὅς,
1652 303 1847 359 οὐδέν·

959 166 1278 210 PLATONIS

1906 304 2009 368 ἕως

233 391 306 447 ἂν
343 389 482 445 ἄλλο
523 388 661 444 ἰδών
687 388 796 444 ἀπὸ
822 390 1026 459 ταύτης
1050 393 1147 459 τῆς
1173 386 1353 455 ὅψεως
1391 388 1527 443 ἄλλο
1570 389 1861 460 ἐννοήσῃς,
1901 393 2010 442 εἴτε

348 550 394 592 C.
430 544 527 598 ἕως
569 539 637 590 ὂὶν
677 539 817 589 ἄλλο
860 541 1016 615 ἰδών]
1060 548 1188 591 Editt.
1213 561 1381 590 omnes.
1420 543 1506 598 ἕως
1536 541 1625 603 γὰρ
1657 541 1717 590 ὂῖν
1739 538 1853 589 ἄλλο
1877 539 2009 589 tam.

234 607 356 650 Bodl.
381 606 479 649 Vat.
510 606 617 648 Tub.
650 601 736 653 ε’ως
765 596 825 646 ‹322›
855 597 970 646 ἄλλο
1010 598 1128 647 ἰδών
1166 605 1323 646 omisso
1363 599 1692 660 7029.Ve11.H
1715 597 1806 659 γὰρ
1837 595 1900 646 ἄν
1927 616 2010 644 non

235 663 442 716 agnoscit
485 663 755 702 Extrusimus
776 654 866 715 γάρ
889 674 979 701 eam
1003 663 1054 702 ob
1076 673 1262 714 causam,
1272 674 1410 730 quam
1433 661 1542 701 inl'ra
1564 662 1893 703 declaravimus.
1913 660 2011 701 Vat.

236 720 344 763 Flor.
367 719 396 760 d
417 719 512 761 Zitt.
536 725 576 758 et
596 730 741 770 margo
763 717 1060 765 Ven.,=.*·‘F101-.
1082 730 1107 757 a
1128 731 1149 759 c
1171 730 1246 771 pro
1270 713 1355 767 ἕως
1377 709 1439 760 σ’ἱν
1458 710 1652 759 habent‘
1634 711 1752 760 όταν
1773 705 1876 771 οὖν,
1901 716 2015 768 quod

236 789 320 817 non
341 776 424 816 iam
444 775 727 829 probaverim.

236 901 467 943 eliminatis
510 901 624 941 nullo
647 900 773 941 modo
809 901 1082 954 intellegitur,

236 971 442 1011 quorsum
478 965 641 1011 spectet
676 958 869 1011 superior
902 958 973 998 illa
1003 958 1084 998 So-

236 1016 363 1056 cratis
385 1014 616 1068 disputatio
639 1014 691 1054 de
709 1015 866 1068 duplici
886 1015 1082 1055 recorda-

235 1072 364 1113 tionis
387 1083 541 1125 genere
570 1083 663 1125 cap.
688 1071 831 1111 XVIII
856 1072 1086 1112 admodum

239 1128 450 1169 subtiliter
469 1128 679 1169 instituta.
723 1128 839 1176 Quae
860 1127 1085 1168 manifesto

239 1197 353 1226 nunc
379 1185 442 1224 ita
470 1185 711 1238 respicitur,
742 1185 893 1224 utiam
914 1185 1085 1225 tandem

237 1242 294 1285 ad
327 1253 415 1281 rem
450 1240 491 1280 in
525 1242 857 1281 controversiam
893 1248 1086 1281 vocatam

237 1297 502 1340 adhibeatur.
529 1296 803 1350 Significatur
824 1298 949 1349 enim,
973 1298 1087 1349 quod

239 1367 343 1396 sane
378 1353 704 1407 significandum
746 1354 835 1402 fuit,
867 1354 922 1394 ad.
949 1354 1087 1407 ipsam

238 1410 544 1452 recordationis
575 1410 659 1451 vim
689 1421 739 1449 ac
767 1418 960 1450 naturam
983 1409 1086 1450 nihil

238 1469 459 1516 interesse,
476 1472 618 1507 utrum
641 1478 689 1506 ea
709 1479 735 1507 a
756 1467 966 1508 similibus
988 1479 1042 1506 an
1063 1479 1088 1506 a

238 1523 521 1565 dissimilibus
557 1523 734 1570 oriatur3
776 1524 945 1564 omnino
977 1524 1088 1570 enim

239 1581 378 1635 ipsam
407 1587 496 1620 tum
516 1579 672 1620 habere
693 1580 845 1629 locum,
874 1593 970 1620 cum
992 1580 1087 1632 quis

239 1638 356 1679 aliud
377 1637 479 1689 quid
508 1637 781 1690 conspicatus
810 1645 953 1677 tamen
974 1637 1089 1677 aliud

240 1694 343 1746 quid
391 1700 533 1734 mente
576 1702 617 1733 et
655 1693 796 1734 animo
838 1694 1087 1748 susceperit,

240 1750 586 1803 quandoquidem
602 1762 670 1790 res
692 1750 1003 1804 adspectabile‘s
1028 1757 1088 1791 at-

241 1820 323 1860 que
349 1807 469 1848 ideas
499 1807 714 1848 diversum
754 1807 955 1857 quiddam
994 1819 1089 1847 esse

243 1863 511 1917 exploratum
532 1862 751 1905 habeatur.
774 1863 966 1915 Denique
987 1876 1087 1904 vero

243 1933 319 1961 nec
359 1920 445 1960 ullo
487 1920 614 1960 modo
651 1920 923 1961 concedimus
964 1921 1091 1960 inter-

241 1977 380 2031 rumpi
418 1984 458 2016 et
493 1977 730 2030 perturbari
756 1976 823 2017 his
853 1977 995 2018 verbis
1025 1989 1090 2016 ar·

240 2033 572 2087 gumentationis
593 2040 796 2085 tenorem,
818 2046 926 2085 quae
946 2034 1089 2087 potius

241 2090 325 2130 illis
357 2089 528 2131 omissis
558 2091 743 2142 graviter
772 2098 886 2131 esset
921 2091 1091 2131 labora-

242 2155 348 2190 tura.
401 2146 477 2186 Est
517 2146 628 2186 enim
668 2147 780 2187 illius
821 2147 925 2187 ratio
967 2147 1089 2191 haec.

242 2203 389 2244 Posuit
428 2203 546 2243 Plato
588 2216 721 2257 supra
760 2217 819 2269 p.
834 2205 941 2246 74A
986 2204 1091 2244 haec

243 2260 351 2301 duo:
373 2259 554 2313 primum
575 2261 744 2310 quidem
767 2253 855 2314 τὴν
877 2253 1091 2315 ἀνάμνη-

242 2327 320 2358 σιν
341 2315 406 2356 vel
432 2328 484 2355 ex
507 2316 717 2357 similibus
739 2317 808 2357 vel
831 2330 884 2358 ex
905 2318 1092 2359 dissimi-

243 2374 353 2414 libus
376 2372 607 2420 exsistere3
632 2373 800 2424 deinde,
826 2375 864 2414 si
887 2386 935 2414 ea
957 2387 1010 2414 ex
1031 2375 1091 2413 si-

243 2429 415 2470 milibus
438 2429 643 2483 exsistat,
677 2431 960 2471 necessarium
983 2443 1090 2479 esse,

244 2492 290 2526 ut
310 2486 533 2537 iudicetur,
558 2499 658 2526 num
680 2499 747 2527 res
770 2489 969 2528 sensibus
991 2500 1092 2540 per-

243 2548 369 2596 cepta
392 2542 666 2583 similitudine
687 2556 792 2593 sua,
819 2545 856 2584 si
878 2544 934 2584 ad
954 2545 1092 2584 ideam

244 2606 525 2652 comparetur,
546 2599 736 2639 nonnihil
753 2600 923 2640 deficiat
944 2613 1090 2641 necne.

246 2655 335 2719 Quo
365 2654 476 2695 facto
507 2656 605 2695 inde
634 2669 679 2719 a,⁸
699 2657 863 2696 verbis·
907 2649 1091 2698 Σκόπει

246 2703 430 2764 ὃή--εἰ
450 2709 603 2752 ταῦτα
622 2703 769 2759 οὕτως
788 2708 884 2766 ἔχει
896 2713 956 2777 (p.
973 2713 1090 2762 74A)

246 2779 333 2806 rem
364 2767 625 2819 propositam
655 2768 711 2807 ita
741 2769 1022 2820 persequitur,
1047 2777 1092 2808 ut

247 2822 444 2875 exemplo
473 2834 499 2861 a
527 2824 702 2875 paribus
723 2825 851 2864 rebus
875 2831 914 2864 et
935 2825 1091 2878 parita—

245 2879 298 2919 tis
334 2878 430 2918 idea
466 2881 641 2932 repetito
678 2880 858 2933 primum
896 2882 1092 2921 ostendat

246 2934 551 2976 recordationis
592 2937 812 2986 rationem,
856 2937 944 2977 sive
987 2950 1034 2977 ca
1066 2951 1090 2976 a

246 2991 454 3033 similibus
492 2992 584 3031 sive
621 3005 646 3032 a
681 2993 956 3033 dissimilibus
1001 3000 1090 3034 orta

247 3049 316 3100 sit,
340 3047 510 3088 omnino
533 3047 643 3089 hanc
666 3061 774 3099 esse,
797 3058 842 3089 ut
862 3063 929 3090 res
954 3051 1088 3091 sensi-

250 3107 326 3147 bus
357 3110 581 3158 perceptae
609 3112 650 3145 et
677 3119 817 3145 rerum
854 3107 1018 3159 specics
1048 3108 1088 3146 in

248 3161 404 3202 animis
428 3162 704 3215 consignatae
724 3163 832 3202 inter
853 3175 898 3202 se
921 3163 1090 3203 differre

249 3218 560 3259 existimandae
599 3220 705 3268 sint,
748 3219 1088 3271 quandoquidem

250 3274 408 3315 alterae
429 3275 513 3315 sint
535 3287 703 3330 semper
724 3276 912 3325 eaedem,
935 3276 1091 3317 alterae

248 3331 374 3372 modo
412 3331 473 3371 sic
510 3333 635 3373 modo
665 3333 783 3373 aliter
818 3341 1091 3386 comparatae

250 3388 486 3430 videantur.
529 3389 601 3430 His
642 3402 742 3431 vero
784 3389 839 3430 ita
881 3390 1089 3455 expositis

249 3457 362 3485 nunc
382 3445 695 3498 subiunguntur
714 3447 865 3486 verba:
897 3439 1091 3488 Οὐκοῦν

251 3493 282 3554 ἢ
302 3477 690 3556 ὁμοίου-Πάνυ
705 3498 791 3557 μὲν
806 3490 914 3554 οὖν;
938 3504 1090 3555 quibus

1170 902 1381 943 indicatur
1411 901 1581 942 omnino
1614 901 1785 951 quidem
1807 901 1896 941 fieri
1918 913 2017 955 pos·

1172 971 1232 1007 se,
1266 965 1312 999 ut
1341 959 1438 999 idea
1467 958 1661 1012 paritatis
1684 971 1706 998 e
1726 959 1853 999 rebus
1875 958 1941 998 vel
1962 958 2019 998 si-

1171 1016 1344 1056 milibus
1376 1016 1443 1054 vel
1480 1015 1754 1056 dissimilibus
1797 1014 2016 1064 exstiterit,

1174 1072 1248 1112 sed
1280 1073 1323 1112 id
1350 1072 1405 1112 ad
1433 1071 1568 1125 ipsius
1599 1071 1904 1112 recordationis
1932 1071 2017 1111 vim

1174 1135 1213 1168 et
1254 1134 1447 1169 naturam
1490 1127 1588 1167 nihil
1628 1127 1810 1179 referre,
1861 1128 2020 1181 quippe

1174 1198 1282 1236 quae
1309 1185 1351 1224 in
1383 1197 1430 1225 eo
1463 1185 1518 1224 sit
1545 1185 1701 1238 posita,
1722 1192 1768 1225 ut
1788 1184 1883 1236 quis
1904 1184 2020 1225 aliud

1175 1242 1275 1293 quid
1303 1243 1575 1293 conspicatus
1606 1241 1724 1282 aliud
1743 1239 1793 1294 (i.
1818 1253 1855 1284 e.
1878 1241 2019 1281 ideam

1175 1311 1198 1338 a
1229 1299 1354 1338 rebus
1391 1296 1624 1351 diversam)
1652 1306 1795 1338 mente
1826 1309 2018 1350 compre·

1173 1354 1353 1395 heusum
1374 1360 1530 1397 teneat.
1563 1355 1751 1408 Apparet
1772 1354 1901 1406 igitur
1921 1361 2019 1407 apte

1174 1413 1302 1454 verba
1330 1410 1398 1450 hic
1429 1411 1680 1465 interposita
1702 1422 1813 1453 esse.
1858 1410 2019 1450 Etenim

1173 1468 1366 1534 pergitur
1393 1468 1477 1508 iam
1500 1468 1598 1508 inde
1619 1481 1644 1508 a
1665 1467 1831 1508 verbis:
1876 1465 1940 1508 Τι’
1965 1461 2020 1508 δὲ

1175 1517 1309 1577 τόδ’;
1332 1525 1387 1565 ad
1407 1524 1599 1575 alterum,
1623 1524 1737 1577 quod
1757 1536 1888 1578 supra
1907 1523 2022 1578 posi-

1175 1590 1263 1622 tum
1286 1555 1387 1633 erat,
1419 1593 1502 1632 quo
1525 1582 1735 1629 statuitur,
1765 1581 1802 1622 si
1823 1580 2019 1621 recorda-

1174 1639 1230 1679 tio
1261 1651 1285 1678 a
1314 1635 1522 1678 similibus
1553 1638 1729 1691 oriatur,
1753 1637 1880 1678 etiam
1899 1649 2025 1690 repu-

1175 1695 1353 1736 tandum
1396 1707 1492 1735 esse
1532 1695 1647 1748 apud
1687 1694 1886 1741 animum,
1922 1706 2023 1734 num

1175 1764 1243 1792 res
1267 1751 1463 1792 sensibus
1482 1759 1708 1805 perceptae
1726 1751 1864 1791 ideam
1881 1750 2024 1803 aequi·

1176 1814 1330 1862 parent
1388 1820 1534 1851 necne.
1596 1807 1840 1850 Ostenditur
1896 1807 2024 1860 igitur

1177 1865 1375 1917 deinceps
1397 1865 1514 1905 ideas
1538 1866 1663 1906 rebus
1687 1877 1783 1905 esse
1802 1871 2023 1917 praestan-

1176 1922 1320 1965 tiores.
1349 1921 1440 1970 Quo
1461 1921 1573 1962 facto
1597 1922 1779 1972 denique
1809 1920 2024 1974 colligitur

1177 1979 1419 2019 necessario
1444 1977 1568 2030 effici,
1596 1984 1639 2018 ut
1658 1979 1744 2017 iam
1765 1983 1863 2018 ante
1883 1989 2024 2017 rerum

1177 2035 1531 2089 adspectabilium
1560 2035 1876 2089 perceptionem
1904 2034 2025 2074 idea·

1178 2105 1271 2132 rum
1305 2092 1493 2132 notitiam
1525 2090 1726 2133 habuisse
1756 2091 2026 2132 existimandi

1178 2161 1329 2192 simus

1237 2256 1338 2311 ἕως
1368 2252 1435 2304 ‹322›
1465 2252 1603 2303 ἄλλο
1635 2254 1776 2305 ἰδών
1795 2258 1872 2316 -]
1897 2260 2026 2312 Nihil,

1178 2320 1329 2370 inquit,
1360 2318 1503 2370 refert,
1534 2326 1676 2359 utrum
1705 2319 1750 2360 id
1778 2318 1858 2359 hoc
1879 2331 1933 2358 an
1953 2319 2024 2359 illo

1178 2376 1304 2416 modo
1333 2375 1420 2418 fiat.
1465 2375 1726 2424 Quamdiu
1756 2373 1807 2429 (i.
1832 2388 1870 2419 e.
1902 2375 2024 2416 dum-

1179 2431 1322 2485 modo)
1345 2433 1479 2472 enim
1501 2433 1642 2473 aliud
1667 2432 1791 2482 quid
1811 2433 2019 2486 conspi-

1179 2498 1332 2530 catus
1383 2495 1600 2542 propter
1648 2489 1786 2530 hunc
1846 2489 2024 2542 ipsum

1179 2546 1495 2599 adspectum
1527 2545 1676 2586 aliud
1705 2546 2027 2598 quidmente

1178 2611 1266 2642 tua
1317 2603 1636 2655 conceperis
1687 2603 1799 2643 sive
1847 2602 2026 2642 simile

1178 2659 1314 2698 illud
1355 2659 1510 2698 alteri
1559 2659 1676 2698 sive
1730 2658 2022 2709 dissimile,

1179 2714 1597 2754 recordationem
1620 2715 1921 2758 exstitisse.
1964 2715 2024 2755 De

1178 2763 1266 2824 γάρ
1287 2770 1330 2809 in
1353 2771 1560 2810 sententia
1577 2772 1851 2824 epexegetica
1873 2772 2024 2812 usitate

1179 2827 1335 2867 omisso
1374 2840 1413 2869 V.
1444 2826 1606 2871 Phileb.
1644 2840 1686 2881 p.
1719 2829 1770 2869 12
1801 2828 1845 2871 E.
1888 2830 1940 2869 31
1973 2828 2021 2872 B.

1176 2885 1231 2923 46
1254 2881 1307 2925 Α.
1347 2883 1399 2924 52
1422 2883 1469 2925 E.
1512 2885 1565 2925 63
1587 2882 1640 2927 Α.
1680 2884 1841 2927 Politic.
1867 2886 1949 2926 257
1973 2884 2019 2928 C.

1177 2940 1328 2982 26813.
1363 2940 1511 2982 2911).
1543 2941 1688 2984 296Ε.
1721 2942 1881 3010 297Αᾶ
1909 2941 2022 2982 Prot.

1177 2998 1258 3037 343
1281 2996 1329 3039 D.
1365 2996 1491 3049 Gmg.
1517 2998 1600 3038 450
1622 2998 1672 3040 A.
1698 2998 1750 3040 al.
1774 2993 1881 3038 De‘'
1856 3011 1942 3046 εως
1963 3011 2024 3038 αν

1178 3061 1319 3093 autem
1343 3053 1400 3092 ita
1422 3062 1628 3107 usmpato
1652 3055 1911 3094 contulisse
1903 3067 2025 3094 iuva-

1179 3109 1407 3177 bitC1at31.
1432 3124 1479 3179 p.
1494 3110 1621 3151 393D
1643 3103 1788 3153 οὐδὲν
1781 3109 2021 3182 πρᾶγμα,

1178 3190 1229 3195 -
1254 3161 1339 3213 ἕως
1369 3157 1428 3207 ἂν
1458 3160 1704 3235 ἐγκρατὴς
1714 3156 1741 3221 ᾖ
1763 3160 1820 3231 ἡ
1816 3167 1957 3209 ουσία
1978 3181 2021 3208 κ.

1177 3237 1215 3265 τ.
1242 3223 1279 3265 λ.
1326 3223 1431 3266 Ibid.
1456 3238 1498 3278 p.
1523 3225 1658 3265 393Ιῦ
1681 3219 1766 3271 ἕως
1790 3213 1850 3265 ἂν
1872 3218 2022 3265 αὐτοῦ

1178 3275 1480 3344 ὃηλουμένῃν
1521 3274 1608 3333 τὴν
1650 3273 1773 3322 ὃύνα
1812 3293 1859 3321 ιν
1901 3273 2023 3321 ἕντι-

1177 3334 1358 3400 θῶμεν,
1411 3329 1573 3389 ὀρθῶς
1625 3331 1722 3390 ἔχει
1773 3293 1926 3378 &nervo
1969 3330 2021 3377 τὸ

1176 3383 1480 3446 ονομα.[1)“ι(]
1506 3406 1548 3446 p.
1562 3394 1704 3434 432b2.
1737 3393 1859 3434 Polit.
1882 3405 1923 3446 p.
1939 3394 2022 3434 293

1178 3448 1277 3488 BD.
1325 3449 1385 3488 De
1414 3449 1517 3502 Rep.
1549 3449 1603 3489 X.
1637 3462 1679 3501 p.
1712 3449 1862 3493 61013.
1910 3449 2018 3490 Xen.

1179 3506 1332 3558 Cyrop.
1356 3506 1409 3549 V.
1433 3508 1474 3559 2,
1500 3507 1566 3546 11.
