2158 3718
768 158 1029 202 PHAEDO
1060 173 1108 214 p.
1129 161 1198 201 86.
1764 147 1865 210 1⁴93

89 307 221 366 νῶς.
306 301 491 372 Ταύτῃ
536 302 748 369 ἔμοιγε,
796 293 831 367 ἦ
882 296 935 350 δ’
976 296 1144 366 ὅςςη
1110 291 1252 366 ἤδη
1293 298 1386 351 καὶ
1424 298 1552 367 περὶ
1599 289 1867 365 ἁρμονίας

47 406 51 409 ’
89 386 169 440 ἄν
203 406 286 451 τις
329 386 423 439 καὶ
469 385 644 454 λύρας
688 402 748 435 τε
785 382 878 435 καὶ
914 385 1136 451 χορδῶν
1173 379 1272 434 τὸν
1309 379 1484 434 αὐτὸν
1528 385 1732 434 τοῦτον
1769 381 1869 434 λό-

90 491 199 540 γον
238 475 410 538 εἴποι,
459 467 534 530 ὥς
567 466 602 537 ἡ
640 466 744 537 μὲν
781 465 1019 536 ἁρμονία
1058 464 1298 533 ἀόρατόν
1335 486 1388 519 τι
1434 466 1527 518 καὶ
1573 462 1868 534 άπίματον

95 555 191 608 καὶ
227 553 517 622 πάγκαλόν
551 570 605 605 τι
641 551 735 604 καὶ
770 550 933 604 θεῖόν
960 551 1114 603 ε’στιν
1141 550 1205 603 ἐν
1241 554 1309 620 τῇ
1346 547 1667 620 ἡρμοσμένῃ
1701 550 1866 619 λύρα,

78 637 238 709 ,αὐτὴ
278 637 329 691 δ’
369 637 403 707 ἡ
442 637 587 706 λύρα
625 636 718 687 καὶ
744 636 805 687 αἱ
836 635 1031 704 χορδαὶ
1058 634 1284 704 στόματά
1308 654 1367 687 τε
1405 634 1498 687 καὶ
1524 634 1869 702 σωματοειδῆ

94 725 190 776 καὶ
237 722 480 787 ξύνθετα
526 722 619 774 καὶ
664 719 846 788 γεώδη
898 719 1155 773 ἐστὶικαὶ
1200 723 1302 772 τοῦ
1348 722 1567 787 θνητοῦ
1606 718 1867 787 ξυγγενῆ.

93 805 327 861 ἐπειδὰν
373 798 479 859 οὖν
527 803 563 874 ἢ
612 804 816 874 κατάξῃ
870 824 953 867 τις
998 802 1099 873 τὴν
1148 803 1328 872 λύραν
1365 802 1401 871 ἢ
1439 803 1666 873 ὃιατέμῃ
1703 801 1739 872 ἢ
1778 803 1868 855 καὶ

94 890 368 962 διαῤῥήξῃ
407 887 503 952 τὰς
540 889 761 959 χορδάς,
803 894 858 941 εἴ
886 909 968 951 τις
1005 889 1395 957 διισχυρίζοιτο
1421 891 1498 957 τῷ
1525 885 1674 958 αὐτῷ
1700 886 1869 957 λόγῳ,

94 973 284 1044 ὥςπερ
333 974 431 1043 σύ,
481 971 555 1036 ὥς
602 972 817 1043 ἀνάγκη
866 975 946 1026 ἔτι
994 969 1137 1025 εἶναι
1181 970 1284 1040 τὴν
1331 970 1607 1042 ἁρμονίαν
1647 972 1870 1040 ἐκείνην

1899 642 1952 683 86

211 1173 314 1226 Cap.
338 1173 538 1215 XXXVI
571 1174 620 1213 E.
652 1162 681 1227 ᾗ
705 1166 774 1226 δὴ
798 1169 964 1227 καί]Ι
963 1172 1058 1212 „ibri
1079 1162 1192 1225 ἤδη.
1236 1170 1428 1212 Correxit
1448 1171 1688 1213 Forstelus.

211 1237 464 1298 ἀόρατόν
486 1241 558 1297 τι]
586 1257 630 1284 τι
654 1256 735 1284 οιιι.
758 1243 884 1284 Coisl.
907 1244 1018 1283 Ven.
1035 1243 1189 1285 APar.
1209 1240 1394 1282 CEHIL
1423 1241 1534 1293 Aug.
1556 1241 1667 1285 Flor.
1688 1243 1869 1285 aheim

97 1301 318 1341 Bekkerus
348 1301 527 1341 alterum
556 1300 662 1340 illud
690 1313 734 1341 τι
756 1308 853 1352 post
872 1292 1119 1354 πάγκαλον
1139 1298 1302 1338 illatum
1323 1297 1441 1337 uncis
1464 1297 1638 1338 seclusit
1658 1305 1875 1351 tamquam

95 1364 359 1410 suspectum
404 1356 490 1398 Sed
510 1357 703 1410 repetitio
726 1356 900 1398 voculae
930 1368 977 1396 eo
1001 1355 1174 1396 defendi
1176 1360 1350 1420 potest,
1380 1354 1494 1405 quod
1515 1354 1598 1395 duo
1622 1355 1873 1395 discernun-

54 1438 57 1440 -
99 1423 168 1454 tur
202 1414 539 1467 praedicatorum
574 1425 752 1477 genera,
789 1405 997 1466 οἷόρατον
1031 1407 1115 1454 καὶ
1159 1403 1411 1474 ασώματον
1446 1419 1486 1450 et
1514 1404 1762 1479 πάγκαλον
1789 1409 1873 1453 καὶ

99 1470 257 1512 θεῖον.
275 1482 340 1535 p.
364 1471 418 1534 93
438 1472 476 1510 Α
506 1462 621 1511 οὐδὲ
650 1463 749 1540 μὴν
773 1471 930 1511 ποιεῖν
959 1483 1004 1509 τι
1027 1463 1140 1509 οὐδέ
1162 1482 1206 1508 τι
1228 1460 1448 1531 πάσχειν.
1488 1480 1531 1519 p.
1556 1469 1635 1508 103
1654 1464 1727 1507 D
1712 1461 1874 1520 ε’τερόν

104 1540 149 1567 τι
169 1520 319 1585 πυρὰς
341 1520 392 1567 τὸ
415 1519 602 1579 θερμὸν
621 1523 703 1567 καὶ
725 1518 885 1579 ἕτερόν
906 1539 951 1567 τι
973 1520 1133 1579 χιόνος
1155 1519 1207 1565 τὸ
1229 1516 1429 1582 ψυχρόν.

209 1596 256 1638 P.
281 1596 348 1637 86.
384 1589 632 1650 σωματα]
658 1597 707 1636 V
733 1594 882 1648 σῶμα.
923 1595 1135 1635 Pluralem
1156 1594 1484 1647 suppeditarunt
1504 1593 1625 1636 Bodl.
1646 1594 1744 1635 Vat.
1768 1595 1872 1637 Tub.

99 1653 208 1693 Ven
232 1651 336 1698 ΞΠ
353 1652 479 1694 Vind.
503 1655 525 1692 1
549 1655 573 1692 2
594 1655 622 1693 4
643 1654 668 1693 5
691 1655 715 1693 6
744 1653 853 1692 Flor.
877 1652 904 1692 d
924 1652 1015 1691 Par.
1039 1650 1074 1691 G
1094 1652 1240 1693 Ambr.
1266 1651 1320 1692 al.
1343 1657 1383 1689 et
1405 1651 1520 1690 editt.
1549 1651 1664 1693 Bass.

39 1764 42 1767 ,
214 1715 470 1773 ξύνθετα
490 1722 613 1774 καί]
638 1723 688 1764 V.
712 1715 925 1774 ξύνθετά
945 1733 995 1762 τε
1016 1720 1115 1762 καί.
1152 1719 1237 1761 Sed
1259 1732 1341 1761 om.
1366 1732 1415 1761 τε
1436 1720 1556 1762 Bodl.
1580 1721 1685 1763 Tub.
1699 1721 1815 1761 Ven.
1828 1721 1878 1763 H

100 1779 226 1820 Vind.
248 1778 286 1819 Φ
315 1778 424 1819 Flor.
447 1780 475 1820 d
504 1780 600 1820 Zitt.
633 1782 744 1832 Aug.
773 1779 846 1818 alii
874 1790 970 1818 cum
1001 1778 1068 1820 ed.
1088 1778 1186 1819 Bas.
1209 1779 1249 1817 2.
1292 1777 1499 1829 Deinceps
1531 1784 1626 1817 vett.
1652 1776 1768 1817 editt.
1790 1775 1874 1819 καὶ

100 1829 200 1877 ἔστι
221 1846 298 1888 pro
321 1827 418 1876 ἐστὶ
439 1835 534 1886 καί,
561 1837 674 1886 quod
694 1835 789 1876 libri
809 1834 979 1888 plurimi
1001 1841 1127 1886 atque
1148 1833 1295 1887 optimi
1316 1833 1582 1874 confirmant.

212 1897 398 1956 πατάξ
408 1901 578 1960 ῃ,]ν3.ι
602 1918 667 1958 pr.
690 1898 951 1958 κατατάξῃ.
988 1905 1084 1944 Vat.
1110 1916 1163 1944 ex
1184 1915 1289 1943 corr.
1311 1895 1539 1956 κατεάξη,
1562 1903 1614 1943 de
1634 1916 1717 1955 qua
1738 1903 1874 1944 forma

99 1973 140 2004 v.
164 1949 330 2013 Taylor.
363 1962 420 2002 ad
447 1961 545 2014 Lys.
578 1974 620 2014 p.
646 1962 726 2002 156
760 1971 799 2001 et
819 1960 1037 2002 Heindorf.
1061 1960 1115 2000 ad
1143 1959 1185 2000 h.
1210 1960 1238 2000 l.
1278 1959 1383 1998 Dein
1406 1965 1507 2001 vett.
1530 1959 1648 2000 editt.
1672 1956 1875 2015 ὃιατέμῃ

97 2013 184 2059 καὶ
215 2011 471 2072 ὃιαρρήξῃ,
502 2019 613 2069 quod
647 2031 669 2057 e
688 2019 795 2060 Ven'.
822 2017 874 2059 H
895 2022 1128 2071 praeeunte
1148 2016 1340 2055 Bekkero
1361 2016 1632 2058 mutavimus
1676 2017 1724 2056 In
1746 2003 1873 2057 CoisI.

99 2075 207 2114 Ven.
230 2075 271 2114 Λ
290 2074 417 2114 Vind.
442 2074 480 2115 Φ
508 2074 602 2115 Par.
627 2073 831 2115 CEGHL
852 2074 995 2114 Ambr.
1030 2074 1140 2125 Aug.
1169 2072 1277 2113 Flor.
1300 2073 1324 2112 b
1346 2084 1369 2110 ο
1389 2072 1416 2111 (1
1435 2084 1476 2110 ιιι
1505 2072 1709 2125 scriptum
1738 2079 1876 2113 exstat

101 2119 357 2184 ὃιατέμῃ’“
325 2144 354 2183 η
378 2125 532 2183 διαρρ.
557 2131 715 2172 omisso
738 2129 835 2171 καί.
858 2131 998 2172 Herm
1023 2142 1119 2169 cum
1141 2128 1263 2169 Bodl.
1288 2129 1499 2179 vulgatam
1524 2136 1678 2171 tuetui.

158 2296 216 2338 Ca
192 2310 262 2350 a.p
303 2297 504 2341 XXXVI
556 2298 607 2339 E.
656 2286 684 2350 ᾐ
736 2290 802 2351 δὴ
847 2293 945 2337 καὶ
1030 2286 1155 2353 ᾧπερ
1196 2296 1465 2336 scribendum
1507 2297 1708 2350 opineris.
1759 2297 1875 2337 Ριί-

99 2347 389 2407 περὶὰρμ.]
412 2353 452 2393 h.
477 2366 514 2397 e.
537 2363 806 2404 quatenus
830 2353 942 2403 quis

100 2411 234 2451 idem
275 2410 409 2450 illud
451 2410 606 2449 etiam
647 2411 706 2450 de
746 2410 860 2462 lyra
890 2431 942 2437 —

101 2467 281 2507 dicere
302 2467 489 2532 possit.

157 2516 488 2576 ἡρμοσμένῃ
530 2515 691 2577 λύρᾳ]
737 2531 800 2562 est
829 2523 944 2574 lyra

101 2578 402 2629 modulata,
466 2580 584 2618 eine
641 2579 945 2631 gestimmte

100 2634 248 2687 Lyra.

158 2690 206 2734 P.
229 2691 297 2734 86.
332 2683 578 2733 ἐπειδὰν
606 2678 708 2732 οὖν
738 2682 768 2745 ἢ
803 2704 950 2732 κατ-

104 2739 210 2800 άξη
247 2745 320 2800 -]
374 2747 485 2786 Haeo
535 2760 670 2797 usque
718 2749 773 2787 ad
822 2749 950 2788 verba

101 2789 215 2856 πρίν
246 2817 292 2844 τι
319 2796 508 2858 ἐκείνην
535 2804 720 2845 παθεῖν
755 2805 944 2857 protasin

103 2861 332 2907 continent,
361 2859 481 2900 cuius
510 2860 712 2912 apodosis
742 2861 821 2901 etsi
849 2860 950 2900 reti-

105 2922 243 2964 cetur,
284 2922 425 2955 tamen
464 2915 639 2956 inferius
680 2917 735 2957 ad
774 2929 948 2957 sensum

105 2971 345 3034 subiicitur·
363 2971 462 3010 inde
503 2983 527 3010 a
566 2973 707 3011 verbis
744 2985 831 3025 ορα
861 2960 947 3014 οὖν

104 3020 223 3079 πρὸς
263 3024 434 3067 τοῦτον
473 3019 557 3068 τὸν
598 3022 736 3082 λόγον
776 3042 820 3068 κ.
843 3043 882 3071 τ.
908 3030 946 3070 λ.

103 3083 164 3123 ita
184 3083 384 3148 quidem,
388 3089 430 3122 ut
452 3083 574 3121 etiam
595 3084 843 3124 verborum:
866 3082 950 3126 καὶ

103 3131 196 3194 γὰρ
218 3127 318 3188 οὖν,
349 3153 384 3180 ω
406 3131 657 3191 Σώκρατες
678 3161 729 3168 —-
751 3130 782 3193 ἢ
802 3153 949 3182 κατα·

106 3194 272 3249 παυθῇ
310 3185 341 3249 ἢ
376 3194 627 3250 κατασαπῇ
668 3207 744 3248 per
778 3196 947 3237 liberio-

107 3264 196 3291 rem
225 3252 439 3303 quandam
470 3252 672 3293 orationis
713 3251 946 3293 conforma-

107 3308 264 3348 tionem
288 3315 328 3348 et
348 3309 468 3360 quasi
490 3305 797 3362 παρενθέτως
817 3310 946 3349 inter-

108 3365 310 3404 iectorum
332 3365 438 3405 ratio
461 3366 654 3405 ducatur

165 3419 235 3477 τῷ
266 3413 416 3477 αὐτῷ
445 3415 610 3475 λόγῳ,
642 3412 820 3473 ὥςπερ
858 3415 943 3475 σύ]

108 3461 224 3517 Cave
243 3489 339 3516 cum
359 3478 604 3518 Forstero
628 3486 667 3517 et
694 3476 945 3518 Fisohero

195 3558 531 3591 PLAT.1³RAB.D

1031 2354 1192 2396 scian.
1215 2352 1372 2395 XVIII.
1393 2365 1436 2418 p.
1460 2354 1568 2394 1195
1597 2355 1877 2419 „Demosthe

1030 2422 1105 2450 nes
1135 2422 1186 2451 εν
1216 2408 1278 2474 τῷ
1312 2405 1476 2472 πρώτῳ
1499 2409 1785 2478 Φιλιππικῷ,
1807 2404 1873 2464 μὴ

1030 2460 1114 2507 τὸν
1136 2451 1286 2506 αὐτὸν
1288 2458 1481 2530 τρόπον
1497 2457 1649 2531 ὥςπερ
1670 2461 1720 2507 οῖ
1737 2457 1877 2508 δικα-

1031 2517 1239 2575 ζόμενοι,
1272 2512 1381 2563 ἀντὶ
1412 2520 1505 2563 τοῦ
1531 2535 1690 2575 ονπερ.
1698 2520 1727 2543 “
1768 2523 1876 2564 Plat.

1029 2579 1159 2642 Legg.
1184 2580 1233 2620 II.
1238 2591 1296 2642 p.
1320 2578 1399 2618 671
1425 2578 1455 2618 C
1483 2576 1655 2620 τοῦτον
1676 2571 1725 2620 δ’
1750 2574 1876 2621 εἶναι

1034 2628 1120 2676 τὸν
1153 2627 1368 2688 πλάστην
1403 2627 1487 2675 τὸν
1524 2627 1685 2687 αυτόν,
1724 2649 1875 2690 ωςπερ

1021 2684 1154 2733 τότε.
1185 2691 1342 2756 Lysid.
1362 2703 1424 2756 p
1445 2692 1527 2733 209
1550 2689 1581 2732 C
1612 2691 1678 2757 τῷ
1698 2691 1877 2756 γείτονι

1032 2736 1110 2801 ἆρ’
1142 2740 1229 2801 οὐχ
1257 2739 1282 2787 ὃ
1313 2739 1458 2794 αὐτὸς
1485 2738 1609 2801 ὅρος,
1640 2761 1790 2800 ωςπερ
1813 2746 1876 2803 τῷ

1033 2803 1203 2858 πατρίς
1232 2803 1342 2845 Xen.
1374 2806 1457 2846 Αιι.
1478 2805 1510 2844 Ι.
1536 2805 1677 2851 10,10
1706 2802 1788 2846 καὶ
1814 2794 1876 2859 ὃῆ

1035 2834 1331 2927 βασιλεύς-
1355 2856 1422 2907 εἰς
1463 2853 1514 2900 τὸ
1558 2853 1674 2901 αὐτὸ
1718 2860 1877 2928 σχῆμα

1032 2913 1318 2981 κατέστησεν
1340 2909 1566 2958 ἐναντίαν
1582 2912 1671 2970 τὴν
1692 2918 1879 2981 φαλαγ-

1035 2986 1112 3027 γα,
1134 2963 1286 3038 ᾧςπερ
1309 2969 1360 3013 τὸ
1378 2971 1563 3025 πρῶτον
1578 2968 1877 3028 μαχούμενος

1037 3022 1213 3082 συνῄει.
1257 3028 1318 3070 Cf.
1361 3029 1632 3072 Heindorf
1678 3030 1732 3069 ad
1770 3029 1812 3071 h.
1844 3029 1872 3070 l

1035 3086 1258 3127 Lobeok.
1309 3085 1363 3125 ad
1402 3085 1558 3138 Phryn.
1601 3098 1646 3138 p.
1685 3087 1769 3125 426
1810 3097 1872 3136 sq.

1034 3142 1230 3194 Reisig.
1260 3141 1315 3181 ad
1345 3140 1476 3194 Soph.
1508 3141 1607 3182 Oed.
1641 3140 1685 3183 C.
1718 3143 1799 3182 903
1837 3148 1877 3180 et

1033 3198 1223 3240 Bremi.
1247 3198 1302 3238 ad
1329 3197 1446 3239 Dem.
1475 3198 1524 3237 de
1557 3197 1701 3240 Chers.
1733 3210 1774 3250 p.
1807 3199 1874 3238 93.

1034 3256 1087 3295 15
1115 3255 1164 3296 R.
1209 3255 1413 3307 Apparat.
1453 3254 1580 3296 critic.
1623 3261 1663 3293 et
1701 3265 1823 3305 exeg.
1852 3265 1877 3292 a

1033 3309 1321 3350 Schaefero
1368 3310 1488 3349 instr.
1531 3310 1576 3351 T.
1620 3310 1650 3351 1.
1692 3322 1734 3362 p
1777 3310 1874 3349 498.

1031 3366 1189 3406 Eodem
1207 3367 1332 3407 modo
1349 3367 1533 3419 positum
1551 3366 1676 3406 etiam
1694 3379 1722 3406 κ
1734 3365 1812 3406 αθ
1822 3357 1875 3404 ά·

1032 3434 1135 3475 περ
1175 3423 1305 3477 Legg
1349 3422 1423 3463 IX.
1464 3434 1505 3474 p.
1538 3421 1699 3473 869D,
1732 3421 1875 3464 ubiv.

1032 3485 1176 3519 annot

1473 3545 1537 3596 13
