2158 3718
363 94 778 150 APOLOGIA
817 93 1222 150 SOCRATIS.
1261 94 1324 146 P.
1366 97 1449 146 26.
1490 94 1570 148 St.
1726 97 1822 147 103

140 244 451 316 ὀρχήστρας
522 249 842 312 πριαμένοις
914 242 1257 314 Σωκράτους
1311 243 1655 308 καταγελᾶν,
1723 240 1823 294 ἐὰν

143 331 511 399 προςποιῆται
557 329 758 381 ἑαυτοῦ
802 325 957 391 εἶναι,
1000 324 1176 389 ἄλλως
1222 346 1278 378 τε
1311 329 1403 379 καὶ
1433 321 1607 388 οὕτως
1631 321 1823 380 ἄτοπα

141 410 298 468 ὄντα.
341 410 463 466 ἀλλ’
516 403 556 464 ὦ
602 409 741 479 πρὸς
783 411 926 474 Διός,
972 407 1181 471 οὑτωσί,
1207 427 1295 463 σοι
1317 411 1459 464 δοκῶ
1488 408 1686 463 οὐδένα
1732 430 1824 463 νο-

138 499 309 565 μίζειν
353 492 500 550 θεὸν
543 491 710 560 εἶναι,·
799 493 877 550 Οὐ
923 501 1105 563 μέντοι
1169 489 1246 564 μά
1294 490 1376 547 Δί’
1389 533 1402 557 ,
1463 491 1586 546 οὐδ’
1653 491 1827 556 ὁπως-

141 584 315 636 τιοῦν.
386 576 653 642 ’Ἀπιστός
696 577 746 644 γ’
803 577 865 648 εἴ,
911 570 951 632 ὦ
987 582 1219 644 Μέλητε,
1264 579 1355 630 καὶ
1403 579 1583 630 ταῦτα
1626 581 1828 648 μέντοι,

144 662 218 728 ὡς
261 666 382 734 ἐμοὶ
426 667 616 727 δοκεῖς,
662 666 866 731 σαυτῷ.
911 666 1028 732 ἐμοὶ
1072 661 1179 733 γὰρ
1227 665 1373 716 δοκεῖ
1412 659 1618 725 οὑτοσί,
1661 653 1701 714 ὦ
1730 657 1828 715 ἄν·

140 752 261 820 δρες
298 747 630 814 Αθηναῖοι,
686 769 833 801 πανυ
877 746 1017 802 εἶναι
1059 742 1321 818 ὑβριστὴς
1364 749 1456 800 καὶ
1501 743 1831 810 ακόλαστος,

141 835 233 887 καὶ
277 831 519 903 ἀτεχνῶς
564 829 665 899 τὴν
710 828 935 906 γραφὴν
980 831 1193 896 ταύτην
1234 827 1391 903 ὕβρει,
1433 833 1539 885 τινὶ
1579 833 1671 885 καὶ
1694 829 1830 886 ἀκο-

143 1054 238 1094 Vat.
276 1052 380 1094 Ven.
414 1053 454 1092 b.
498 1051 628 1093 Vind.
661 1053 700 1095 1.
731 1052 773 1095 4.
802 1052 842 1095 6.
884 1050 1000 1092 [Ἴον.
1034 1050 1074 1090 d.
1107 1066 1149 1104 g.
1183 1049 1222 1091 h.
1257 1052 1355 1092 Par.
1390 1050 1533 1091 DST.
1574 1056 1618 1092 et
1655 1050 1827 1133 quidem

140 1109 391 1153 rectissime.

137 1276 209 1320 51.
241 1274 312 1319 ed.
348 1275 390 1319 1.
458 1276 591 1320 Quod
634 1281 783 1317 contra
825 1282 944 1318 recte

137 1334 326 1374 iudicare
397 1333 569 1375 videtur
635 1334 942 1375 Forsterus

137 1391 375 1432 inauditum
409 1405 507 1433 esse
537 1397 689 1445 putans
719 1393 757 1431 in
790 1391 943 1432 orche-

138 1455 226 1490 stra
275 1449 404 1490 libros
459 1451 631 1491 venales
678 1449 939 1502 prostitisse.

141 1507 284 1547 Locus
318 1519 370 1547 ex
403 1505 465 1546 his
496 1508 634 1547 lucem
673 1521 791 1547 suam
826 1507 941 1546 acci-

138 1564 240 1617 piet.
314 1563 491 1604 Athenis
549 1577 680 1617 quum
739 1565 839 1605 olim
899 1565 939 1604 in

138 1621 320 1662 theatris
351 1621 478 1663 sedes
511 1627 555 1663 et
587 1624 681 1663 loca
717 1635 802 1663 non
835 1634 938 1662 ven-

139 1679 180 1719 di
234 1680 360 1719 solita
408 1685 576 1728 essent,
631 1678 708 1719 sed
757 1679 938 1731 quisque

138 1736 270 1788 gratis
305 1741 502 1788 spectare
534 1738 774 1789 potuisset,
814 1736 937 1777 Peri-

139 1795 227 1834 cles
258 1794 421 1846 primus
452 1795 509 1834 ita
542 1795 752 1845 instituit,
795 1800 839 1835 ut
872 1796 936 1834 lo·-

139 1857 343 1892 carentur
389 1856 432 1892 et
463 1854 774 1893 venderentur:
819 1850 937 1904 quod

139 1908 362 1949 dicebatur
407 1908 521 1949 θὲαν
569 1904 852 1960 ἅπομισθοῦν
894 1913 938 1949 et

139 1965 251 2006 θέαν
290 1960 531 2020 ἀγοράζειν.
582 1981 621 2011 ν.
674 1966 942 2020 Leopard.

141 2023 392 2066 Emendatt.
427 2026 460 2066 l.
488 2025 558 2069 13.
593 2026 689 2066 coll.
726 2024 943 2065 Fische-

139 2094 195 2123 ro
259 2083 301 2122 in
353 2081 483 2124 lndic.
547 2083 600 2124 ad
651 2081 944 2133 Theophrasti

141 2139 426 2180 Characteres
468 2154 501 2180 s.
532 2154 571 2182 ν.
604 2139 703 2180 θέα.
763 2139 942 2180 Vende-

140 2199 294 2238 bantnr
324 2202 469 2238 autem
502 2197 630 2238 sedes
662 2211 684 2237 a
721 2197 943 2238 redemto-

140 2256 256 2295 ribus
301 2252 593 2305 theatrorum,
639 2255 711 2307 qui
749 2256 941 2307 appella-

141 2313 295 2353 bantur
325 2314 390 2352 vel
423 2311 692 2364 θεατρώναι,
740 2314 806 2352 vel
840 2311 945 2350 θεα-

142 2369 377 2422 memmae,
430 2373 495 2410 vel
543 2365 851 2422 ἀρχιτέκτονες,
900 2372 947 2407 nt

141 2441 212 2479 ap.
262 2427 547 2468 Demosth.
596 2429 650 2469 de
699 2440 857 2468 corona
907 2440 949 2479 p.

140 2484 239 2528 234.
271 2484 342 2528 23.
373 2484 425 2526 T.
457 2485 495 2529 Ι.
538 2485 591 2525 cf.
632 2485 947 2526 Casaubon.

140 2542 196 2585 ad
228 2541 514 2596 Theophrast.
541 2541 666 2586 Char.
686 2543 745 2593 2.,
776 2556 828 2583 ac
860 2543 947 2582 sol-

142 2601 350 2641 vebantur
390 2599 483 2641 fere
523 2600 606 2640 bini
650 2601 793 2650 oboli,
837 2604 950 2640 teste

144 2656 434 2698 Demosthene
507 2657 548 2700 d.
611 2658 662 2708 l.‚
734 2656 947 2698 interdum

145 2715 279 2756 etiam
341 2715 532 2768 singulae
596 2713 841 2764 drachmae,
904 2718 951 2754 ut

145 2772 291 2813 docuit
329 2771 633 2815 Casaubon.
678 2774 701 2813 l.
736 2785 801 2824 c.‚
838 2784 950 2824 quo-

144 2842 242 2871 cum
267 2829 464 2871 conferas
485 2842 594 2870 nunc
621 2829 947 2871 Boeckhium

146 2890 172 2928 Ι.
217 2902 252 2929 c.
326 2887 467 2929 Quum
519 2900 622 2928 vero
663 2891 774 2928 teste
816 2887 948 2928 Har-

146 2945 514 2998 pocratione‚
581 2944 750 2985 Suida
812 2958 847 2987 s.
908 2957 946 2986 ν.

145 3000 339 3054 θεωρικά
386 3007 430 3042 et
476 3000 656 3042 Schol.
686 3001 863 3042 Luciani
895 3001 946 3042 ad

147 3059 318 3103 Timon.
370 3059 424 3100 Τ.
464 3060 497 3100 l.
541 3072 581 3112 p.
623 3059 662 3103 6.
719 3060 947 3100 maximum

148 3117 360 3172 pretium,
392 3117 510 3170 quod
541 3118 695 3157 liceret
730 3117 950 3166 constitui,

149 3173 352 3215 drachma
417 3179 561 3223 esset,
625 3187 705 3214 nec
763 3186 948 3226 unquam

149 3237 303 3285 posset
363 3246 387 3272 a
447 3231 765 3274 redemtoribus
819 3233 951 3272 maior

153 3302 318 3330 merces
351 3289 488 3342 exigi,
533 3289 656 3330 facile
687 3289 952 3341 intelligitur,

152 3359 229 3388 cur
261 3347 471 3389 Socrates
503 3347 620 3389 dicat
656 3342 682 3385 ἃ
713 3345 885 3396 ἔξεστιν,
919 3345 957 3386 εἰ

1029 1274 1143 1317 πάνυ
1179 1279 1355 1326 πολλοῦ,
1393 1276 1577 1333 δραχμῆς
1608 1279 1832 1333 πρίασθαι.

1027 1335 1115 1376 Sed
1138 1336 1359 1388 quomodo
1382 1338 1568 1386 tandem,
1601 1336 1733 1390 inquit
1757 1339 1830 1379 ali-

1027 1395 1147 1445 quis,
1191 1394 1260 1435 illa
1292 1394 1445 1446 placita
1478 1393 1828 1448 philosophorum

1027 1450 1069 1491 in
1100 1451 1268 1493 theatro
1314 1457 1547 1504 potuerunt
1590 1452 1829 1505 cognosci?

1029 1507 1092 1547 Ad
1126 1522 1251 1559 quam
1284 1510 1579 1561 quaestionem
1604 1511 1830 1563 responsio

1025 1565 1065 1606 in
1107 1571 1279 1619 promtu
1332 1573 1414 1607 est.
1485 1566 1672 1607 Constat
1717 1569 1828 1609 enim

1025 1631 1177 1675 poetas
1252 1624 1449 1665 scenicos
1509 1637 1829 1677 saepenumero

1024 1680 1375 1733 philosophorum
1420 1681 1627 1732 dogmata
1675 1683 1829 1723 fabulis

1023 1739 1113 1778 suis
1146 1739 1397 1787 inseruisse,
1440 1740 1509 1779 vel
1540 1745 1587 1779 ut
1619 1753 1696 1780 eos
1730 1742 1825 1781 lau-

1023 1795 1204 1846 darent,
1267 1801 1314 1837 ut
1377 1796 1633 1849 Euripides,
1694 1811 1825 1850 quem

1025 1859 1312 1906 Anaxagorae
1363 1855 1518 1907 placita
1560 1854 1600 1894 in
1651 1859 1822 1908 tragoe-

1029 1911 1110 1951 diis
1143 1912 1229 1951 suis
1261 1925 1395 1965 saepe
1420 1911 1617 1964 attigisse
1649 1912 1829 1953 demon-

1027 1969 1180 2009 stravit
1226 1970 1483 2010 Valcken.
1543 1969 1745 2011 Diatribe
1788 1971 1827 2009 in

1026 2026 1201 2077 Fragm.
1247 2026 1393 2078 Eurip.
1434 2041 1473 2079 p.
1505 2027 1560 2070 29
1591 2040 1715 2078 sqq.‚
1760 2029 1829 2067 vel

1026 2088 1074 2123 ut
1122 2083 1484 2136 reprehenderent
1534 2089 1577 2124 et
1623 2085 1829 2135 riderent,

1028 2139 1144 2191 quod
1207 2142 1260 2180 ab
1325 2141 1610 2194 Aristophane
1670 2141 1834 2182 factum

1029 2211 1125 2237 esse
1157 2197 1368 2239 novimus.
1431 2198 1608 2250 Respici
1637 2198 1833 2240 hocloco

1033 2255 1303 2306 potissimum
1337 2255 1392 2295 ad
1426 2255 1674 2308 Euripidem
1708 2270 1760 2298 ex
1779 2269 1832 2296 eo

1034 2312 1202 2352 videtur
1235 2317 1354 2353 recte
1371 2314 1513 2366 colligi
1541 2327 1686 2365 posse,
1717 2314 1831 2365 quod

1036 2369 1101 2410 hic
1134 2370 1338 2422 imprimis
1364 2374 1646 2423 Anaxagorae
1677 2371 1834 2411 doctri-

1037 2440 1131 2467 nam
1167 2427 1221 2467 de
1251 2429 1343 2468 sole
1375 2432 1419 2467 et
1449 2430 1546 2468 luna
1588 2429 1626 2468 in
1659 2441 1829 2468 scenam

1035 2483 1227 2531 induxit,
1276 2485 1331 2525 de
1375 2498 1455 2536 qua
1498 2499 1544 2525 re
1585 2486 1679 2526 vide
1718 2499 1830 2538 quae

1036 2542 1237 2582 dixerunt
1278 2542 1603 2583 Valckenar.
1649 2545 1674 2584 l.
1716 2556 1752 2583 c.
1785 2557 1827 2595 p.

1035 2599 1103 2643 31.
1136 2603 1180 2638 et
1199 2600 1415 2642 Porson.
1437 2599 1489 2641 ad
1514 2601 1661 2652 Eurip.
1681 2601 1828 2642 Orest.

1035 2671 1073 2700 v.
1111 2656 1211 2700 971.
1255 2671 1296 2709 p.
1330 2657 1425 2704 192.
1475 2657 1543 2700 ed.
1585 2658 1702 2712 Lips.
1742 2672 1828 2701 see.

1036 2715 1200 2755 Sensus
1231 2716 1363 2755 totius
1397 2716 1477 2756 loci
1509 2715 1574 2756 hie
1609 2723 1696 2757 est:
1730 2716 1829 2758 Me-

1037 2774 1183 2812 letus
1236 2774 1312 2813 ait
1353 2786 1431 2815 me
1476 2773 1656 2815 Solem
1695 2776 1830 2826 lapi—

1037 2828 1180 2879 dem,
1244 2830 1442 2871 Lunam
1503 2836 1706 2873 terram
1756 2831 1832 2871 di-

1037 2899 1173 2930 cere.
1257 2893 1443 2928 verum
1505 2889 1640 2930 enim
1703 2902 1831 2929 vero

1037 2945 1259 2985 iudices
1311 2949 1495 2986 sciunt
1550 2943 1649 2986 hoc
1709 2959 1833 2987 esse

1035 3002 1398 3056 Anaxagorae
1461 3009 1830 3045 commentum.

1035 3058 1195 3102 Quod
1228 3062 1272 3101 si
1305 3061 1428 3101 mihi
1466 3061 1598 3101 illud
1624 3063 1832 3102 tribue-

1037 3129 1171 3166 rem,
1240 3119 1473 3159 iuvenes
1543 3131 1661 3170 pos
1686 3124 1834 3159 sent

1037 3175 1194 3215 istam
1232 3188 1391 3216 meam
1426 3177 1714 3218 vanitatem
1747 3179 1830 3217 vel

1040 3246 1062 3270 e
1121 3233 1467 3273 scenicorum
1539 3239 1829 3285 poetarum

1040 3288 1244 3330 sabulis
1304 3303 1650 3343 cognoscere
1698 3304 1829 3332 eam«

1041 3358 1161 3398 que,
1196 3352 1248 3388 ut
1280 3360 1372 3401 par
1403 3353 1506 3399 est,
1538 3348 1735 3390 ridere.
