2158 3718
1052 11 1055 19 s
1103 13 1116 29 2.
1139 0 1734 33 22'rie-*mm*7·.31*2,·⁷†*³⁴=”?52··1*s'wnvi-‘r-rwffe1³¹³·
1756 0 1830 27 wi*
1906 0 1911 19 2
1933 0 1935 3 ·
2015 0 2158 24 ν’·τ--ι-τ’

229 140 234 147 ·
348 142 399 157 -
786 104 1047 171 pnfflno
1078 140 1125 184 p.
1155 128 1224 172 65.
1790 125 1888 177 111

126 267 190 322 ἐν
225 271 293 340 τῇ
340 266 556 338 ζητήσει
603 264 882 321 κοινωνὸν
920 265 1467 338 συμπαραλαμβάνῃ;
1516 258 1639 319 οἷον
1675 264 1737 319 τὸ
1775 285 1891 319 τοι-

124 354 256 407 όνδε
301 353 470 422 λέγω·
536 345 646 420 ἀρα
692 354 802 421 ἔχει
849 349 1121 422 ἀλήθειάν
1167 371 1293 405 τινα
1340 349 1466 417 ὄψις
1510 370 1570 405 τε
1615 351 1709 404 καὶ
1754 349 1890 420 ἀκοὴ
1915 364 1946 405 Β

122 447 238 502 τοῖς
282 436 635 510 ἀνθρώποις,
683 436 720 507 ἢ
765 436 831 490 τά
877 457 941 505 γε
987 440 1216 490 τοιαῦτα
1262 436 1356 490 καὶ
1404 437 1462 489 οὗ
1502 436 1725 505 ποιηταὶ
1760 433 1895 506 ἡμῖν

123 520 208 576 ἀεὶ
252 526 600 593 θρυλοῦσιν,
650 520 736 576 ὅτι
783 520 907 576 οὔτ’
945 521 1226 593 ἀκούομεν
1273 520 1498 592 ἀκριβὲς
1544 518 1716 575 οὐδὲν
1761 518 1892 574 οὔτε

121 605 367 679 ὁρῶμεν;
416 610 596 662 καίτοι
649 608 699 660 εἰ
742 600 907 660 αὗται
954 611 1067 661 τῶν
1111 609 1239 678 περὶ
1275 604 1337 661 τὸ
1375 610 1532 676 σῶμα
1570 606 1892 676 αἰσθήσεων

121 690 195 763 μὴ
233 690 481 764 ἀκριβεῖς
519 693 624 746 εἰσι
662 691 801 762 μηδὲ
839 701 1055 762 σαφεῖς,
1096 696 1268 763 σχολῇ
1307 692 1368 745 αἵ
1398 712 1463 760 γε
1488 689 1676 745 ἄλλαι·
1720 695 1893 744 πᾶσαι

119 777 227 848 γάρ
264 795 376 831 που
412 776 630 830 τούτων
669 777 1016 847 φαυλότεραί
1052 779 1208 831 εἰσιν.
1284 775 1321 847 ἤ
1359 791 1448 830 σοι
1485 775 1554 830 οὐ
1592 778 1889 841 ὃοκυύσιν;

121 862 288 916 Πάνυ
331 861 434 933 μὲν
482 855 620 931 οὖν,
670 864 794 932 ἔφη.
871 863 1021 915 Πότε
1059 855 1195 931 οὖν,
1233 854 1270 930 ἦ
1309 860 1365 914 δ’
1403 859 1490 931 ὅς,
1537 859 1571 931 ἡ
1609 858 1758 931 ψυχὴ
1795 866 1893 931 τῆς

120 946 386 1018 ἀληθείας
422 945 673 1012 &auvam
715 943 850 1001 ὅταν
887 946 990 1016 μὲν
1026 944 1132 1016 γὰρ
1170 943 1305 1016 μετά
1341 950 1442 999 τοῦ
1481 945 1731 1015 σώματος
1770 947 1892 1000 ἐπι-

120 1036 276 1103 χειρῇ
313 1053 366 1086 τι
403 1042 654 1101 σκοπεῖν,
695 1033 887 1101 δῆλον,
928 1029 1012 1084 ὅτι
1048 1031 1172 1085 τότε
1210 1030 1542 1094 ἐξαπατᾶται
1567 1029 1666 1084 ὑπ’
1694 1029 1889 1085 αὐτοῦ.

114 1115 320 1186 Ἀληθῆ
368 1116 560 1185 λέγεις.
630 1109 747 1183 Ἆρ’
796 1109 903 1170 οὖν
950 1113 1056 1184 οὐκ
1109 1117 1172 1170 ἐν
1218 1119 1294 1186 τῷ
1339 1119 1686 1186 λογίζεσθαι,
1737 1121 1946 1187 εἵπερρ

118 1220 230 1255 που
276 1199 507 1270 ἄλλοθι,
564 1200 879 1269 κατάδηλον
934 1197 1089 1274 αὐτῇ,
1127 1203 1383 1269 γίγνεταί
1423 1222 1475 1254 τι
1520 1205 1634 1255 τῶν
1682 1199 1890 1268 ὄντων;

118 1287 253 1341 Ναί.
327 1289 614 1355 Λογίζεται
662 1286 726 1339 δέ
768 1286 835 1354 γε’
875 1304 987 1339 που
1031 1285 1155 1340 τότε
1200 1286 1495 1356 κάλλιστα,
1545 1285 1681 1341 ὅταν
1717 1287 1892 1358 μηδὲν

118 1373 335 1427 τούτων
373 1369 550 1441 αὐτὴν
587 1375 912 1441 παραλυπῇ,
950 1371 1085 1441 μήτε
1122 1368 1260 1441 ἀκοὴ
1297 1372 1431 1441 μήτε
1469 1370 1596 1438 ὄψις
1619 1373 1755 1443 μήτε
1792 1371 1892 1427 ἀλ·

230 1531 277 1574 Β.
307 1524 447 1586 ἡμῖν
476 1523 566 1573 ἀεὶ
595 1529 944 1585 θρυλοῦσιν]
978 1531 1097 1572 Hunc
1117 1532 1304 1572 ordinem
1330 1531 1889 1575 Bodl.Vat.Ven.11Tub.

118 1588 211 1629 Par.
243 1588 319 1630 GL
348 1589 459 1629 Flor.
482 1589 510 1629 d
536 1596 719 1631 tuentur.
759 1589 873 1630 Vett.
916 1589 1029 1629 editt.
1072 1601 1163 1629 cum
1205 1589 1298 1630 aliis
1337 1581 1419 1630 ἀεί
1440 1598 1535 1630 ante
1563 1583 1679 1644 ἡμῖν
1709 1596 1891 1644 ponunt,

117 1646 246 1686 vind.
278 1645 316 1687 Φ
346 1654 444 1685 ante
473 1636 546 1687 ότι
578 1646 765 1686 collocat.
809 1648 954 1697 Itaque
982 1646 1108 1685 alicui
1138 1647 1310 1686 voculae
1338 1645 1446 1686 fides
1486 1649 1655 1687 omnino
1693 1655 1892 1700 suspecta

116 1703 270 1756 poterit
297 1704 444 1742 videri.
487 1700 680 1743 Ceterum
709 1715 784 1756 pro
816 1701 1108 1755 θρυλλοῦσιν
1137 1715 1159 1741 e
1187 1702 1308 1744 Bodl.
1341 1711 1379 1742 et
1400 1703 1495 1745 Vat.
1525 1705 1664 1757 recepi
1685 1702 1893 1759 θρυλοῦ-

121 1771 212 1813 σιν,
237 1759 290 1799 de
312 1771 393 1810 qua
416 1760 625 1812 scriptura
647 1773 684 1802 v.
708 1755 885 1799 Bekker.
912 1760 1072 1802 Anecd.
1096 1773 1137 1813 Ρ.
1160 1761 1241 1800 263
1264 1767 1304 1799 et
1324 1759 1431 1799 infra
1453 1759 1506 1800 ad
1527 1774 1567 1814 p.
1594 1763 1674 1801 100
1695 1761 1742 1803 B.

232 1827 300 1871 αι
311 1841 371 1884 γε
395 1821 592 1882 αλλαι]
614 1829 682 1870 Sic
705 1830 796 1870 libri
820 1843 921 1871 mss.
948 1830 1033 1869 fere
1054 1843 1211 1872 omnes.
1252 1830 1367 1870 Vett.
1391 1831 1507 1872 editt.
1529 1843 1583 1885 γε
1605 1826 1660 1872 αἴ
1676 1822 1832 1872 ἄλλαι.

232 1900 278 1941 C.
309 1893 438 1942 τότε
467 1893 774 1955 κάλλιστα]
807 1901 935 1940 vind.
960 1900 998 1942 Φ
1021 1902 1163 1944 Ambr.
1185 1894 1414 1942 κάλλιστα
1444 1896 1565 1943 τότε.
1606 1903 1699 1941 Par.
1724 1901 1758 1942 G
1785 1897 1890 1943 τότε

117 1953 200 1999 καὶ
229 1949 447 2021 μάλιστα.
489 1956 609 1997 Unde
640 1958 732 2007 quis
763 1958 862 1997 olim
895 1959 1097 2010 seriptum
1120 1957 1254 1998 fuisse
1276 1959 1534 2011 suspicetur:
1579 1957 1812 2013 λογίζεται
1836 1956 1889 2000 δέ

118 2009 169 2068 »γέ
191 2027 284 2055 που
304 2007 530 2055 κάλλιστα
552 2007 658 2055 τότε
678 2010 761 2054 καὶ
781 2007 998 2068 μάλιστα.
1042 2014 1126 2055 Sed
1153 2016 1196 2054 in
1227 2015 1398 2066 reliquis
1429 2015 1550 2058 codd.
1581 2017 1741 2056 nullum
1764 2016 1889 2056 huius

116 2070 307 2112 lectionis
328 2071 566 2149 vestigium.

230 2136 415 2195 μηδεν
456 2135 671 2183 τούτων
711 2134 916 2195 αυτήν]
958 2143 1009 2182 V.
1041 2133 1195 2196 αὐτὴν
1225 2136 1404 2184 τούτων
1431 2138 1585 2196 μηδὲν
1619 2143 1762 2185 invitis
1791 2145 1887 2186 Vat.

117 2199 226 2240 Ven.
249 2197 443 2238 Hvind.
469 2197 507 2238 Φ
529 2198 624 2240 Par.
649 2198 682 2239 G
702 2199 848 2238 Ambr.

117 2351 217 2379 num
245 2338 554 2391 honestumque
585 2351 664 2379 non
694 2341 816 2379 modo
838 2339 959 2379 intel-

117 2397 244 2448 legat,
266 2396 342 2437 sed
363 2396 488 2435 etiam
513 2409 706 2449 repressa
730 2397 770 2435 vi
791 2396 956 2449 cupidi-

1045 2333 1184 2394 κωφά
1214 2337 1298 2382 καὶ
1329 2334 1500 2394 τυφλά,
1542 2355 1650 2394 quae
1678 2344 1761 2383 iam
1789 2344 1886 2384 Ku-

1046 2406 1164 2437 ster.
1188 2398 1242 2438 ad
1262 2398 1886 2453 IamblichiVit,Pythagor.32.

116 2454 213 2492 tatis
236 2465 284 2491 ac
311 2453 510 2492 lubidinis
529 2461 769 2493 constanter
791 2454 899 2493 colat
921 2461 961 2493 et

118 2516 325 2558 exerceat,
356 2511 412 2548 ita
436 2518 479 2549 ut
500 2510 601 2550 recti
623 2511 803 2574 benique
826 2511 960 2549 scien-

116 2566 175 2606 tia
214 2574 254 2605 et
280 2565 439 2625 agnitio
471 2568 592 2607 etiam
631 2566 713 2606 vita
753 2567 961 2618 factisque

119 2622 367 2663 declaretur.

174 2673 303 2720 οἷον
333 2671 394 2720 τὸ
425 2673 658 2721 τοιόνδε
689 2672 845 2734 λέγω]
870 2693 957 2719 ve-

117 2736 213 2775 luti
246 2735 340 2776 hoc
371 2737 479 2775 tale
508 2737 635 2777 dico.
682 2737 891 2777 Chaimid.
915 2750 957 2803 p.

118 2793 199 2833 168
221 2792 254 2832 D
276 2788 394 2846 λέγω
416 2787 469 2834 δε
491 2786 543 2834 τὸ
567 2787 770 2847 τοιόνδε,
803 2789 906 2834 οἷον
926 2788 955 2846 ἡ

116 2840 254 2944 ῗῗοονή
261 2849 547 2946 τοΜῖξῗένὸεΓ
551 2850 699 2959 Υλΐεγάο)
691 2863 764 2946 Εἰ
760 2920 784 2945 u
791 2850 863 2959 tffyl
866 2853 957 2960 [1)ὴὲ

117 2973 159 3024 p.
183 2962 236 3001 13
256 2960 288 2999 B
310 2962 465 3001 omisso
496 2963 691 3002 articulo.
733 2959 843 3004 οἷον
864 2977 960 3004 τοι·

118 3010 232 3058 όνὸε
246 3017 419 3069 legitur.

174 3069 301 3115 Β.οἷ
318 3072 560 3127 ποιηταὶ
581 3068 719 3128 ἡμῖν
741 3069 828 3116 ἀεὶ
850 3075 956 3130 θρ]

119 3129 471 3183 Olympiodor.
493 3143 534 3183 p.
558 3133 632 3172 23·
663 3126 864 3185 ποιητὰς
888 3130 958 3174 λε’-

111 3199 226 3258 ,γει
239 3185 572 3253 Παρμενίδην,
617 3180 956 3258 Ἐμπεδοκλέα,

124 3242 418 3311 Επίχαρμον.
478 3234 610 3284 οὗτοι
665 3238 758 3341 ἴὸἀρ
813 3239 902 3286 οὐδ
907 3260 959 3287 εν

119 3292 309 3353 ἀκριβὲς
363 3296 581 3364 λέγουσιν
640 3313 659 3341 ε
685 3299 823 3342 ὁεναι
871 3297 958 3366 τὴν

120 3354 372 3411 αἴσθησιν,
414 3351 636 3423 καθάπερ
670 3350 957 3424 Ἐπίχαρμός

122 3422 262 3478 φησι·
293 3412 406 3479 νοῦς
429 3408 527 3479 ὁρᾷ
541 3411 622 3455 καὶ
645 3412 757 3462 νοῦς
779 3409 956 3456 ἀκούει.

121 3465 179 3512 τὰ
221 3462 270 3512 δ’
301 3462 421 3513 αλλα
460 3464 617 3513 πάντα
656 3471 756 3523 (leg.
788 3460 956 3525 τᾶλλα)

1045 2466 1087 2506 Ρ.
1112 2455 1193 2494 184
1221 2456 1373 2494 attulit.
1423 2455 1481 2494 De
1510 2457 1784 2510 parmenide,
1816 2459 1888 2509 qui

1045 2512 1233 2551 veritatis
1263 2512 1543 2564 cognitionem
1581 2515 1660 2554 soli
1689 2515 1819 2554 menti
1849 2523 1889 2554 et

1046 2568 1198 2607 rationi
1226 2569 1390 2615 tribuit,
1421 2571 1614 2610 sensibus
1645 2583 1769 2610 omne
1799 2571 1888 2610 veri

1046 2625 1247 2665 iudicium
1271 2626 1435 2679 eripuit,
1460 2638 1500 2665 v,
1524 2626 1640 2668 Sext.
1663 2628 1887 2681 EmpNss.

1047 2683 1144 2722 111.
1192 2681 1312 2734 Diog.
1355 2681 1490 2723 Laert.
1541 2683 1613 2724 IX.
1655 2686 1708 2725 27
1748 2685 1888 2736 ibique

1043 2737 1208 2791 Menag.
1242 2739 1376 2779 Procl.
1416 2740 1459 2778 in
1496 2741 1602 2780 Tim.
1634 2743 1684 2781 II.
1716 2754 1758 2794 p.
1793 2743 1888 2782 105.

1045 2795 1139 2834 coll.
1162 2796 1383 2836 Brandis
1408 2796 1886 2840 CommentattAEleatic.

1045 2864 1086 2904 p.
1121 2853 1201 2893 148
1224 2865 1315 2904 sqq.
1357 2853 1417 2892 De
1447 2854 1701 2907 Empedoele
1732 2868 1769 2894 v.
1803 2855 1886 2896 Cic.

1045 2911 1228 2950 Ae.11.5
1251 2909 1391 2959 ibique
1412 2909 1583 2954 Davis.
1607 2911 1666 2951 De
1691 2911 1888 2965 Epichar—

1046 2977 1153 3016 mo„
1177 2966 1246 3005 eui
1273 2966 1488 3006 Platonem
1525 2968 1705 3020 plurima
1733 2968 1886 3007 debere

1046 3030 1236 3074 narrant,
1280 3036 1319 3064 V.
1361 3023 1483 3077 Diog.
1524 3025 1659 3063 Laert.
1702 3026 1776 3064 Ill.
1819 3026 1884 3064 12.

1043 3078 1371 3132 Peerlkamp.
1392 3080 1497 3120 Bibl.
1512 3081 1612 3121 Crit.
1624 3081 1728 3123 Nov
1747 3080 1886 3132 Lugd.

1045 3135 1134 3177 Bat.
1168 3136 1290 3179 1828.
1320 3137 1416 3178 Vol.
1448 3137 1520 3180 IV.
1550 3150 1593 3190 p.
1618 3139 1694 3178 151
1722 3150 1773 3176 ex
1794 3137 1884 3176 Pla-

1044 3192 1152 3232 tonis
1181 3193 1322 3232 verbis
1351 3193 1589 3260 Epicharmi
1628 3193 1883 3233 trochaicum

1046 3249 1150 3287 eruit
1177 3248 1336 3288 huuce:
1379 3241 1500 3291 Ουτ’
1540 3242 1779 3315 ἀκούομεν
1804 3263 1884 3290 ου-

1046 3299 1128 3345 δὲν
1169 3297 1358 3359 ἀκριβὲς
1390 3297 1509 3347 οὔθ’
1539 3300 1721 3359 ὁρῶμεν
1750 3299 1882 3359 ἀκρι-

1046 3356 1137 3414 βές.
1181 3361 1256 3401 Cui
1286 3364 1517 3403 subiectam
1539 3363 1671 3403 fuisse
1692 3364 1879 3415 suspica-

1044 3427 1110 3457 tui
1150 3418 1332 3458 nobilem
1362 3419 1475 3459 illam
1505 3420 1692 3459 eiusdem
1728 3422 1883 3472 poetae

1045 3475 1314 3515 sententiam:
1359 3474 1492 3524 Νοῦς
1533 3470 1616 3530 ὁρῇ
1657 3473 1738 3517 καὶ
1771 3473 1883 3524 νοῦς
