2222 3762
369 176 630 237 XXXIV

373 321 609 393 optimae
647 315 906 382 civitatis,
945 310 1092 381 quod
1131 307 1342 361 civibus
1380 319 1384 346 ῐ
1417 309 1761 374 reposuerat,
1795 319 1902 354 non
1941 298 2066 351 atti·

374 391 790 464 git,‚plurimum
815 403 1014 457 operae
1040 376 1332 435 collocavit
1355 325 1419 431 ἕ
1454 372 1830 447 describendis
1869 369 2069 424 officiis

377 474 432 525 eit
453 461 766 517 muneribus
783 456 1200 528 magistratuum
1211 457 1382 518 atque
1391 447 1737 501 institutione
1758 460 2068 516 puerorum.

376 534 615 593 Videtur
644 538 831 591 ¹autem
860 527 1049 593 Plato,
1091 540 1261 592 quum
1294 520 1465 574 libros
1503 517 1570 571 de
1617 517 1833 588 legibus
1891 511 2095 566 consi··

377 611 590 679 gnaret,
619 605 675 657 in
698 601 875 655 animo
912 596 1169 650 habuisse
1208 590 1495 646 consilium
1529 589 1667 642 alius
1705 587 1867 640 etiam
1904 583 2094 654 scrip&

376 677 542 732 tionis
580 669 1007 743 componendae,
1034 685 1142 735 qua
1177 662 1483 729 doceretur,
1508 680 1647 729 quae
1686 666 1834 712 esset
1869 655 2077 727 optima

379 749 661 804 civitatum
699 738 1158 796 emendandarum
1196 734 1337 787 ratio
1362 752 1471 803 :pro
1511 731 1660 784 varia
1689 738 1995 800 temporum
2020 732 2078 778 et

378 822 620 875 locorum
663 813 994 870 conditione·
1014 810 1083 878 ²¹⁸).
1161 805 1339 873 Quem
1363 803 1762 856 tamen'librum
1788 797 2078 869 quominus

380 892 468 946 vel
517 888 804 942 inchoaret
853 883 939 936 vel
987 878 1339 943 absolveret,
1390 873 1686 930 senectutis
1731 868 2079 924 imbecillitas

383 970 476 1016 aut
525 978 671 1014 mors
712 954 1008 1028 prohibuit.
1087 949 1244 1004 Obiit
1283 955 1466 1001 autem
1505 944 1731 1017 Olymp.
1772 940 1987 995 CVIII.
2031 941 2078 990 1.

385 1034 590 1097 a5348.
631 1051 679 1084 a.
721 1027 852 1082 Chr.
904 1045 957 1078 n.
996 1042 1139 1081 auno
1177 1020 1373 1074 aetatis
1414 1016 1750 1088 octogesimo
1788 1013 1963 1095 primo
1979 1010 2081 1079 ⁸²⁸).

525 1103 604 1157 Et
638 1101 775 1156 haec
810 1096 1030 1169 quidem
1067 1105 1225 1160 sunt,
1266 1109 1405 1161 quae
1445 1089 1512 1142 de
1548 1088 1663 1141 vita
1698 1084 1870 1139 divini
1902 1080 2082 1154 philo-

386 1175 549 1248 sophi
586 1173 674 1227 vel
709 1169 1000 1225 memoriae
1039 1172 1168 1220 sunt
1219 1162 1438 1234 prodita
1473 1158 1564 1214 vel
1602 1178 1671 1211 ex
1710 1155 1927 1226 scriptis
1966 1153 2084 1205 eius

385 1246 658 1320 probabili
696 1243 1009 1297 coniectura
1046 1235 1232 1307 colligi
1259 1239 1507 1305 possunt.
1583 1229 1742 1297 Quae
1771 1226 1952 1281 omnia
1990 1223 2087 1294 qui

386 1340 496 1375 uno
553 1316 708 1389 quasi
760 1315 956 1368 obtutu
995 1305 1496 1371 consideraverint,
1537 1302 1590 1355 ii'
1612 1310 1724 1354 tam
1762 1298 1830 1351 de
1864 1297 1968 1350 viri
2002 1296 2086 1348 in-

387 1391 577 1463 geniO,
618 1407 782 1458 quam
811 1383 898 1437 -de
947 1382 1065 1435 eius
1113 1376 1463 1451 philosophia
1511 1382 1567 1427 et
1616 1371 1835 1442 scriptis
1886 1367 2089 1421 rectius

388 1462 746 1527 iudicabunt,
788 1475 951 1525 quam
997 1451 1119 1506 fieri
1166 1450 1332 1522 vulgo
1380 1447 1539 1501 solet.
1615 1437 2090 1512 Quemadmodum

391 1535 536 1590 enim
583 1528 840 1586 audiendi
886 1545 997 1579 non
1047 1530 1177 1577 sunt
1223 1521 1318 1592 qui
1353 1519 1638 1573 Platonem
1677 1509 2091 1586 singulasdoc-

391 1607 567 1660 trinae
606 1622 738 1658 suae
792 1605 976 1671 partes
1016 1615 1084 1649 ex
1120 1594 1349 1647 aliorum
1386 1587 1838 1661 philosophorum
1870 1580 2091 1654 placitis

393 1677 697 1748 collegisse
722 1672 1072 1734 dictitarnnt,
1110 1667 1188 1719 ita
1227 1665 1390 1718 etiam
1426 1658 1774 1715 reiiciendam
1810 1669 2095 1709 censemus

394 1750 707 1821 opinionem
745 1761 964 1808 eorum,
1006 1738 1101 1808 qui
1146 1737 1298 1790 illum
1355 1731 1752 1789 contenderunt
1789 1726 1927 1782 solis·
1955 1722 2097 1777 ideis

397 1820 554 1893 quasi
592 1817 835 1872 deditum
885 1819 938 1866 et
973 1817 1186 1864 tantum
1222 1827 1334 1862 non
1373 1810 1752 1860 consecratum
1787 1798 1956 1852 fuisse
1971 1794 2096 1864 {ab

397 1893 543 1947 omni
594 1908 776 1945 rerum
817 1886 1176 1939 human-arum
1212 1877 1564 1933 meditatione
1601 1879 1870 1927 remotum
1906 1876 1963 1921 et
2000 1865 2099 1919 ali-

398 1984 576 2019 enum.
650 1958 874 2014 Etenim
910 1962 1028 2009 tota
1048 1951 1296 2007 Platonis
1337 1947 1606 2020 sapientia
1631 1941 1920 2016 paullatim
1942 1937 2100 2008 quasi

398 2044 526 2090 nata
563 2042 648 2088 est
684 2051 752 2085 ex
785 2028 1000 2087 aetatis,
1036 2044 1144 2095 qua
1178 2023 1300 2094 ipse
1334 2020 1487 2087 vixit,
1519 2015 1807 2082 institutis,
1834 2009 2097 2076 moribuS,

401 2105 770 2180 opinionibuS,
822 2098 1061 2166 iudiciis,
1102 2094 1396 2149 adiuvante
1434 2097 1658 2144 naturae
1697 2085 1962 2150 bonitate,
1990 2098 2102 2151 qua

403 2177 658 2232 excelluit
693 2170 1090 2246 philosophuS,
1129 2175 1192 2220 ut
1242 2164 1362 2219 fieri
1408 2182 1520 2216 non
1554 2157 1823 2233 potuerit,
1864 2153 1995 2225 quin
2031 2149 2104 2204 ad

404 2249 594 2304 eadem
643 2248 806 2301 etiam
859 2243 1179 2307 referretur,
1234 2234 1556 2307 praesertim
1607 2249 1774 2300 quum
1821 2222 2107 2280 accederet

404 2342 586 2375 rerum
633 2336 770 2373 usus
809 2335 877 2369 ex
915 2312 1193 2368 hominum
1232 2307 1524 2361 multorum
1562 2297 1956 2357 consuetudine
1994 2293 2108 2347 col·-

406 2395 598 2447 lectus.
689 2389 875 2456 Quum
938 2391 1120 2436 autem
1187 2378 1522 2432 indefessum
1568 2371 1816 2430 veritatis
1863 2364 2108 2422 studium

408 2461 799 2535 philosophum
835 2454 1161 2525 impulisset,
1187 2457 1249 2503 ut
1287 2447 1629 2517 superiorum
1655 2437 2109 2514 philosophorum

412 2535 615 2605 placita
677 2526 1102 2602 pervestigaret,
1155 2525 1545 2591 cognosceret,
1603 2513 1940 2585 exploraret,
1991 2515 2110 2561 tum

410 2605 618 2676 ingenii
653 2603 827 2656 virtus
867 2605 921 2649 et
958 2592 1293 2665 praestantia
1344 2589 1554 2654 effecit,
1593 2594 1656 2639 ut
1690 2601 1868 2653 neque
1906 2589 2110 2633 temere

411 2678 518 2731 illis
572 2673 976 2744 acquiesceret,
1030 2673 1087 2718 et
1130 2662 1412 2735 paullatim
1467 2658 1537 2712 ad
1587 2676 1706 2710 eam
1753 2650 2113 2708 contenderet

413 2745 793 2820 philosophiae
830 2737 1213 2822 perfectionem
1265 2741 1319 2786 et
1365 2728 1770 2795 excellentiam,
1811 2742 1951 2796 quae
2001 2740 2112 2775 non

417 2819 594 2873 solum
633 2811 979 2885 aequalibUS,
1019 2806 1118 2863 sed
1154 2806 1319 2860 etiam
1365 2802 1598 2874 posteris
1648 2798 1839 2853 merito
1873 2795 1994 2850 visa
2030 2806 2116 2846 est

417 2907 644 2963 prorsus
683 2882 979 2956 singularis
1018 2887 1073 2934 et
1109 2896 1281 2949 paene
1320 2874 1519 2928 divina.

563 2961 679 3013 Iam
733 2974 862 3010 vero
914 2957 1236 3022 reputantes
1281 2947 1490 3014 anim0,
1545 2942 1720 3014 qualis
1769 2937 1936 2994 fuerit
1968 2935 2114 2990 vitae

421 3050 646 3100 cursuS,
686 3046 846 3100 quem
884 3021 1245 3097 philosophus
1282 3035 1532 3073 emensus
1571 3022 1680 3079 est3
1718 3029 1880 3085 porro
1917 3006 2115 3077 quibus

479 3284 528 3339 *)
558 3282 616 3323 V.
646 3280 888 3333 Dilthey
917 3278 966 3319 in
995 3276 1213 3318 Examine
1236 3273 1566 3315 Platonicorum
1595 3270 1807 3310 librorum
1837 3265 1892 3306 de
1924 3261 2120 3314 Legibus

543 3339 659 3396 p.10
688 3351 770 3392 sq„
806 3338 881 3392 qui
912 3337 996 3377 hoc
1027 3334 1121 3376 veri
1154 3332 1355 3374 similiter
1385 3331 1564 3382 collegit
1579 3341 1633 3369 ex
1650 3327 1750 3368 loco
1781 3323 1882 3364 libri
1904 3318 2120 3372 v.p.739.

458 3428 530 3484 *‘¹)
563 3425 620 3468 V.
649 3425 873 3467 Cei-sin.
907 3423 943 3466 1.
974 3435 1003 3463 e.
1041 3435 1082 3474 p.
1114 3420 1184 3463 37.
1216 3418 1388 3460 Cicer.
1421 3415 1516 3457 Cat.
1547 3415 1650 3456 mai.
1680 3426 1717 3456 c.
1747 3411 1788 3453 5.
