2158 3718
757 125 1020 168 ΡΗΑΕῡο
1053 140 1098 181 p.
1131 128 1227 168 107.

1765 125 1871 177 269

51 270 53 272 ’
83 269 309 337 λέγεται
346 267 410 322 δὲ
446 264 652 334 οὕτως,
693 262 767 328 ὥς
803 261 913 333 ἄρα
949 263 1360 333 τελευτήσαντα
1397 263 1635 316 ἕκαστον
1673 261 1702 316 ὁ
1742 261 1871 316 ἑκά-

82 366 229 406 στου
265 352 502 420 δαίμων,
542 348 711 419 ὅςπερ
749 351 927 415 ζωντα
965 347 1190 418 εἰλήχει,
1229 340 1395 410 οὗτος
1419 345 1578 415 ἄγειν
1605 347 1875 416 ἐπιχειρεῖ

7 476 10 479 -
85 436 171 499 εἰς
219 435 290 505 δή
339 454 467 488 τινα
510 432 715 501 τόπον,
756 425 816 486 οἷ
847 433 939 486 δεῖ
969 430 1102 495 τούς
1139 431 1504 499 ξυλλεγέντας
1541 431 1871 484 διαδικασα-

83 518 296 588 μένους
332 519 412 582 εἰς
432 517 638 571 “”Ἀιδου.
667 517 1015 587 πορεύεσθαι
1050 536 1186 587 μετα
1223 514 1498 586 ἡγεμόνος
1536 516 1788 583 ἐκείνου,
1828 506 1873 585 ᾧ

89 600 159 672 δὴ
195 602 592 672 προςνέτακται
628 599 761 664 τούς
801 602 1038 656 ἐνθένδε
1077 602 1259 656 ἐκεῖσε
1295 604 1589 670 πορεῦσαι.

1665 599 1870 668 τυχόν-
1900 607 1932 647 Ε

81 706 186 749 τας
222 684 278 738 δ’
318 686 438 740 ἐκεῖ
471 679 552 740 ὦν
591 688 681 739 δεῖ
711 695 903 755 τυχεῖν
942 680 1035 739 καὶ
1071 689 1369 755 μείναντας
1415 681 1485 738 ὃν
1522 681 1625 755 χρὴ
1663 682 1873 754 χρόνον

5 800 7 803 ·
82 769 258 832 ἄλλος
305 771 476 840 δεῦρο
524 771 695 824 πάλιν
740 768 968 840 ἡγεμών,
1010 772 1217 839 κομίζει
1266 771 1329 822 ἐν
1374 772 1608 831 πολλαῖς
1661 767 1872 838 χρόνου

81 854 182 906 καὶ
218 863 458 923 μακραῖς
496 854 798 924 περιόδοις.

876 857 993 908 ἔστι
1031 854 1093 908 δὲ
1132 852 1242 924 ἄρα
1279 852 1312 923 ἡ
1351 856 1551 924 πορεία
1589 851 1692 922 οὐχ
1729 850 1804 915 ὠς
1842 848 1871 904 ὁ

83 937 380 1006 Αἰσχύλου
426 938 681 1008 Τήλεφος
717 939 893 1006 λέγει·
947 938 1162 1001 ἐκεῖνος
1197 938 1306 1007 μὲν,
1338 937 1446 1007 γὰρ
1486 934 1672 1006 ἁπλῆν
1709 932 1873 1005 οῖμόν
1891 945 1992 984 108.

201 1090 263 1135 οἷ
280 1093 399 1147 δεῖ]
421 1082 479 1135 οὗ
503 1089 567 1148 δή
587 1096 683 1136 Par.
705 1095 752 1138 L.
796 1094 896 1135 Mox
916 1087 1027 1143 τούς
1050 1087 1234 1136 ἐνθάδε
1254 1096 1361 1134 Ven.
1386 1096 1427 1135 Δ
1446 1095 1540 1137 Par.
1565 1093 1670 1137 HIL
1689 1094 1836 1135 Ambr.

199 1164 249 1207 E.
281 1157 408 1211 ἐκεῖ
424 1152 499 1206 ὧν
520 1162 629 1217 δεῖ]
654 1159 850 1218 ἐκείνων
871 1165 989 1208 Bodl.
1014 1165 1141 1206 Coisl.
1164 1165 1261 1204 Vat.
1283 1165 1393 1205 Ven.
1417 1164 1469 1204 H
1484 1164 1556 1204 alii
1578 1163 1697 1203 multi
1734 1175 1873 1203 errore

82 1358 204 1413 quod
225 1373 278 1400 ex
293 1361 534 1413 cognitione
549 1374 691 1402 rerum
709 1370 779 1402 et
765 1362 934 1416 sapien-

5 1425 17 1467 J
87 1419 146 1457 tia
167 1417 372 1459 hauritur.

143 1472 195 1512 D.
242 1469 472 1526 λέγεται
515 1469 575 1515 δε
616 1486 822 1523 ουτως,
865 1488 937 1522 ως

84 1519 218 1593 ofpoe]
242 1529 391 1569 Narrat
415 1529 828 1583 Olympiodorus
850 1540 932 1570 tei

85 1585 189 1625 tiam
228 1584 355 1625 huius
392 1586 558 1650 dialogi
594 1595 758 1640 partem
795 1588 939 1626 vocari

84 1640 309 1694 νεκυίαν,
340 1654 422 1691 quo
450 1644 619 1682 nomine
642 1646 820 1684 constat
839 1643 938 1682 rha-
951 1685 959 1692 .

86 1698 346 1751 psodiam-Jl
375 1697 593 1751 Odysseae
614 1700 861 1739 Homericae
882 1700 935 1740 ab

85 1754 304 1794 veteribus
341 1755 496 1795 dictam
534 1760 661 1798 esse(
689 1756 884 1796 Valeke
898 1769 934 1797 n.

87 1810 143 1850 ad
171 1810 268 1850 Her.
291 1811 344 1854 II.
366 1824 409 1864 p.
434 1813 528 1854 157.
571 1812 759 1852 Platonis
794 1818 961 1853 autem·

84 1878 183 1906 cum
211 1873 298 1907 tres
326 1869 411 1911 sint
440 1871 631 1909 νεκυῖαι
662 1881 696 1909 5.
720 1868 937 1909 fabulae

85 1922 150 1962 de
186 1923 381 1964 inferis
425 1925 469 1963 in
499 1924 750 1971 Phaedone,
782 1923 936 1976 Gorgia

87 1991 130 2031 p.
154 1979 236 2021 523
253 1992 368 2031 sqq.‚
393 1980 445 2020 de
465 1981 699 2034 Republica
720 1981 774 2021 X.
793 1995 836 2034 p.
854 1982 938 2020 614

86 2035 368 2087 singulaeque
392 2037 574 2089 singulis
594 2038 778 2078 invicem
801 2038 936 2076 lucem

84 2090 319 2142 effundant,
345 2104 494 2133 omnes
515 2095 625 2132 inter
647 2107 692 2133 se
715 2095 937 2145 diligenter

89 2149 399 2200 comparandae
421 2157 537 2192 sunt.
574 2149 779 2188 Nimirum
803 2150 936 2202 philo-

86 2203 252 2256 sophus
282 2203 499 2244 fabulosas
530 2207 634 2245 istas
672 2207 935 2245 narrationes

87 2271 166 2311 pro
198 2260 396 2299 varietate
425 2261 591 2300 consilii
621 2263 687 2301 sui
714 2263 840 2301 etiam
862 2274 936 2301 va-

5 2327 18 2357 ’,
88 2315 215 2356 riavit
249 2316 557 2369 multipliciter,
596 2326 642 2357 ut
675 2318 716 2357 in
754 2318 937 2370 singulis

5 3168 11 3179 ⁷
2 2695 34 3159 :sffffsstffi'tssww-‘oezft
28 2684 30 2686 ⁴
8 2621 29 2676 ,ἢ
6 2602 20 2612 ³>
3 2523 25 2591 ’.νῇ-.-
6 2497 11 2509 ’·
5 2475 12 2478 ·

88 2372 332 2412 iudicandis
363 2373 583 2425 diligenter
609 2375 840 2414 videndum
868 2374 937 2423 sit,

88 2429 192 2479 quid
229 2429 267 2467 ei
295 2429 337 2467 in
367 2429 449 2468 illis
480 2431 717 2470 scribendis
752 2431 938 2470 maxime

86 2484 219 2524 fuerit
216 2487 515 2551 propositum

145 2533 170 2581 ὁ
208 2534 459 2582 ἑκάστου
497 2539 742 2596 δαίμων]
768 2542 935 2582 Intelle-

67 2590 200 2650 vgitur
227 2599 420 2645 daemon,
450 2599 523 2649 qui
546 2600 710 2651 vulgari
739 2599 938 2651 opinione

89 2654 243 2703 cuique
264 2653 455 2694 homini
446 2667 490 2694 in
510 2655 598 2695 vita
621 2656 709 2694 dux
732 2664 772 2694 et
793 2667 938 2695 comes

87 2707 262 2750 addstus
282 2712 521 2761 putabatur.
544 2724 586 2753 v,
613 2710 767 2764 Cratyl.
791 2724 832 2764 p.
857 2712 938 2752 397

88 2765 211 2816 Dsq.
253 2764 400 2819 Symp.
423 2779 465 2819 p.
488 2768 628 2807 2Ο2Ε
652 2780 715 2818 sq.
762 2768 869 2808 Tim.
894 2780 937 2820 Ρ.

84 2821 286 2872 40Dsq.
316 2822 370 2864 al.
411 2823 472 2862 De
502 2823 608 2875 Rep.
640 2824 697 2866 X.
717 2837 760 2876 p.
784 2824 936 2867 61712.

89 2876 310 2917 Praeclare
357 2879 642 2919 Menander
690 2892 782 2942 ap.
805 2880 934 2920 Clem.

89 2932 216 2973 Alex.
259 2945 302 2985 Ρ.
333 2935 413 2974 727
456 2936 522 2974 ed.
563 2935 717 2975 Potter.
758 2927 938 2977 ἅπαντι

90 2987 280 3052 δαίμων
296 2981 440 3054 ανδρὶ
456 2995 847 3056 συμπαραστατεῖ
862 2984 939 3032 εὐ-

88 3038 188 3092 θυς
228 3041 466 3099 γενομένῳ
506 3043 817 3100 μυσταγωγὸς
853 3045 937 3088 τοῦ

92 3099 216 3154 βίου.
251 3101 326 3140 Hie
354 3102 507 3141 dicitur
536 3101 749 3142 hominem
786 3101 937 3152 ζῶντα

92 3153 358 3210 εἰληχέναι,
400 3166 513 3198 sorte
554 3158 633 3198 sibi
674 3159 938 3210 assignatum

23 3227 26 3240 ι’
91 3215 325 3266 accepisse
357 3223 402 3253 ut
431 3214 492 3254 De
512 3214 618 3267 Rep.
639 3213 692 3253 X.
717 3227 762 3266 p.
762 3189 865 3255 ιε’617
889 3215 935 3257 Ε.

92 3268 269 3312 Theoer.
307 3270 377 3311 1V.
413 3271 482 3311 40.
522 3270 622 3322 Lys.
660 3270 858 3322 Epitaph.
897 3283 937 3325 p.

8 3348 12 3351 ι
83 3326 247 3369 ·130a1.
268 3327 396 3366 Plura
417 3340 457 3368 v.
476 3339 546 3380 ap.
571 3327 780 3378 Wytten
795 3327 936 3370 bach.

12 3414 30 3434 .-
94 3383 147 3420 ad
169 3380 211 3424 h.
235 3383 263 3423 1,
295 3391 336 3423 et
366 3384 606 3424 Creuzer.
632 3383 871 3434 Symb.111.
895 3396 937 3435 Ρ.

9 3467 22 3507 ·.'
92 3437 150 3479 69
171 3450 263 3490 sqq.
300 3438 458 3480 Ukert
498 3441 541 3480 in
583 3440 624 3479 d.
668 3438 937 3491 Abhandlgn.

75 1219 332 1275 manifesto.
361 1222 483 1261 Istud.
503 1225 667 1275 τυχεῖν
687 1229 786 1275 post
807 1218 872 1262 ὠν
894 1219 972 1263 δεῖ
993 1234 1089 1260 curn
1110 1221 1317 1273 Hirschig.
1342 1233 1418 1274 pro
1441 1221 1627 1261 insiticio
1648 1220 1868 1260 habemus.

1024 1362 1099 1402 der
1120 1361 1285 1413 Konigl.
1301 1360 1449 1402 8ἐ10115.
1465 1361 1694 1402 Gesellseh.
1706 1361 1747 1401 d.
1757 1360 1873 1400 Wis-

1026 1418 1258 1458 senschalt.
1285 1419 1315 1457 1.
1342 1421 1380 1459 1.
1403 1430 1446 1470 Ρ
1472 1419 1552 1458 108
1574 1431 1666 1468 sqq.

1083 1470 1168 1522 εἰς
1207 1466 1281 1527 δή
1314 1486 1445 1515 τινα
1481 1467 1678 1527 τόπον]
1720 1474 1780 1513 Ita
1810 1467 1873 1525 δή

1024 1530 1258 1570 indefinitis
1293 1531 1506 1581 adiicitur,
1543 1539 1591 1570 ut
1626 1542 1772 1570 eorum
1807 1529 1872 1568 vis

1024 1587 1299 1639 adaugeatur.
1340 1586 1621 1634 Quamobrem
1653 1587 1780 1626 verba
1806 1586 1874 1624 in—

1025 1644 1243 1696 terpretari
1273 1643 1389 1683 licet:
1424 1643 1475 1682 111
1504 1643 1735 1694 aliquem
1765 1642 1872 1681 sci-

1026 1700 1156 1740 licet
1204 1702 1374 1739 locum
1421 1699 1488 1738 vel
1537 1701 1586 1738 in
1642 1699 1872 1750 aliquem

1026 1769 1152 1796 sane
1193 1756 1379 1795 locum.
1420 1754 1774 1798 v.'Heind0rf.
1817 1754 1872 1793 ad

1023 1812 1066 1855 h.
1093 1814 1119 1856 1.
1140 1825 1183 1865 Ρ.
1206 1814 1303 1854 220.
1326 1824 1421 1858 mea
1442 1812 1497 1851 ad
1518 1812 1678 1852 Pliileb.
1700 1812 1806 1864 p.50
1822 1810 1870 1852 E.

1024 1869 1342 1911 Boissonad.
1372 1868 1428 1908 ad
1457 1867 1655 1908 Philostr.
1691 1868 1788 1907 Her.
1827 1879 1868 1918 p.

1024 1926 1123 1967 299.
1147 1923 1419 1964 Hermann.
1438 1925 1490 1962 ad
1511 1923 1643 1976 Soph.
1661 1924 1759 1963 Ant.
1774 1923 1868 1964 158.

1081 1974 1255 2021 οἴδεῖ
1272 1995 1312 2021 τ.
1339 1979 1487 2030 ξυλλ.
1519 1977 1872 2020 διαδικασαε

1023 2034 1256 2088 μένους]
1303 2047 1397 2087 quo
1436 2036 1524 2087 qui
1561 2035 1874 2088 congregati

1024 2101 1164 2143 sunt,
1228 2104 1318 2132 eos
1379 2093 1631 2132 iudicium
1691 2091 1873 2132 subire

1025 2154 1240 2200 oportet
1267 2157 1427 2199 atque
1458 2149 1507 2187 in
1538 2147 1718 2188 Orcum
1750 2158 1873 2200 pro-

1023 2205 1223 2244 ficisci.
1266 2203 1368 2243 Nam
1401 2200 1778 2254 διαδικάζεσθαι
1809 2211 1873 2242 est

1025 2272 1238 2300 eausam
1269 2273 1414 2300 suam
1441 2261 1604 2300 alicui
1628 2261 1874 2300 iudican-

1026 2317 1138 2356 dam
1200 2318 1554 2371 committere,
1614 2316 1873 2359 iudicium

1024 2373 1209 2412 subire
1221 2381 1362 2440 ,utp.
1387 2374 1532 2414 1131).

1082 2422 1214 2475 τοὺς
1221 2395 1564 2495 ένθένδε]-
1547 2443 1583 2472 v.
1608 2429 1659 2468 ad
1683 2440 1723 2479 p.
1748 2426 1872 2468 761).

1025 2484 1338 2537 -πορεῦσαι·
1366 2482 1568 2538 πέμψαι,
1586 2487 1791 2540 αγαγειν
1805 2497 1872 2523 111

1026 2550 1206 2609 tetprete
1228 2542 1509 2593 Hesycliio.

1084 2598 1129 2639 E.
1162 2590 1219 2638 έν
1249 2599 1490 2645 πολλαῖς
1518 2612 1596 2652 χρ.

1027 2646 1209 2705 όδοις]
1240 2655 1291 2697 V
1316 2654 1376 2694 De
1397 2655 1503 2707 Rep.
1528 2654 1581 2696 X
1607 2667 1648 2707 p
1674 2654 1757 2693 614
1778 2665 1871 2703 sqq.

1025 2723 1068 2762 p.
1091 2710 1172 2750 617
1196 2711 1250 2763 D,
1289 2712 1361 2751 ubi
1396 2712 1599 2750 circuitus
1636 2711 1875 2749 animorum

1024 2766 1071 2805 fit
1100 2766 1212 2806 mille
1241 2768 1379 2809 annis.
1422 2766 1599 2819 Migrare
1629 2766 1793 2806 animos
1830 2766 1874 2805 in

1025 2823 1170 2862 orbem
1220 2823 1260 2862 in
1312 2824 1394 2863 alia
1444 2824 1644 2876 deinceps
1695 2834 1875 2875 corpora

1628 2619 1681 2626 -
1709 2609 1876 2649 περι-

1000 2912 1002 2916 ,
1023 2888 1191 2931 praeter
1207 2880 1493 2932 Pythagoreos
1516 2879 1639 2919 etiam
1661 2879 1873 2931 Empedo-

1024 2935 1109 2973 cles
1140 2936 1299 2977 docuit.
1330 2948 1370 2976 v.
1397 2936 1582 2976 Celsus
1613 2948 1680 2988 ap.
1706 2935 1873 2986 Oiigcn.

1023 2991 1060 3030 Υ
1067 2992 1135 3031 111.
1157 3004 1197 3057 Ρ
1222 2994 1307 3033 780
1327 2993 1375 3035 D

1082 3040 1149 3094 ὡς
1171 3041 1351 3102 ὁΑἰσχ
1363 3042 1503 3089 ύλου
1526 3040 1790 3100 Τήλεφος
1814 3045 1869 3092 L]

1026 3103 1205 3155 Dionys.
1227 3105 1357 3147 Halic.
1385 3109 1472 3148 Art.
1507 3103 1693 3145 1110101.7
1721 3103 1807 3142 ,11.
1831 3113 1872 3153 Ρ.

1024 3161 1080 3199 40
1106 3161 1178 3202 ed.
1189 3160 1321 3223 Lips.
1343 3161 1388 3201 T.
1414 3163 1463 3203 ll.
1481 3174 1532 3223 p.
1556 3162 1610 3199 54
1632 3103 1709 3197 ed.l
1724 3157 1871 3220 Steph.

1025 3214 1112 3278 μία
1142 3211 1234 3269 γὰρ
1264 3214 1347 3258 καὶ
1376 3211 1404 3269 ἡ
1430 3209 1552 3280 αὐτὴ
1577 3209 1723 3280 οἶμος,
1748 3206 1872 3254 κατὰ

1026 3264 1236 3326 τὸνΑἰσχ
1240 3267 1369 3318 ύλον.
1390 3269 1458 3319 εἰς
1467 3264 1628 3312 Ἅιδου
1646 3267 1870 3322 φέρουσα.

1029 3327 1158 3368 ciem.
1191 3333 1310 3368 Alex.
1343 3328 1539 3369 8110111111
1578 3328 1645 3369 lV.
1676 3338 1716 3377 p
1738 3327 1819 3366 492
1841 3325 1871 3363 Β

1027 3375 1114 3423 οὐκ
1138 3379 1266 3425 ἔστιν
1281 3373 1368 3425 οὖν
1388 3377 1510 3424 κατὰ
1533 3377 1616 3423 τὸν
1638 3374 1872 3450 Αἰσχύλου

1033 3433 1255 3492 Τήλεφον
1283 3443 1412 3483 νοεῖν
1442 3434 1600 3493 ἁπλῆν
1637 3433 1774 3491 οἶμον
1805 3433 1872 3484 εἰς
