2158 3718
309 141 496 180 LXXVI
929 139 1339 179 PROLEGOMEN
1342 141 1380 178 A

309 265 563 338 vestigia,
621 283 758 334 quae
807 267 969 319 etiam
1024 266 1082 318 in
1125 264 1527 336 Xenophonteo
1575 263 1865 337 Symposio
1912 285 2006 321 ex-

347 355 498 390 ressa
550 345 735 389 extare
831 335 1140 389 robabiliter
1190 335 1373 389 docuit
1418 335 1819 391 Welckerus
1864 335 1919 390 N
1921 357 2007 391 ον.

372 426 454 460 us.
486 405 659 460 Rhen.
692 405 764 460 V.
823 445 836 458 .
874 425 928 476 p.
954 406 1058 459 504
1094 423 1206 474 sqq.
1267 405 1472 461 Verum
1514 407 1620 460 ista
1661 407 1882 476 quidem
1929 407 2010 461 rei

308 476 650 530 excusatione
687 495 755 528 ne
791 494 927 545 opus
964 475 1185 544 quidem
1220 484 1318 529 est.
1382 475 1649 531 Convenit
1685 477 1828 530 enim
1861 476 2007 530 Pau-

309 548 489 600 saniae
507 545 773 600 Platonici
792 545 1055 599 sententia
1079 545 1240 599 etiam
1266 543 1473 600 Socrati
1497 548 1824 616 planissime,
1850 565 2011 617 quem

310 617 441 670 satis
460 624 669 671 constat
687 615 952 679 docuisse,
972 623 1134 669 unam
1154 615 1485 686 eandemque
1502 637 1617 671 rem
1639 617 1824 687 utique
1848 635 2012 688 posse

269 705 274 708 ’
307 705 408 757 pro
432 705 608 740 rerum
633 693 687 738 et
709 685 1074 739 conditionum
1097 686 1406 740 diversitate
1433 695 1486 741 et
1507 687 1703 757 malam
1728 697 1782 740 et
1815 687 2012 742 bonam

311 758 556 810 existere.
587 754 699 808 Sed
721 773 1045 825 quamquam
1067 757 1299 810 invidiae
1323 765 1378 809 et
1399 757 1767 812 aemulationis
1785 758 2014 828 vestigia

305 828 451 880 nulla
476 845 735 897 apparere
770 826 1039 891 videntur,
1075 835 1270 891 tamen,
1310 826 1356 880 si
1382 827 1504 896 quis
1531 828 1756 881 alterum
1782 828 2011 899 scripto-

306 916 419 950 rem
443 896 662 949 alterius
684 895 881 950 librum
906 897 975 951 ob
1000 897 1182 952 oculos
1206 897 1462 951 habuisse
1485 897 1733 972 affirmet,
1770 916 1868 951 nos
1890 898 2011 966 qui—

307 967 431 1020 dem
453 985 562 1020 non
591 967 819 1020 multum
842 967 1238 1030 reluctabimur.
1275 968 1451 1022 Multa
1479 968 1622 1021 enim
1649 968 1707 1020 in
1734 967 2014 1036 utriusque

308 1056 471 1119 opere
505 1037 867 1102 inveniuntur,
905 1057 1059 1108 quae,
1098 1039 1202 1091 nisi
1238 1039 1373 1094 alter
1404 1039 1629 1093 alterum
1663 1038 2011 1109 respexisset,
2047 1095 2053 1098 ,

309 1127 402 1161 vix
437 1108 705 1178 potuisset
747 1109 881 1173 fieri,
929 1117 991 1162 ut
1036 1109 1103 1163 ab
1148 1109 1410 1163 ambobus
1458 1116 2013 1163 commemorarentur.

307 1177 501 1247 Itaque
539 1197 641 1251 ego
677 1179 736 1231 in
773 1198 837 1232 ea
875 1180 1138 1233 sententia
1176 1199 1310 1244 sum,
1348 1188 1410 1232 ut
1445 1188 1731 1249 utrumque
1770 1177 2012 1232 Socratis

313 1249 549 1317 speciem
584 1257 638 1302 et
671 1249 962 1322 imaginem
1000 1269 1096 1303 suo
1144 1268 1290 1303 more
1335 1249 1651 1303 informasse
1696 1248 2014 1313 existimem,

310 1320 622 1372 alterutrum
658 1328 837 1373 autem
873 1320 1090 1374 alterius
1124 1320 1321 1374 librum
1358 1320 1436 1373 sic
1460 1319 1527 1373 ob
1554 1321 1734 1373 oculos
1758 1319 2014 1373 habuisse

311 1390 545 1454 credam,
594 1398 656 1443 ut
699 1390 956 1444 nonnulla
997 1391 1123 1444 inde
1167 1391 1226 1443 in
1276 1409 1431 1444 suum
1478 1409 1614 1460 opus
1662 1388 2011 1452 transtulerit,

309 1460 420 1513 sive
456 1460 513 1512 id
550 1479 680 1513 casu
715 1461 918 1515 factum
955 1480 1071 1515 esse
1109 1461 1368 1524 dicamus,
1415 1460 1677 1530 siquidem
1725 1479 1788 1514 ea
1824 1479 1891 1512 ex
1926 1478 2012 1512 re-

308 1531 452 1584 centi
487 1531 714 1585 lectione
749 1532 807 1584 in
843 1533 1099 1586 memoria
1133 1532 1353 1584 haerere
1386 1538 1696 1613 potuerunt,
1744 1530 1855 1584 sive
1890 1529 2013 1583 ideo

311 1602 389 1655 sic
424 1602 726 1655 institutum
763 1611 863 1666 est,
910 1611 971 1655 ut
1015 1603 1082 1656 ab
1127 1610 1351 1671 utroque
1395 1621 1453 1653 ιιι
1502 1601 1660 1654 simili
1696 1608 2012 1673 argumento

308 1671 641 1725 elaboratum
689 1691 808 1725 esse
852 1672 920 1726 ab
978 1673 1226 1726 omnibus
1275 1672 1803 1725 animadverteretur.
1876 1670 2018 1724 Uter

310 1751 487 1796 autem
524 1751 706 1795 utrum
742 1744 1054 1815 respexerit,
1105 1743 1281 1799 adhuc
1319 1743 1419 1796 sub
1455 1742 1633 1796 iudice
1668 1742 1734 1796 lis
1773 1749 1871 1806 est,
1918 1761 2015 1795 ne-

309 1832 414 1882 que
462 1813 676 1867 videtur
723 1833 811 1867 res
856 1815 927 1867 ad
972 1814 1116 1868 hunc
1160 1832 1329 1883 usque
1376 1813 1518 1866 diem
1555 1813 1720 1867 dubia
1756 1821 1810 1866 et
1844 1831 2016 1883 nuper

309 1901 522 1952 quoque
559 1884 834 1938 acerrimis
871 1884 1246 1938 controversiis
1271 1883 1474 1956 agitata
1497 1884 1571 1936 ita
1596 1884 1812 1937 decerni
1838 1900 2013 1953 posse,

310 1963 370 2007 ut
406 1954 538 2023 quid
572 1974 671 2025 pro
709 1974 836 2009 vero
872 1956 1212 2026 probandum
1248 1955 1335 2020 sit,
1373 1955 1516 2009 omni
1555 1974 1623 2009 ex
1648 1962 1802 2025 parte
1825 1954 2014 2025 explo-

310 2033 489 2078 ratum
524 2025 864 2097 habeatur*).

368 2238 413 2292 *)
458 2242 543 2283 Res
582 2255 717 2295 nuper
754 2244 925 2283 demum
962 2242 1191 2284 acrioribus
1230 2244 1378 2284 studiis
1416 2255 1557 2283 rursus
1594 2243 1638 2282 in
1669 2241 2017 2293 disceptationem

453 2305 603 2340 vocata
633 2306 708 2340 est.
758 2299 870 2340 Nam
900 2299 948 2341 C.
978 2301 1060 2340 Fr.
1086 2300 1436 2349 Hermannus,
1468 2300 1672 2350 quum'in
1701 2297 1917 2339 Indicibus
1935 2299 2018 2339 Le-

453 2356 657 2405 ctionum,
687 2357 901 2408 Marburg.
925 2370 961 2396 a.
989 2360 1281 2398 1834-1835.
1314 2362 1352 2396 4.
1373 2356 1487 2404 mai„
1509 2356 1732 2395 ostendere
1754 2361 1932 2395 conatus
1954 2367 2019 2395 es-

453 2418 528 2462 set,
550 2413 882 2465 Xenophontem
907 2414 962 2453 ad
975 2413 1169 2453 Platonis
1187 2413 1460 2464 Symposium
1475 2412 1711 2463 respexisse
1738 2417 1786 2451 ut
1801 2411 1915 2463 prius
1931 2411 2019 2450 edi-

454 2476 559 2519 tum,
597 2470 858 2510 adversarius
889 2469 928 2509 ei
958 2469 1098 2510 extitit
1125 2470 1182 2510 A.
1214 2469 1248 2509 1.
1278 2471 1328 2510 F.
1350 2468 1772 2510 Henrichsenius
1801 2467 2016 2519 Flenopo-

454 2525 612 2566 litanus
641 2526 685 2566 in
707 2526 1020 2567 dissertatione:
1050 2525 1126 2567 De
1157 2526 1386 2567 consilio
1418 2532 1468 2565 et
1497 2531 1610 2566 arte
1642 2524 1893 2565 Convivii
1922 2525 2017 2564 Xe-

456 2582 755 2633 nophontei
786 2583 1007 2634 eiusque
1038 2583 1447 2622 cumPlatonico
1478 2580 1889 2621 necessitudine.
1920 2580 2018 2620 Fle-

454 2637 618 2689 nopoli,
643 2643 765 2678 1840.
798 2644 851 2686 4.,
882 2627 954 2690 qui
973 2639 1310 2689 Xenophontem
1336 2639 1518 2690 priorem
1547 2636 1761 2687 scripsisse
1791 2635 2020 2685 contendit,

458 2695 530 2733 sed
559 2694 739 2733 alterum
770 2695 1017 2745 scriptorem
1037 2695 1090 2733 ab
1111 2694 1245 2733 altero
1267 2699 1550 2744 respectatum
1571 2704 1661 2732 esse
1683 2691 1856 2730 omnino
1876 2698 2017 2742 negat.

457 2748 538 2788 Cui
567 2750 786 2800 respondit
804 2750 1140 2788 Hei-mannus
1169 2748 1214 2788 in
1234 2749 1449 2788 Indicibus
1469 2749 1605 2788 Lectt.
1637 2747 1851 2798 Mai-burg.
1873 2748 2018 2788 aestiV.

457 2817 495 2843 a.
538 2810 674 2854 1841„
714 2805 758 2844 in
788 2817 872 2856 quo
902 2805 1009 2844 libro
1047 2805 1267 2855 pristinam
1306 2804 1558 2845 sententiam
1597 2816 1716 2845 suam
1755 2803 1942 2845 defendit
1978 2809 2020 2843 et

458 2860 611 2900 clarius
651 2861 906 2912 explicatam
946 2861 1151 2909 exhibuit,
1188 2860 1247 2901 ita
1285 2861 1468 2912 quidem,
1508 2867 1555 2900 ut
1593 2861 1722 2900 etiam
1759 2860 1911 2900 certius
1949 2861 2019 2900 de-

459 2917 765 2965 monstraverit,
806 2916 922 2968 quod
960 2917 1032 2956 vix
1072 2917 1294 2968 quisquam
1324 2923 1449 2957 antea
1477 2916 1729 2968 negavisset,
1767 2916 1887 2957 alteri
1917 2917 2019 2956 alte-

459 2973 546 3013 rius
576 2972 730 3012 librum
761 2973 850 3012 sine
882 2973 1009 3012 dubio
1041 2974 1098 3012 ob
1128 2974 1276 3013 oculos
1305 2979 1516 3013 versatum
1538 2985 1641 3023 csse,
1673 2973 1865 3025 adeoque
1885 2973 2019 3024 suspi-

457 3034 587 3069 catus*
607 3029 661 3069 sit
681 3026 743 3080 (p.
765 3027 867 3079 VI.)
898 3030 1230 3080 Xenophontem
1262 3028 1439 3070 fortasse
1460 3036 1609 3070 contra
1638 3030 1778 3080 ipsum
1796 3029 2019 3070 Platonem

460 3085 648 3136 magistri
679 3085 743 3125 sui
773 3086 1020 3125 memoriam
1053 3087 1158 3126 tucri
1187 3086 1386 3135 voluisse,
1426 3099 1552 3138 quem
1590 3099 1719 3137 quum
1756 3086 1856 3125 huic
1885 3086 2021 3125 multa

461 3142 653 3182 tribuisse
691 3142 970 3190 existimaret,
1020 3155 1127 3193 quac
1165 3143 1380 3191 Socrates,
1428 3142 1564 3194 qualis
1611 3142 1653 3181 in
1691 3142 1777 3181 vita
1813 3154 1891 3182 sua
1926 3140 2020 3188 fuit,

461 3210 694 3249 numquam
725 3195 909 3249 dicturus
939 3197 1178 3239 facturusve
1208 3198 1338 3240 fuisse
1367 3199 1590 3248 videretur,
1627 3198 1765 3250 ipsum
1795 3198 2020 3237 verisimile
2060 3203 2063 3215 ¹

463 3266 553 3295 esse
583 3254 696 3295 illius
718 3253 924 3295 Convivio
955 3267 1076 3294 suum
1108 3256 1371 3307 opposuisse,
1404 3268 1488 3307 quo
1521 3255 1772 3303 ostenderet,
1804 3255 2019 3305 quomodo

462 3311 575 3351 fictio
607 3317 851 3363 comparata
881 3323 968 3352 csse
1002 3311 1220 3363 debuisset,
1252 3312 1286 3353 si
1316 3313 1440 3353 Plato
1473 3312 1538 3354 vel
1568 3310 1752 3353 maxime
1774 3311 2019 3362 magistrum
