2158 3718
746 89 1029 164 ῬΗΑΕοο
1061 135 1115 177 p.
1139 84 1206 164 79.
1778 117 1882 172 169

100 263 177 318 δι’
215 263 541 333 αἰσθήσεων
578 267 812 315 σκοπεῖν
850 279 902 312 τι
942 291 1027 327 -,
1064 257 1190 312 τότε
1225 258 1330 327 μὲν
1367 258 1587 312 ἕλκεται
1623 255 1738 311 ὑπὸ
1776 262 1878 311 τοῦ

99 348 366 418 σώματος>
399 348 478 411 εἰς
524 343 592 399 τά
640 341 910 413 οὐδέποτε
957 340 1096 396 κατὰ
1133 339 1308 395 ταύτὰ
1346 343 1564 411 ἔχοντα,
1604 342 1698 395 καὶ
1736 339 1876 411 αὕτη

97 434 377 485 πλανᾶται
422 430 516 484 καὶ
562 428 887 498 ταράττεται
933 428 1027 480 καὶ
1077 427 1284 497 ἰλιγγιᾷ
1331 424 1513 496 ω’ςπερ
1559 424 1875 495 μεθύουσα,

98 514 194 570 ἅτε
230 514 503 569 τοιούτων
543 512 929 583 ἐφαπτομένη,
978 511 1146 564 Πάνυ
1184 530 1263 579 γε.
1325 508 1497 564 Ὅταν
1536 510 1602 563 δέ
1632 530 1696 578 γε
1735 507 1876 580 αὐτὴ

98 599 234 653 καθ’
272 596 452 667 αὐτὴν
489 601 693 667 σκοπῇ,
735 598 916 651 ἐκεῖσε
942 600 1170 664 οἴχεται,
1211 595 1290 658 εἰς
1311 594 1374 648 τὸ
1403 594 1662 662 καθαρόν
1698 613 1757 647 τε
1784 589 1932 648 mito

95 680 181 736 ἀεὶ
226 681 294 735 ὂν
341 683 434 735 καὶ
482 679 772 735 ἀθάνατον
809 681 903 733 καὶ
942 678 1200 743 ὠςαύτως
1238 680 1386 748 ἕχον,
1426 679 1520 732 καὶ
1559 676 1633 742 ὦς
1671 670 1876 747 συννε-

94 764 197 835 νῆς
243 757 389 820 οὖσα
434 763 611 819 αὐτοῦ
659 763 744 818 ἀεὶ
791 762 910 834 μετ’
954 765 1176 818 ἐκείνου
1214 783 1274 817 τε
1310 765 1588 832 γίγνεται,
1631 761 1877 831 ὅτανπερ

93 847 236 919 αὕτη
289 847 424 903 καθ’
463 847 642 919 αὐτὴν
687 850 915 919 γένηται
963 849 1056 901 καὶ
1108 848 1204 918 ἐξῇ
1250 845 1425 918 αὐτῇ,
1464 848 1559 900 καὶ
1596 847 1882 901 πέπαυταί

93 953 153 987 τε
189 937 292 987 τοῦ
330 933 552 987 πλάνου
578 934 670 986 καὶ
708 933 837 1002 περὶ
876 933 1064 986 ἐκεῖνα
1103 931 1187 984 άεί
1226 928 1366 983 κατὰ
1402 928 1578 984 ταύτά
1616 928 1878 994 ώςαύτως

93 1019 234 1085 ἔχει,
290 1016 387 1072 ἅτε
439 1018 713 1072 τοιούτων
770 1016 1156 1085 ἐφαπτομένης
1213 1016 1306 1067 και
1362 1017 1528 1067 τοῦτο
1586 1013 1758 1084 αὐτῆς
1812 1013 1875 1067 τὸ

92 1101 325 1170 πάθημα
373 1102 649 1171 φρόνησις
696 1100 982 1169 κέκληται;
1041 1098 1445 1167 Παντάπασιν,
1505 1100 1643 1184 ἔφη,
1691 1101 1876 1160 καλῶς

92 1185 187 1238 καὶ
233 1182 418 1254 άληθῆ
464 1185 670 1253 λέγεις,
721 1186 763 1238 ὠ
814 1183 1130 1253 Σώκρατες.
1209 1183 1441 1254 Ποτέρῳ
1489 1185 1596 1236 οὐν
1654 1174 1731 1235 αὖ
1786 1197 1876 1235 σοι

93 1267 253 1322 δοκεῖ
292 1272 368 1339 τῷ
417 1270 553 1323 εἴδει
599 1269 692 1322 καὶ
742 1269 804 1322 ἐκ
852 1288 966 1321 των
1013 1269 1338 1338 ἔμπροσθεν
1376 1268 1470 1320 καὶ
1510 1268 1573 1321 ἐκ
1610 1270 1726 1320 τῶν
1764 1270 1875 1319 νῦν

206 1432 284 1481 δι’
324 1434 662 1495 αἰσθήσεων
703 1437 804 1494 om]
840 1439 913 1481 Sic
948 1441 1056 1483 Veu
1082 1439 1131 1480 Π
1163 1439 1268 1480 Tub.
1309 1445 1348 1479 et
1383 1451 1447 1491 pr.
1470 1438 1590 1480 Bodl.
1631 1438 1772 1491 Vulgo
1811 1444 1876 1479 est
1918 1490 1921 1492 ‚

92 1491 376 1549 αἰσθήσεως.

89 1623 116 1663 b
203 1567 254 1609 D.
285 1559 479 1620 άληθῆ
504 1562 559 1608 λε’
574 1564 715 1622 γεις]
734 1568 832 1608 Vat.
856 1565 1032 1607 Ven.H
1047 1566 1144 1607 Par.
1166 1565 1229 1607 GI
1250 1566 1400 1607 Ambr.
1424 1558 1639 1619 άληθῶς.
1662 1564 1758 1607 Noli
1777 1577 1874 1618 pro-

120 1634 205 1666 are.
227 1636 268 1666 v.
290 1635 389 1666 ann.

205 1686 263 1734 ἐκ
285 1691 394 1734 τῶν
417 1688 763 1747 ἔμπροσθεν]
787 1694 840 1735 V.
864 1685 1093 1746 πρόσθεν.
1125 1692 1352 1738 Illudeum
1373 1691 1566 1739 Bekkero
1590 1704 1612 1732 e
1634 1691 1873 1733 Bodl.Tub.

92 1756 133 1788 et
152 1750 260 1790 Ven.
285 1749 334 1790 H
352 1750 508 1803 recepi.

146 1895 937 1956 τότεμὲνὲλκεται-]Α111111115
1026 1902 1268 1943 coniectura
1316 1901 1365 1942 H.
1417 1899 1717 1966 Schmidtii,
1769 1901 1872 1942 Krit,

89 1959 251 1999 invitus
278 1958 459 1999 trahitur
488 1967 528 1999 et
551 1960 772 2000 abducitur
794 1960 849 2000 ad
869 1972 937 2000 ies

91 2027 317 2068 corporeas
339 2024 378 2055 et
400 2017 594 2056 sensibus
618 2017 846 2056 subiectas.
878 2016 939 2055 Ea

91 2072 202 2111 enim
244 2079 308 2111 est
345 2073 464 2111 verbi
495 2067 725 2113 ε-’λκεσθαι
764 2072 938 2124 propiia

92 2127 155 2167 vis
178 2134 218 2166 et
239 2127 505 2180 significatio.
528 2128 688 2167 Deinde
703 2140 938 2180 pronomen

55 2228 62 2231 ,
91 2175 226 2247 αὐτή
238 2183 415 2223 infertur
435 2191 674 2247 propterea,
701 2184 815 2234 quod
844 2181 939 2224 τῶν

90 2231 332 2286 τοιούτων,
355 2239 483 2279 videl.
502 2237 597 2280 τῶν
617 2236 940 2292 πλανωμένων

89 2292 173 2335 καὶ
212 2292 588 2359 ταραττομένων,
629 2296 785 2335 mentio
817 2295 938 2335 dein-

90 2363 191 2404 ceps
212 2352 417 2392 iuiieitur.

148 2403 394 2461 ἰλιγγιᾷ]
423 2407 695 2459 vertigine
723 2419 936 2459 601161)-

89 2470 174 2503 tus
214 2469 423 2503 rotatur
451 2471 497 2503 et
531 2464 933 2515 circumagitm.

88 2519 282 2559 Verbum
305 2519 489 2572 eleganti
516 2518 764 2572 metaphora
786 2519 938 2561 dicitur

90 2575 141 2615 de
180 2575 248 2627 iis,
292 2575 363 2627 qui
392 2587 494 2628 prae
524 2575 670 2615 iudicii
699 2584 739 2615 et
770 2575 938 2615 consilii

88 2631 233 2684 inopia
263 2631 473 2684 nesciunt,
502 2632 605 2682 quid
635 2640 762 2684 agant
791 2639 832 2671 et
852 2644 935 2682 quo

89 2700 136 2727 se
175 2695 360 2730 vertant.
420 2688 595 2729 Omnem
637 2689 728 2728 eius
770 2688 855 2728 vim
897 2698 938 2727 et

92 2755 215 2783 usum
237 2745 402 2783 erudite
429 2744 646 2796 persecuti
668 2751 766 2784 sunt
785 2744 934 2783 Pier-

92 2811 196 2841 son.
237 2800 292 2840 ad
331 2800 460 2842 Moer.
503 2813 545 2852 p.
570 2801 651 2840 106
693 2806 732 2840 et
772 2812 863 2851 seq.
896 2807 937 2840 et

90 2854 320 2908 Lennep.
342 2856 396 2895 ad
415 2855 583 2899 Phalar.
605 2868 650 2909 p.
673 2858 856 2898 35—38.

136 2924 185 2966 D.
198 2921 416 2976 καὶπερ
429 2918 934 2967 ὶέκεῖναάεὶκατά

90 2993 128 3021 τ.
153 2973 220 3032 αἱ]
246 2980 426 3019 Animus
448 2981 590 3020 011οᾶ
611 2981 725 3032 illa,
749 2981 788 3022 h.
801 2995 838 3022 e.
861 2982 935 3022 ubi

91 3049 124 3076 s.
148 3036 352 3087 quamdiu
382 3048 478 3075 cum
506 3036 603 3086 illis,
635 3049 742 3086 quae
763 3050 852 3090 per
882 3051 936 3078 se

90 3092 341 3132 absoluta
364 3100 503 3139 sunt,
524 3097 740 3157 tamquam
760 3106 936 3133 conver-

91 3155 221 3197 satur,
244 3161 329 3188 non
351 3147 533 3201 amplius
549 3141 830 3200 ταράττεται
852 3147 936 3190 καὶ

90 3199 186 3258 ἰλιγ
160 3202 287 3258 γγιᾷ,
331 3204 456 3244 sicuti
495 3203 554 3267 fit,
598 3204 669 3243 ubi
708 3216 731 3243 a
759 3217 936 3269 corpore

90 3260 348 3301 abstrahitur
378 3260 432 3300 ad
461 3253 519 3300 τὰ
544 3234 782 3301 οὐδέποτε
809 3254 935 3302 κατὰ

91 3307 242 3356 ταύτὰ
274 3311 457 3386 ἔχοντα.
490 3317 646 3379 Itaque
671 3327 754 3355 non
785 3327 936 3356 assen-

91 3373 170 3410 tior
193 3373 338 3412 Astio
369 3370 452 3413 καὶ
474 3384 626 3424 ωςπερ
651 3364 813 3413 ἐκεῖνα
834 3384 937 3412 eon-

91 3427 274 3468 iectami.
323 3427 407 3468 Nee
440 3440 536 3467 vero
567 3440 674 3480 opus
703 3439 797 3468 esse
833 3435 936 3480 puto

1028 1958 1261 2000 Comment.
1284 1959 1316 2000 Ι.
1338 1969 1381 2020 p.
1404 1958 1472 2004 81,
1495 1958 1567 2007 qui
1589 1956 1700 1997 facta
1719 1959 1870 1998 1161110-

1026 2027 1119 2054 111111
1149 2013 1482 2079 transpositione
1511 2013 1740 2065 legendum
1772 2026 1871 2053 6611-

1028 2077 1112 2110 set:
1137 2066 1221 2111 καὶ
1240 2065 1492 2110 πέπαυταί
1507 2081 1557 2110 τε
1577 2068 1663 2110 τοῦ
1683 2062 1871 2111 πλάνου

1025 2123 1135 2180 περὶ
1157 2119 1319 2167 ἐκεῖνα
1340 2122 1425 2166 καὶ
1441 2120 1519 2165 άεὶ
1539 2118 1664 2166 κατὰ
1686 2139 1727 2168 τ.
1751 2126 1874 2174 Quod

1026 2189 1138 2221 certe
1166 2195 1190 2221 a
1219 2189 1360 2221 mente
1391 2181 1578 2221 Platonis
1609 2181 1872 2233 aliquantum

1026 2238 1248 2288 abhorret,
1305 2239 1377 2287 qui
1417 2238 1609 2276 animum
1646 2238 1875 2279 arbitratur

1023 2292 1312 2335 πεπαῦσθαι
1342 2291 1426 2334 τοῦ
1448 2285 1636 2334 πλάνου
1658 2306 1741 2335 11011
1762 2295 1873 2334 circa

1023 2363 1093 2390 res
1115 2351 1411 2403 sempiternas,
1424 2350 1500 2389 sed
1519 2350 1616 2398 quia
1633 2350 1873 2390 abstractus

1025 2413 1089 2446 est
1118 2407 1172 2446 ad
1200 2419 1268 2446 res
1297 2417 1524 2458 corporeas
1555 2413 1595 2444 et
1628 2406 1872 2446 inconstan-

1023 2471 1105 2502 tes.
1145 2463 1312 2502 Etenim
1351 2462 1470 2502 istud
1499 2457 1745 2503 πέπαυτοιι
1785 2460 1871 2503 τοῦ

1023 2511 1211 2560 πλάνου
1237 2518 1512 2583 respondet
1531 2519 1739 2570 superiori
1789 2518 1869 2557 illi:

1023 2571 1107 2615 καὶ
1129 2567 1251 2628 αὐτὴ
1281 2572 1524 2615 πλανᾶται
1589 2574 1769 2613 alterum
1798 2587 1872 2613 au-

1023 2639 1105 2669 tem
1136 2630 1237 2672 hoo:
1266 2628 1350 2671 καὶ
1379 2627 1489 2682 περὶ
1518 2632 1681 2671 εκεινα
1710 2622 1788 2671 άεὶ
1817 2651 1871 2659 -

1023 2680 1243 2734 ὡςαύτως
1277 2682 1374 2756 ἔχει
1404 2686 1644 2752 oppositum
1670 2694 1732 2726 est
1753 2695 1872 2726 ante-

1022 2744 1205 2795 gressis:
1239 2756 1322 2784 και
1343 2737 1625 2795 ταράττεται
1645 2739 1730 2784 καὶ
1752 2738 1872 2796 ἰλιγ-

1023 2797 1105 2853 γιᾷ
1134 2812 1178 2839 κ.
1203 2813 1242 2840 τ.
1267 2800 1305 2840 λ.
1352 2797 1456 2840 Cum
1487 2800 1531 2838 vi
1560 2804 1698 2838 autem
1737 2799 1868 2838 inter-

1025 2856 1197 2907 ponitur
1231 2852 1340 2909 περὶ
1377 2848 1560 2902 ἐκεῖνα,
1598 2855 1867 2906 quandoqui

1023 2911 1118 2951 dem
1158 2912 1216 2951 ita
1255 2911 1303 2951 fit
1341 2918 1502 2952 tantum
1532 2910 1699 2950 illorum
1728 2910 1871 2951 habita

1022 2967 1198 3007 ratione.

1077 3035 1264 3084 καλῶς
1291 3034 1388 3077 καὶ
1428 3030 1675 3098 άληθῆ]
1688 3033 1868 3073 Phaedl.

1021 3105 1064 3145 p.
1095 3094 1229 3134 234ss
1270 3091 1402 3146 σαφῆ
1433 3115 1486 3120 -
1522 3088 1605 3132 καὶ
1646 3082 1867 3155 ἀκριβῶς.

1022 3148 1192 3201 Protag.
1215 3161 1256 3202 p.
1279 3151 1361 3190 352
1382 3149 1417 3188 D
1446 3146 1600 3194 καλῶς
1630 3158 1682 3199 γε
1712 3158 1769 3187 συ
1797 3141 1867 3186 λέ-

1023 3219 1119 3258 γων
1140 3202 1222 3246 καὶ
1244 3198 1333 3258 άλη
1338 3203 1423 3258 θῆ.
1466 3206 1557 3244 1011.
1581 3215 1623 3255 p.
1648 3203 1729 3242 538
1755 3203 1783 3241 E
1805 3195 1867 3248 ὡς

1023 3255 1201 3326 §gnoseos
1240 3274 1291 3302 τε
1304 3219 1423 3301 ηκαηὶ
1453 3252 1616 3311 άληθῆ
1665 3250 1754 3311 ἐγώ
1795 3268 1867 3297 σοι

1023 3310 1392 3370 ἀποκρινοῦμαι.
1478 3315 1723 3367 Opportune
1781 3313 1869 3352 Fi

1023 3372 1110 3412 seh
1123 3386 1242 3413 erus
1270 3372 1531 3425 comparavit
1558 3370 1654 3410 Ter.
1683 3367 1866 3420 Adelph.

1024 3429 1095 3470 IV.
1121 3431 1162 3480 3,
1187 3430 1238 3474 18
1269 3434 1311 3469 et
1340 3434 1456 3468 recte
1488 3433 1530 3467 et
1559 3438 1697 3466 verum
1727 3425 1847 3466 dicis.
