2222 3762
418 171 530 235 1211

423 322 582 375 animi
607 323 687 375 vis
713 321 897 374 divina
923 328 976 373 et
1000 328 1221 372 aeterna
1249 325 1444 389 natura
1471 320 1527 371 in
1561 319 1707 372 clara
1736 320 1858 373 luce
1879 330 2116 390 ponatur

420 412 594 464 eoque
631 391 966 458 ostendatur,
989 391 1194 443 animos
1233 390 1498 444 humanos
1535 391 1725 459 utique
1768 388 2115 446 idearum³÷ac

417 481 597 517 rerum·
648 463 951 534 divinarum
999 480 1116 514 esse
1160 468 1450 531 'capa-‘cess'
1486 461 1578 514 »Ex
1628 481 1753 530 quo·
1776 471 1975 533 sponte
2015 478 2112 533 api-

415 548 588 607 paret,
620 554 854 604 quonam
890 534 1109 586 vinculo
1135 530 1362 585 Phaedo
1387 532 1676 586 cohaereat
1713 552 1835 586 cum
1859 533 2111 587 Phaedro

416 625 480 660 ac
530 606 849 678 Symposio3
913 611 1157 657 versatur
1211 602 1351 655 enim
1405 612 1462 656 et
1514 605 1631 673 ipse
1702 605 1756 656 in
1818 605 2113 658 asserenda

416 678 715 729 animorum
773 675 1230 746 sempiternitate,
1291 673 1435 727 unde
1496 675 1877 747 philosophiae
1937 677 2112 730 omnis

416 748 654 820 dignitas
694 755 856 816 atque
885 746 1222 817 praestantia
1246 745 1587 818 intelligitur.
1662 747 1856 817 Itaque
1892 747 1949 800 h'i
1987 748 2108 801 libri

415 837 601 872 omnes
653 818 880 870 multum
931 835 1059 870 sane
1109 815 1425 886 discrepant
1462 817 1531 870 ab
1568 818 1665 884 iis,
1708 836 1844 886 quos
1874 846 1875 849 ¹
1905 820 2110 873 ‘rimam

414 890 645 942 classem
700 888 971 941 voluimus
1027 887 1312 941 conficere.
1388 888 1534 941 Nam
1583 897 1644 940 ut
1692 888 1858 941 nihil·
1906 889 2111 949 ficamus

413 960 481 1013 de
516 978 825 1014 sermonum
847 958 1215 1012 moderamine
1255 958 1431 1029 deque
1460 977 1562 1012 usu
1585 958 1920 1023 dialectices,
1947 961 2110 1032 longe

412 1032 480 1086 ab
517 1032 621 1084 illis
662 1030 898 1099 diverso,
933 1031 1168 1101 primum
1204 1030 1424 1099 quidem
1461 1050 1570 1084 non
1607 1033 1834 1084 tantum'
1857 1031 1913 1084 in
1941 1033 2111 1086 ‘refel‘a

409 1101 593 1171 lendo,
623 1102 720 1155 sed
758 1103 922 1156 etiam
957 1102 1013 1155 in
1052 1101 1303 1154 docendo
1337 1110 1636 1173 versantur,
1665 1101 2109 1172 quandoquidem

411 1183 590 1228 certos
656 1173 951 1244 quosdam⁴
981 1173 1361 1245 philosophiae
1425 1173 1576 1227 locos
1635 1177 1766 1226 satis
1816 1174 2107 1244 perspicue

412 1254 691 1316 exponunt
727 1253 783 1298 et
817 1244 1118 1309 illustrant3
1158 1244 1355 1298 deinde
1393 1263 1505 1297 non
1543 1245 1754 1298 tantum
1794 1258 2110 1300 communes

410 1318 606 1370 mentis
654 1317 908 1370 notiones
959 1323 1257 1384 noverunt,
1310 1315 1406 1370 sed
1465 1315 1615 1369 ideas
1672 1316 1878 1371 >habent
1928 1319 2111 1372 omnis

408 1396 668 1458 tanquam
706 1389 978 1442 essentiae
1018 1406 1241 1441 caussas
1281 1397 1444 1458 atque
1473 1387 1797 1455 effectriceS,
1822 1398 1962 1457 quake
1997 1404 2108 1442 non

408 1459 571 1513 modo
636 1455 815 1531 logice
862 1460 1209 1531 cogitantur,
1251 1458 1348 1512 sed
1398 1459 1558 1511 etiam
1607 1469 1791 1511 meta
1854 1457 2108 1531 hysice

407 1530 838 1602 intelliguntur,
875 1530 1118 1600 denique·
1165 1531 1323 1583 etiam
1370 1529 1653 1584 doctrinae
1705 1531 1814 1602 Pyt
1853 1548 1885 1582 a
1962 1531 2107 1585 ric'ae'

407 1602 682 1655 interioris
737 1611 792 1657 et
842 1602 1224 1656 'reconditioris
1270 1601 1504 1672 vestigia
1552 1603 1796 1654 referunt
1853 1549 2104 1673 pffirima,

409 1673 591 1745 qualia
643 1682 793 1727 certe·
837 1675 893 1727 in
933 1674 1168 1727 Politice
1185 1680 1206 1742 ,*
1250 1674 1305 1726 in‘
1343 1672 1698 1740 Parmenide,
1737 1673 1793 1725 in
1831 1673 2109 1742 Phaedre,

405 1745 471 1797 in·
500 1744 793 1817 Symposio
845 1752 898 1799 et
948 1746 1005 1798 in
1044 1744 1338 1799 Phaedone
1394 1751 1504 1796 tam
1542 1743 2104 1814 manifestaexstant,

405 1823 467 1869 ut
505 1816 667 1868 etiam
706 1830 816 1870 non
854 1817 1051 1889 exigua
1086 1835 1213 1888 pars
1251 1815 1533 1869 doctrinae
1558 1815 1876 1869 Platonicae
1894 1816 2104 1888 'Pytha-

404 1888 605 1959 goricis
646 1888 864 1958 placitis
890 1889 1097 1940 nitatur
1127 1888 1216 1941 vel
1254 1906 1376 1940 eum
1413 1887 1479 1939 iis
1518 1887 1572 1938 in
1609 1888 2105 1959 unumconinncta

407 1959 495 2011 sit.
571 1958 692 2012 Nec
723 1960 863 2013 Vvero
900 1959 1244 2012 desideratur
1278 1959 1443 2030 plane
1465 1969 1909 2029 argumentorum
1945 1960 2102 2030 quasi

403 2029 670 2100 quaedam
732 2031 1072 2084 continuatio
1125 2038 1181 2083 et
1225 2030 1572 2103 progressiO,
1628 2029 1802 2098 qualis
1862 2032 2105 2083 sanein

402 2102 622 2172 scriptis
663 2100 959 2157 Socraticis
1019 2102 1196 2155 minus
1237 2100 1696 2154 animadvertitur.
1764 2098 2103 2174 ¹Quamquam

401 2172 768 2245 philosophus
803 2172 892 2226 hic
933 2191 1151 2244 quoque
1187 2174 1242 2226 in
1282 2173 1350 2226 iis
1386 2170 1773 2225 continuandis
1806 2187 1954 2226 more
2001 2190 2102 2226 suo

397 2251 643 2298 versatus
682 2252 769 2299 est
803 2244 1062 2313 liberius,
1100 2245 1304 2315 quippe
1353 2243 1446 2314 qui
1490 2243 1557 2295 de
1596 2241 2105 2314 condendo-aliquo

399 2314 679 2369 doctrinae
717 2334 848 2370 suae
885 2323 1179 2389 systemate
1217 2314 1352 2368 nihil
1387 2315 1549 2386 plane
1581 2314 1924 2386 cogitaverit.
1996 2317 2102 2368 At-

399 2405 504 2456 que
541 2386 677 2440 haec
716 2387 933 2457 quidem
973 2387 1154 2441 omnia
1192 2387 1526 2441 conveniunt
1553 2385 1714 2438 etiam
1745 2385 1802 2437 in
1842 2392 2104 2455 quattuor

397 2457 559 2510 huius
600 2457 805 2511 ordinis
842 2458 1058 2527 reliqua
1093 2477 1290 2527 opera,
1341 2456 1750 2523 Philebum,
1810 2455 2100 2539 Remvpu-

396 2527 690 2596 blicam,
717 2527 1101 2595 Timaeum,
1127 2527 1450 2595 Critiam,
1484 2527 1539 2579 in
1565 2526 2099 2595 q11ibu8,8icuti1am

397 2616 562 2669 supra
604 2598 901 2652 indicatum
941 2607 1050 2666 est,
1089 2598 1146 2650 id
1183 2600 1384 2671 agitur,
1409 2606 1471 2651 ut
1506 2597 1595 2650 vel
1632 2596 1887 2667 qualibus
1925 2599 2098 2671 signis

397 2676 450 2721 et
484 2669 816 2741 argumentis
856 2670 1050 2723 summi
1087 2670 1217 2723 boni
1241 2670 1368 2723 idea
1390 2687 1511 2724 sese
1541 2669 1598 2721 in
1623 2668 1740 2721 vita
1759 2669 2097 2741 singulorum

394 2738 674 2793 hominum
699 2748 960 2809 tanquam
986 2740 1426 2812 conspiciendam
1454 2740 1734 2811 praebeat,
1758 2742 2098 2810 exquiratur,

395 2810 482 2864 vel
522 2811 698 2882 qualis
749 2811 875 2881 ipsa
923 2812 979 2865 in
1032 2813 1236 2883 optimo
1285 2811 1502 2866 homine
1538 2819 1592 2865 et
1626 2810 1684 2863 in
1723 2811 1927 2882 optima
1964 2813 2097 2868 civi·-

393 2887 511 2935 tate
546 2883 782 2953 itemque
821 2884 878 2936 in
903 2884 1157 2937 universa
1192 2896 1371 2937 rerum
1402 2891 1598 2937 natura
1633 2883 2096 2956 emergasscopio-

394 2952 507 3007 sius
544 2952 870 3026 disputetur.
946 2954 1154 3008 Verum
1191 2955 1325 3008 satis
1354 2954 1491 3008 haec
1528 2953 1596 3006 de
1644 2953 1797 3007 libris
1823 2953 2090 3024 Platonis,

434 3042 535 3078 uos
576 3025 732 3079 alteri
771 3025 1100 3097 scriptorum
1119 3026 1528 3080 Platonicorum
1551 3025 1738 3096 generi
1778 3023 2092 3079 adscriben-

430 3114 492 3149 οε
529 3096 860 3168 putavimus,
939 3095 1050 3165 Qui
1087 3096 1305 3166 quidem
1324 3097 1447 3150 libri
1472 3098 1726 3166 quoniam
1756 3095 1949 3166 scripti
1965 3106 2094 3150 sunt

391 3184 424 3218 a
452 3166 683 3221 Platone
723 3187 787 3220 ea
826 3175 1021 3238 aetate,
1052 3186 1160 3237 qua
1195 3175 1517 3239 pervenerat
1555 3167 1622 3220 ad
1660 3185 1922 3221 summam
1959 3166 2090 3221 doc-

389 3237 564 3302 trinae
590 3247 645 3292 et
668 3238 987 3293 eruditionis
1027 3243 1391 3293 maturitatem
1413 3256 1705 3308 omnesque
1733 3237 1878 3291 illius
1902 3245 2088 3307 partes

389 3308 684 3432 explicatas
721 3310 907 3363 ‘animo
943 3310 1182 3379 tenebat,
1210 3311 1366 3365 facile
1404 3318 1555 3382 patet
1587 3327 1702 3376 eOS,
1729 3309 1821 3378 'qui
1860 3308 2090 3378 cupiant)

387 3387 452 3432 v'e
513 3380 815 3435 doctrinam
854 3381 1101 3435 Platonis
1142 3400 1476 3454 cognoscere
1527 3380 1612 3434 vel
1663 3380 1779 3433 eius
1814 3379 2079 3440 rationem
