2158 3718
271 137 306 190 2
915 104 1425 182 PROLEGOMENA’

275 288 330 345 et
366 281 743 346 elegantiam
788 276 1278 347 cognoscendam
1325 283 1688 345 animosque
1731 279 2037 331 iuveniles

273 352 449 402 illius
476 354 679 403 studio
707 353 1131 403 incendendos
1169 358 1397 402 tantam
1427 354 1535 401 vim
1563 351 1807 409 habeat,
1846 367 2037 415 quan-

276 429 388 474 tam
424 424 682 473 Phaedo,
735 424 854 473 Nam
893 425 1105 487 primurn
1152 423 1346 489 quidem
1387 423 1472 472 ubi
1511 430 1786 488 spectamus
1831 424 2039 488 operis

274 501 427 544 mate
445 497 620 552 riam,
662 501 793 544 certe
819 497 896 543 vix
924 494 1187 559 quidquam
1213 495 1512 559 reperiatur,
1552 493 1680 558 quod
1709 494 1922 543 animum
1948 493 2039 542 hu-

274 581 472 615 manum
497 567 652 629 magis
678 581 874 615 movere
901 565 1188 633 faciliusque
1216 581 1392 630 capere
1419 571 1576 629 queat,
1607 580 1751 628 quam
1779 578 2040 628 argumen-

276 643 376 687 tum
421 637 566 687 huius
614 634 815 699 dialogi,
861 637 911 685 in
956 651 1077 701 qUO,
1127 636 1242 686 dum
1285 637 1547 700 imaginem
1583 637 1813 698 sapientis
1849 636 1896 683 in
1934 636 2039 698 ipso

274 709 445 757 mortis
472 707 675 757 articulo
698 708 941 757 constituti
968 709 1229 764 intuemur,
1256 706 1398 756 simul
1426 708 1570 756 etiam
1597 707 1866 769 gravissimi
1893 705 2039 755 uber-

274 779 481 843 rimique
517 793 772 828 sermones
809 794 919 828 cum
956 778 1016 827 de
1053 777 1156 827 aliis
1191 777 1340 827 rebus
1374 778 1595 826 maximis
1621 777 1680 825 ad
1706 776 2040 840 philosophiae

277 848 551 899 doctrinam
578 849 962 915 pertinentibus,
1002 854 1106 898 tum
1141 850 1383 913 imprimis
1409 848 1469 896 de
1494 849 1764 897 animorum
1792 849 2041 897 immorta-

273 919 404 969 litate
430 921 765 970 instituuntur.
822 919 956 978 Quae
983 920 1177 986 quidem
1205 935 1285 969 res
1314 920 1456 968 etiam
1486 935 1542 968 eo
1567 917 1712 976 valet,
1752 924 1804 967 ut
1828 917 2041 982 philoso-

274 991 417 1055 phiae
443 991 747 1050 Platonicae,
787 992 1005 1042 idearum
1042 992 1348 1055 potissimum
1385 990 1633 1040 doctrinae
1661 996 1907 1054 tamquam
1933 989 2041 1037 fun-

275 1061 502 1112 damento
549 1069 939 1127 superstructae,
994 1061 1231 1112 elementa
1277 1067 1324 1111 et
1359 1062 1495 1127 quasi
1532 1062 1664 1110 initia
1699 1060 2043 1124 percipiamus,

274 1133 325 1183 Id
363 1134 493 1200 quod
527 1149 645 1184 sane
679 1135 740 1183 iis
776 1134 1002 1183 omnibus
1029 1149 1151 1200 opus
1178 1139 1273 1190 est,
1313 1134 1393 1196 qui
1419 1131 1493 1182 vel
1517 1132 1672 1182 levem
1700 1132 1942 1195 quandam
1967 1145 2041 1179 sa-

273 1205 483 1270 pientiae
508 1204 786 1255 Platonicae
813 1207 1033 1255 notitiam
1061 1206 1199 1270 quasi
1224 1202 1476 1263 παιδείας
1502 1201 1665 1270 χάριν
1692 1203 1864 1252 animis
1890 1203 2040 1252 susci-

275 1291 395 1341 pere
418 1275 675 1326 voluerint.

378 1411 381 1414 y
414 1348 514 1397 Iam
551 1363 665 1397 vero
692 1346 779 1397 ubi
813 1349 1030 1398 animum
1065 1347 1358 1397 attendimus
1384 1346 1443 1396 ad
1469 1361 1678 1395 rerum
1706 1346 2041 1394 tractatio-

275 1434 407 1468 nem
436 1426 619 1483 atque
647 1418 1005 1469 disserendi
1031 1420 1336 1467 rationem
1364 1418 1411 1467 in
1439 1418 1534 1466 hoc
1560 1431 1710 1481 opere
1735 1421 2040 1480 regnantem,

273 1490 396 1539 haec
434 1506 628 1555 quoque
652 1491 716 1539 ita
745 1496 817 1540 est
849 1496 1155 1555 comparata,
1194 1495 1247 1538 ut
1273 1490 1332 1538 ad
1360 1488 1608 1538 Platonem
1648 1486 2042 1552 cognoscendum

275 1560 419 1624 longe
456 1563 518 1610 sit
556 1562 1026 1612 convenientissima.
1077 1561 1200 1611 Nam
1243 1560 1502 1624 disputatio
1539 1561 1759 1624 quamvis
1803 1560 1852 1608 in
1896 1557 2044 1607 rebus

275 1633 569 1696 gravissimis
604 1638 651 1681 et
683 1632 978 1682 difficillimis
1015 1632 1334 1697 expediendis
1367 1637 1613 1687 versetur,
1650 1637 1813 1679 tamen
1846 1643 1944 1677 non
1972 1633 2047 1678 est

272 1704 530 1768 impedita,
559 1718 658 1752 non
684 1711 853 1768 arguta
882 1710 928 1753 et
953 1704 1172 1769 spinosa,
1219 1705 1361 1752 sicuti
1389 1708 1461 1751 est
1485 1704 1536 1750 in
1564 1700 1768 1764 dialogis
1796 1700 2044 1751 Socratico

273 1789 412 1824 more
438 1775 658 1839 scriptiS,
685 1775 736 1822 in
764 1775 941 1839 quibus
967 1791 1112 1839 saepe
1140 1776 1359 1838 argutiae
1386 1775 1589 1838 argutiis
1616 1771 1922 1829 refelluntur,
1959 1770 2045 1820 sed

272 1846 434 1910 potius
468 1845 648 1902 facilis,
683 1847 943 1909 perspicua
979 1852 1026 1895 et
1061 1845 1326 1909 pellucida,
1364 1845 1575 1908 denique
1611 1843 1753 1908 plane
1790 1843 1848 1892 ad
1875 1857 2043 1891 verum

272 1917 618 1981 reperiendum
647 1924 945 1981 comparata.

414 1987 511 2037 Sed
547 1988 776 2037 admonet
809 1988 932 2038 haec
966 1989 1068 2052 ipsa
1096 1987 1529 2052 argumentationis
1557 1988 1706 2035 virtus
1732 1987 1876 2035 etiam
1904 1983 2043 2033 aliam

274 2059 437 2122 operis
463 2059 644 2108 dotem.
696 2059 819 2108 Nam
846 2075 957 2108 cum
984 2060 1242 2122 disputatio
1270 2074 1495 2122 magnam
1532 2063 1720 2122 partem
1747 2062 1969 2106 versetur
1994 2057 2043 2103 in

274 2145 441 2179 rerum
469 2129 799 2179 diffieiliorum
826 2137 872 2179 et
896 2130 1280 2179 reconditiorum
1309 2128 1702 2194 quaestionibuS,
1747 2134 1848 2177 tum
1876 2126 2045 2176 eadem

274 2200 588 2250 nihilominus
633 2200 995 2250 elocutione
1041 2207 1226 2265 atque
1271 2202 1559 2250 dictione
1604 2214 1658 2250 ea
1703 2199 1907 2261 insignis
1959 2203 2045 2253 est,

274 2287 400 2337 quae
438 2287 548 2321 cum
586 2273 793 2322 maxima
831 2272 1065 2336 dignitate
1101 2279 1149 2321 et
1188 2273 1420 2336 gravitate
1459 2287 1698 2320 summam
1725 2270 2046 2334 perspicuita-

274 2349 398 2401 tem,
427 2343 812 2407 simplicitatem,
843 2343 1133 2407 elegantiam
1160 2344 1468 2392 coniunctam
1495 2342 1685 2399 habeat,
1714 2347 1781 2398 ut,
1812 2346 2044 2404 qnantum

275 2414 471 2478 quidem
498 2430 586 2478 per
613 2416 854 2464 sermonis
879 2416 1023 2464 Attici
1051 2414 1454 2464 consuetudinem
1482 2413 1642 2470 licuit,
1681 2411 1799 2462 nihil
1840 2424 2046 2475 usquam

277 2485 512 2541 obscure,
563 2485 686 2535 nihil
729 2485 956 2550 ambigue
996 2493 1042 2535 et
1083 2485 1414 2541 tenebricose,
1461 2484 1581 2533 nihil
1626 2484 1835 2547 denique
1878 2481 2045 2530 inflato

274 2562 469 2605 tumore
496 2559 799 2606 enuntiatum
827 2558 901 2606 sit.
929 2557 1190 2605 Enimvero
1216 2557 1375 2605 nativo
1402 2555 1612 2619 quodam
1639 2555 1759 2603 recti
1778 2554 1879 2601 veri
1900 2567 2045 2600 sensu

277 2628 452 2676 ductus
478 2627 799 2692 philosophus
835 2627 977 2676 facile
1012 2628 1262 2692 perspexit
1298 2628 1550 2675 veritatem
1575 2640 1771 2689 semper
1799 2639 1904 2674 esse
1930 2624 2046 2672 sim-

277 2697 454 2761 plicem
499 2704 643 2761 atque
687 2699 949 2747 maximam
987 2699 1220 2747 orationis
1255 2697 1450 2747 laudem
1485 2698 1534 2745 in
1571 2695 1648 2745 illa
1686 2698 1788 2760 ipsa
1832 2695 2047 2744 veritatis

275 2769 548 2818 imitatione
575 2770 829 2818 contineri.

418 2839 635 2904 Denique
671 2855 769 2888 ars
805 2845 862 2889 et
899 2841 1272 2903 compositio
1302 2838 1543 2903 dialogi
1570 2844 1642 2888 est
1667 2844 1763 2887 tam
1790 2836 2045 2888 admirabi-

277 2910 362 2968 lis,
397 2915 452 2959 ut
487 2926 540 2960 ea
580 2910 696 2959 nihil
733 2911 835 2960 sere
872 2911 1072 2974 cogitari
1108 2913 1262 2975 possit
1297 2911 1391 2959 hoc
1427 2912 1476 2959 in
1503 2924 1686 2972 genere
1713 2908 2044 2966 excellentius,

279 2981 672 3047 quandoquidem
707 2981 902 3031 Phaedo
943 2983 991 3029 in
1037 2984 1097 3031 iis
1141 2988 1212 3031 est
1246 2980 1459 3031 Platonis
1502 2980 1663 3038 libris,
1711 2981 1794 3045 qui
1831 2980 1888 3029 ad
1929 2980 2046 3028 artis

279 3053 410 3116 leges
456 3052 791 3102 sollertissime
836 3059 946 3102 sunt
992 3052 1241 3102 elaborati.
1294 3053 1521 3115 Legimus
1565 3053 1614 3101 in
1659 3051 1838 3101 scholis
1876 3056 2047 3115 poetas

281 3125 583 3174 Graecorum
623 3139 723 3173 non
761 3123 903 3172 aliam
941 3123 1003 3172 ob
1041 3139 1262 3180 causam,
1305 3126 1505 3188 opinor,
1543 3138 1687 3188 quam
1726 3128 1779 3171 ut
1804 3137 1900 3172 una
1935 3136 2043 3170 cum

280 3196 574 3260 antiquitatis
613 3196 891 3258 cognitione
927 3196 1069 3245 etiam
1096 3211 1268 3246 sensus
1296 3195 1563 3259 elegantiae
1591 3210 1646 3243 ac
1671 3194 1934 3243 venustatis
1962 3207 2043 3240 ex-

281 3267 456 3315 citetur
500 3271 548 3315 et
591 3265 962 3323 corroboretur,
1007 3268 1187 3332 quippe
1234 3282 1345 3315 cum
1385 3266 1525 3315 nobis
1564 3279 1849 3330 persuasum
1894 3265 1956 3312 sit
1996 3264 2044 3311 in

280 3335 373 3386 illis
397 3338 508 3386 unis
533 3338 740 3387 maxime
766 3338 1078 3386 humanitatis
1105 3338 1164 3387 ad
1191 3338 1488 3400 singularem
1516 3336 1759 3402 quandam
1785 3334 2046 3400 perfectio-

283 3423 396 3457 nem
435 3408 654 3458 excultae
692 3408 985 3474 exemplaria
1024 3424 1252 3474 expressa
1290 3424 1411 3458 esse.
1465 3408 1588 3467 Quid
1626 3407 1769 3456 vero?
1809 3421 1924 3454 num
1953 3420 2045 3470 qua

283 3480 565 3544 antiquitaS,
606 3495 721 3530 num
761 3496 854 3546 qua
895 3487 1026 3530 aetas
1051 3482 1300 3531 recentior
1326 3479 1469 3531 talem
1497 3479 1637 3528 nobis
1665 3476 1833 3527 extulit
1857 3483 2048 3540 tragoe-
