<?xml version="1.0" encoding="UTF-8"?>
<!DOCTYPE html PUBLIC "-//W3C//DTD XHTML 1.0 Transitional//EN"
    "http://www.w3.org/TR/xhtml1/DTD/xhtml1-transitional.dtd">
<html xmlns="http://www.w3.org/1999/xhtml" xml:lang="en" lang="en">
 <head>
  <title>
</title>
<meta http-equiv="Content-Type" content="text/html;charset=utf-8" />
  <meta name='ocr-system' content='tesseract 3.04.00' />
  <meta name='ocr-capabilities' content='ocr_page ocr_carea ocr_par ocr_line ocrx_word'/>
</head>
<body>
  <div class='ocr_page' id='page_1' title='image "./operaomniarecens01platuoft_0726.png"; bbox 0 0 2158 3718; ppageno 0'>
   <div class='ocr_carea' id='block_1_1' title="bbox 375 163 1431 217">
    <p class='ocr_par' dir='ltr' id='par_1_1' title="bbox 375 163 1431 217">
     <span class='ocr_line' id='line_1_1' title="bbox 375 163 1431 217; baseline 0 0"><span class='ocrx_word' id='word_1_1' title='bbox 375 167 412 217; x_wconf 77' lang='lat'>4</span> <span class='ocrx_word' id='word_1_2' title='bbox 1002 163 1431 217; x_wconf 77' lang='lat' dir='ltr'><strong>PLATONlS</strong></span> 
     </span>
    </p>
   </div>
   <div class='ocr_carea' id='block_1_2' title="bbox 298 307 2086 805">
    <p class='ocr_par' dir='ltr' id='par_1_2' title="bbox 298 307 2086 805">
     <span class='ocr_line' id='line_1_2' title="bbox 384 307 2079 386; baseline 0.002 -19"><span class='ocrx_word' id='word_1_3' title='bbox 384 313 504 367; x_wconf 84' lang='grc' dir='ltr'><strong>Καὶ</strong></span> <span class='ocrx_word' id='word_1_4' title='bbox 547 309 642 380; x_wconf 79' lang='grc' dir='ltr'><strong>ὅς,</strong></span> <span class='ocrx_word' id='word_1_5' title='bbox 681 307 1092 380; x_wconf 78' lang='grc' dir='ltr'><strong><em>Ἀπολλόδωρε,</em></strong></span> <span class='ocrx_word' id='word_1_6' title='bbox 1139 313 1272 385; x_wconf 73' lang='grc' dir='ltr'><strong>ἔφη,</strong></span> <span class='ocrx_word' id='word_1_7' title='bbox 1298 313 1412 373; x_wconf 12' lang='grc' dir='ltr'><strong>ικαὶ</strong></span> <span class='ocrx_word' id='word_1_8' title='bbox 1451 307 1566 382; x_wconf 79' lang='grc' dir='ltr'><strong>μὴν</strong></span> <span class='ocrx_word' id='word_1_9' title='bbox 1612 311 1704 368; x_wconf 83' lang='grc' dir='ltr'><strong>καὶ</strong></span> <span class='ocrx_word' id='word_1_10' title='bbox 1749 311 1980 386; x_wconf 77' lang='grc' dir='ltr'><em>ἕναγχός</em></span> <span class='ocrx_word' id='word_1_11' title='bbox 2021 333 2079 371; x_wconf 77' lang='grc' dir='ltr'><strong>σε</strong></span> 
     </span>
     <span class='ocr_line' id='line_1_3' title="bbox 392 393 2081 468; baseline 0.001 -16"><span class='ocrx_word' id='word_1_12' title='bbox 392 393 627 464; x_wconf 76' lang='grc' dir='ltr'>ἐζήτουν</span> <span class='ocrx_word' id='word_1_13' title='bbox 686 394 1034 468; x_wconf 82' lang='grc' dir='ltr'><em>βουλόμενος</em></span> <span class='ocrx_word' id='word_1_14' title='bbox 1109 395 1508 451; x_wconf 76' lang='grc' dir='ltr'><em>διαπυθέσθαι</em></span> <span class='ocrx_word' id='word_1_15' title='bbox 1580 393 1684 464; x_wconf 77' lang='grc' dir='ltr'><strong>τὴν</strong></span> <span class='ocrx_word' id='word_1_16' title='bbox 1747 393 2081 468; x_wconf 76' lang='grc' dir='ltr'><strong>Ἀγάθωνος</strong></span> 
     </span>
     <span class='ocr_line' id='line_1_4' title="bbox 298 476 2083 551; baseline 0.002 -16"><span class='ocrx_word' id='word_1_17' title='bbox 298 486 340 535; x_wconf 88' lang='grc' dir='ltr'>Β</span> <span class='ocrx_word' id='word_1_18' title='bbox 398 482 690 549; x_wconf 78' lang='grc' dir='ltr'><em>ξυνουσίαν</em></span> <span class='ocrx_word' id='word_1_19' title='bbox 736 481 831 534; x_wconf 85' lang='grc' dir='ltr'><strong>καὶ</strong></span> <span class='ocrx_word' id='word_1_20' title='bbox 873 476 1224 548; x_wconf 77' lang='grc' dir='ltr'><em>Σωκράτους</em></span> <span class='ocrx_word' id='word_1_21' title='bbox 1269 500 1359 533; x_wconf 81' lang='grc' dir='ltr'><strong>και</strong></span> <span class='ocrx_word' id='word_1_22' title='bbox 1401 477 1754 551; x_wconf 74' lang='grc' dir='ltr'><em>Ἀλκιβιάδου</em></span> <span class='ocrx_word' id='word_1_23' title='bbox 1819 485 1911 538; x_wconf 83' lang='grc' dir='ltr'><strong>καὶ</strong></span> <span class='ocrx_word' id='word_1_24' title='bbox 1971 485 2083 538; x_wconf 84' lang='grc' dir='ltr'><strong>τῶν</strong></span> 
     </span>
     <span class='ocr_line' id='line_1_5' title="bbox 390 557 2084 638; baseline 0.001 -17"><span class='ocrx_word' id='word_1_25' title='bbox 390 563 573 621; x_wconf 80' lang='grc' dir='ltr'><em>ἄλλων</em></span> <span class='ocrx_word' id='word_1_26' title='bbox 631 566 744 619; x_wconf 83' lang='grc' dir='ltr'><strong>τῶν</strong></span> <span class='ocrx_word' id='word_1_27' title='bbox 800 557 924 617; x_wconf 83' lang='grc' dir='ltr'><em>τότε</em></span> <span class='ocrx_word' id='word_1_28' title='bbox 996 567 1055 617; x_wconf 74' lang='grc' dir='ltr'><strong>ἐν</strong></span> <span class='ocrx_word' id='word_1_29' title='bbox 1115 583 1192 633; x_wconf 83' lang='grc' dir='ltr'><strong>τῳ</strong></span> <span class='ocrx_word' id='word_1_30' title='bbox 1251 566 1553 634; x_wconf 76' lang='grc' dir='ltr'><em>συυδείπυω</em></span> <span class='ocrx_word' id='word_1_31' title='bbox 1620 571 2084 638; x_wconf 52' lang='grc' dir='ltr'><em>παραὶευομένων</em></span> 
     </span>
     <span class='ocr_line' id='line_1_6' title="bbox 389 639 2083 724; baseline -0.001 -18"><span class='ocrx_word' id='word_1_32' title='bbox 389 652 513 721; x_wconf 82' lang='grc' dir='ltr'><strong><em>περὶ</em></strong></span> <span class='ocrx_word' id='word_1_33' title='bbox 559 652 669 703; x_wconf 83' lang='grc' dir='ltr'><strong>τῶν</strong></span> <span class='ocrx_word' id='word_1_34' title='bbox 729 647 1002 718; x_wconf 72' lang='grc' dir='ltr'><strong><em>ἐρωτικῶν</em></strong></span> <span class='ocrx_word' id='word_1_35' title='bbox 1058 643 1269 717; x_wconf 63' lang='grc' dir='ltr'><em>λόγων,</em></span> <span class='ocrx_word' id='word_1_36' title='bbox 1328 651 1473 712; x_wconf 72' lang='grc' dir='ltr'><strong><em>τίνες</em></strong></span> <span class='ocrx_word' id='word_1_37' title='bbox 1525 639 1690 716; x_wconf 75' lang='grc' dir='ltr'><em>ἦσαν.</em></span> <span class='ocrx_word' id='word_1_38' title='bbox 1749 646 1920 716; x_wconf 78' lang='grc' dir='ltr'><em>ἄλλος</em></span> <span class='ocrx_word' id='word_1_39' title='bbox 1974 673 2083 724; x_wconf 76' lang='grc' dir='ltr'><strong>γαρ</strong></span> 
     </span>
     <span class='ocr_line' id='line_1_7' title="bbox 390 727 2086 805; baseline 0.001 -16"><span class='ocrx_word' id='word_1_40' title='bbox 390 756 471 799; x_wconf 82' lang='grc' dir='ltr'><strong>τις</strong></span> <span class='ocrx_word' id='word_1_41' title='bbox 521 755 620 805; x_wconf 89' lang='grc' dir='ltr'><strong>μοι</strong></span> <span class='ocrx_word' id='word_1_42' title='bbox 674 733 913 802; x_wconf 73' lang='grc' dir='ltr'><em>διηγεῖτο</em></span> <span class='ocrx_word' id='word_1_43' title='bbox 974 727 1228 798; x_wconf 80' lang='grc' dir='ltr'><em>ακηκοώς</em></span> <span class='ocrx_word' id='word_1_44' title='bbox 1288 733 1555 797; x_wconf 81' lang='grc' dir='ltr'><em>Φοινικος</em></span> <span class='ocrx_word' id='word_1_45' title='bbox 1618 735 1719 791; x_wconf 83' lang='grc' dir='ltr'><strong>τοῦ</strong></span> <span class='ocrx_word' id='word_1_46' title='bbox 1786 737 2086 801; x_wconf 84' lang='grc' dir='ltr'><em>Φιλιππου,</em></span> 
     </span>
    </p>
   </div>
   <div class='ocr_carea' id='block_1_3' title="bbox 388 949 2085 1123">
    <p class='ocr_par' dir='ltr' id='par_1_3' title="bbox 388 949 2085 1123">
     <span class='ocr_line' id='line_1_8' title="bbox 502 949 2080 1018; baseline 0.003 -26"><span class='ocrx_word' id='word_1_47' title='bbox 502 968 524 992; x_wconf 79' lang='grc' dir='ltr'>κ</span> <span class='ocrx_word' id='word_1_48' title='bbox 536 950 591 992; x_wconf 83' lang='grc' dir='ltr'><strong>αὶ</strong></span> <span class='ocrx_word' id='word_1_49' title='bbox 629 968 661 1007; x_wconf 76' lang='grc' dir='ltr'><strong>μ.</strong></span> <span class='ocrx_word' id='word_1_50' title='bbox 675 949 696 1003; x_wconf 74' lang='grc' dir='ltr'><em>ἢ</em></span> <span class='ocrx_word' id='word_1_51' title='bbox 713 966 734 991; x_wconf 80' lang='grc' dir='ltr'><strong><em>ν</em></strong></span> <span class='ocrx_word' id='word_1_52' title='bbox 772 968 794 991; x_wconf 80' lang='grc' dir='ltr'><strong><em>κ</em></strong></span> <span class='ocrx_word' id='word_1_53' title='bbox 805 951 861 992; x_wconf 81' lang='grc' dir='ltr'><strong>αὶ</strong></span> <span class='ocrx_word' id='word_1_54' title='bbox 899 952 949 992; x_wconf 72' lang='grc' dir='ltr'><strong>ἔν</strong></span> <span class='ocrx_word' id='word_1_55' title='bbox 960 968 1058 1006; x_wconf 77' lang='grc' dir='ltr'><strong>αγχ</strong></span> <span class='ocrx_word' id='word_1_56' title='bbox 1072 967 1095 992; x_wconf 91' lang='grc' dir='ltr'><em>ο</em></span> <span class='ocrx_word' id='word_1_57' title='bbox 1108 951 1152 1006; x_wconf 81' lang='grc' dir='ltr'><strong>ς]</strong></span> <span class='ocrx_word' id='word_1_58' title='bbox 1216 953 1411 1018; x_wconf 64' lang='lat' dir='ltr'><strong>Alterum</strong></span> <span class='ocrx_word' id='word_1_59' title='bbox 1453 954 1548 1004; x_wconf 80' lang='grc' dir='ltr'><em>καί,</em></span> <span class='ocrx_word' id='word_1_60' title='bbox 1587 953 1702 1008; x_wconf 81' lang='lat' dir='ltr'><strong>quod</strong></span> <span class='ocrx_word' id='word_1_61' title='bbox 1745 955 1874 1007; x_wconf 68' lang='lat' dir='ltr'><strong>vulgo</strong></span> <span class='ocrx_word' id='word_1_62' title='bbox 1913 955 2080 1006; x_wconf 75' lang='lat' dir='ltr'><strong>uberat,</strong></span> 
     </span>
     <span class='ocr_line' id='line_1_9' title="bbox 388 1008 2085 1123; baseline 0.001 -14"><span class='ocrx_word' id='word_1_63' title='bbox 388 1008 1465 1123; x_wconf 45' lang='lat' dir='ltr'><strong>{llf‘lss&#39;nffoffll7Y”{·..5¹·„3&#39;:¹1·</strong></span> <span class='ocrx_word' id='word_1_64' title='bbox 1670 1025 1711 1054; x_wconf 67' lang='lat'><strong>⁰·</strong></span> <span class='ocrx_word' id='word_1_65' title='bbox 1741 1026 1791 1054; x_wconf 65' lang='lat' dir='ltr'><strong>w·</strong></span> <span class='ocrx_word' id='word_1_66' title='bbox 1973 1027 2012 1055; x_wconf 65' lang='lat'><strong>³·</strong></span> <span class='ocrx_word' id='word_1_67' title='bbox 2045 1013 2085 1054; x_wconf 55' lang='lat'><strong>¹»-</strong></span> 
     </span>
    </p>
   </div>
   <div class='ocr_carea' id='block_1_4' title="bbox 391 1150 2092 1439">
    <p class='ocr_par' dir='ltr' id='par_1_4' title="bbox 391 1150 2092 1439">
     <span class='ocr_line' id='line_1_10' title="bbox 503 1150 2086 1208; baseline 0.001 -14"><span class='ocrx_word' id='word_1_68' title='bbox 503 1152 559 1194; x_wconf 93' lang='lat' dir='ltr'><strong>B.</strong></span> <span class='ocrx_word' id='word_1_69' title='bbox 619 1153 672 1193; x_wconf 68' lang='grc' dir='ltr'><strong>ἐν</strong></span> <span class='ocrx_word' id='word_1_70' title='bbox 700 1157 768 1208; x_wconf 78' lang='grc' dir='ltr'><strong>τῷ</strong></span> <span class='ocrx_word' id='word_1_71' title='bbox 799 1151 1124 1208; x_wconf 71' lang='grc' dir='ltr'><em>συνδείπνῳ]</em></span> <span class='ocrx_word' id='word_1_72' title='bbox 1178 1152 1310 1195; x_wconf 88' lang='lat' dir='ltr'><strong>Bekk.</strong></span> <span class='ocrx_word' id='word_1_73' title='bbox 1346 1165 1400 1195; x_wconf 87' lang='lat' dir='ltr'><strong>ex</strong></span> <span class='ocrx_word' id='word_1_74' title='bbox 1431 1165 1516 1193; x_wconf 88' lang='lat' dir='ltr'><strong>uno</strong></span> <span class='ocrx_word' id='word_1_75' title='bbox 1549 1152 1645 1194; x_wconf 89' lang='lat' dir='ltr'><strong>Vat.</strong></span> <span class='ocrx_word' id='word_1_76' title='bbox 1680 1150 1732 1195; x_wconf 89' lang='lat' dir='ltr'><strong>A.</strong></span> <span class='ocrx_word' id='word_1_77' title='bbox 1766 1153 1887 1196; x_wconf 82' lang='lat' dir='ltr'>dedit</span> <span class='ocrx_word' id='word_1_78' title='bbox 1919 1155 2086 1208; x_wconf 67' lang='grc' dir='ltr'><em>δείπνῳ.</em></span> 
     </span>
     <span class='ocr_line' id='line_1_11' title="bbox 391 1209 2090 1264; baseline 0.001 -12"><span class='ocrx_word' id='word_1_79' title='bbox 391 1210 525 1252; x_wconf 84' lang='lat' dir='ltr'><strong>Coisl.</strong></span> <span class='ocrx_word' id='word_1_80' title='bbox 565 1210 681 1259; x_wconf 56' lang='lat' dir='ltr'><strong>Par„</strong></span> <span class='ocrx_word' id='word_1_81' title='bbox 706 1209 798 1251; x_wconf 79' lang='lat' dir='ltr'><strong>EF.</strong></span> <span class='ocrx_word' id='word_1_82' title='bbox 842 1212 950 1264; x_wconf 83' lang='lat' dir='ltr'><strong>Aug.</strong></span> <span class='ocrx_word' id='word_1_83' title='bbox 996 1211 1091 1252; x_wconf 89' lang='lat' dir='ltr'><strong>Vat.</strong></span> <span class='ocrx_word' id='word_1_84' title='bbox 1129 1222 1170 1251; x_wconf 92' lang='lat' dir='ltr'><strong>n.</strong></span> <span class='ocrx_word' id='word_1_85' title='bbox 1203 1224 1239 1251; x_wconf 85' lang='lat' dir='ltr'><strong>s.</strong></span> <span class='ocrx_word' id='word_1_86' title='bbox 1277 1211 1382 1251; x_wconf 91' lang='lat' dir='ltr'><strong>Ven.</strong></span> <span class='ocrx_word' id='word_1_87' title='bbox 1416 1214 1447 1251; x_wconf 87' lang='lat' dir='ltr'><strong>t.</strong></span> <span class='ocrx_word' id='word_1_88' title='bbox 1478 1209 1602 1251; x_wconf 87' lang='lat' dir='ltr'><strong>Vind.</strong></span> <span class='ocrx_word' id='word_1_89' title='bbox 1638 1212 1673 1255; x_wconf 80' lang='lat'><strong>1.</strong></span> <span class='ocrx_word' id='word_1_90' title='bbox 1706 1210 1820 1253; x_wconf 88' lang='lat' dir='ltr'><strong>Flor.</strong></span> <span class='ocrx_word' id='word_1_91' title='bbox 1854 1225 1877 1253; x_wconf 87' lang='lat' dir='ltr'><strong>a</strong></span> <span class='ocrx_word' id='word_1_92' title='bbox 1926 1213 1966 1255; x_wconf 87' lang='lat' dir='ltr'><strong>b.</strong></span> <span class='ocrx_word' id='word_1_93' title='bbox 1997 1226 2032 1254; x_wconf 90' lang='lat' dir='ltr'><strong>c.</strong></span> <span class='ocrx_word' id='word_1_94' title='bbox 2062 1214 2090 1254; x_wconf 77' lang='lat' dir='ltr'><strong>i:</strong></span> 
     </span>
     <span class='ocr_line' id='line_1_12' title="bbox 394 1266 2092 1321; baseline 0.002 -11"><span class='ocrx_word' id='word_1_95' title='bbox 394 1273 438 1310; x_wconf 88' lang='lat' dir='ltr'><strong>et</strong></span> <span class='ocrx_word' id='word_1_96' title='bbox 477 1266 545 1310; x_wconf 93' lang='lat' dir='ltr'><strong>ed.</strong></span> <span class='ocrx_word' id='word_1_97' title='bbox 587 1267 690 1309; x_wconf 88' lang='lat' dir='ltr'><strong>Bas.</strong></span> <span class='ocrx_word' id='word_1_98' title='bbox 730 1267 773 1310; x_wconf 89' lang='lat'><strong>2.</strong></span> <span class='ocrx_word' id='word_1_99' title='bbox 807 1268 1097 1319; x_wconf 72' lang='grc' dir='ltr'><strong>συνδειπνεῖν,</strong></span> <span class='ocrx_word' id='word_1_100' title='bbox 1146 1266 1263 1320; x_wconf 83' lang='lat' dir='ltr'>qnod</span> <span class='ocrx_word' id='word_1_101' title='bbox 1302 1269 1442 1309; x_wconf 84' lang='lat' dir='ltr'><strong>firmat</strong></span> <span class='ocrx_word' id='word_1_102' title='bbox 1481 1273 1700 1321; x_wconf 79' lang='lat' dir='ltr'>receptam</span> <span class='ocrx_word' id='word_1_103' title='bbox 1742 1269 1985 1313; x_wconf 87' lang='lat' dir='ltr'><strong>lectionem.</strong></span> <span class='ocrx_word' id='word_1_104' title='bbox 2027 1271 2092 1312; x_wconf 86' lang='lat' dir='ltr'><strong>De</strong></span> 
     </span>
     <span class='ocr_line' id='line_1_13' title="bbox 393 1323 2092 1379; baseline 0.002 -13"><span class='ocrx_word' id='word_1_105' title='bbox 393 1338 488 1368; x_wconf 83' lang='lat' dir='ltr'><strong>voc.</strong></span> <span class='ocrx_word' id='word_1_106' title='bbox 518 1323 770 1367; x_wconf 77' lang='grc' dir='ltr'><em>σύνδειπνον</em></span> <span class='ocrx_word' id='word_1_107' title='bbox 797 1338 840 1368; x_wconf 84' lang='lat' dir='ltr'><strong>v.</strong></span> <span class='ocrx_word' id='word_1_108' title='bbox 876 1324 1123 1368; x_wconf 82' lang='lat' dir='ltr'>Athenaeus</span> <span class='ocrx_word' id='word_1_109' title='bbox 1162 1325 1273 1366; x_wconf 83' lang='lat' dir='ltr'><strong>vlll.</strong></span> <span class='ocrx_word' id='word_1_110' title='bbox 1306 1339 1347 1379; x_wconf 88' lang='lat' dir='ltr'><strong>p.</strong></span> <span class='ocrx_word' id='word_1_111' title='bbox 1379 1324 1478 1370; x_wconf 84' lang='lat'><strong>565.</strong></span> <span class='ocrx_word' id='word_1_112' title='bbox 1508 1325 1561 1365; x_wconf 84' lang='lat' dir='ltr'><strong>B.</strong></span> <span class='ocrx_word' id='word_1_113' title='bbox 1595 1326 1643 1366; x_wconf 91' lang='lat' dir='ltr'><strong>C.</strong></span> <span class='ocrx_word' id='word_1_114' title='bbox 1677 1327 1774 1367; x_wconf 89' lang='lat' dir='ltr'><strong>coll.</strong></span> <span class='ocrx_word' id='word_1_115' title='bbox 1813 1327 1881 1369; x_wconf 84' lang='lat' dir='ltr'><strong>vl.</strong></span> <span class='ocrx_word' id='word_1_116' title='bbox 1924 1328 1962 1370; x_wconf 88' lang='grc'><strong>7.</strong></span> <span class='ocrx_word' id='word_1_117' title='bbox 2007 1329 2092 1370; x_wconf 86' lang='lat' dir='ltr'><strong>Pe-</strong></span> 
     </span>
     <span class='ocr_line' id='line_1_14' title="bbox 391 1381 2089 1439; baseline 0.001 -15"><span class='ocrx_word' id='word_1_118' title='bbox 391 1383 527 1424; x_wconf 88' lang='lat' dir='ltr'><strong>rizon.</strong></span> <span class='ocrx_word' id='word_1_119' title='bbox 568 1381 623 1423; x_wconf 87' lang='lat' dir='ltr'><strong>ad</strong></span> <span class='ocrx_word' id='word_1_120' title='bbox 663 1383 826 1424; x_wconf 85' lang='lat' dir='ltr'><strong>Aelian.</strong></span> <span class='ocrx_word' id='word_1_121' title='bbox 867 1383 917 1426; x_wconf 91' lang='lat' dir='ltr'><strong>V.</strong></span> <span class='ocrx_word' id='word_1_122' title='bbox 957 1383 1017 1425; x_wconf 93' lang='lat' dir='ltr'><strong>H.</strong></span> <span class='ocrx_word' id='word_1_123' title='bbox 1058 1383 1113 1427; x_wconf 89' lang='lat'><strong>11.</strong></span> <span class='ocrx_word' id='word_1_124' title='bbox 1149 1381 1218 1426; x_wconf 81' lang='lat'><strong>18.</strong></span> <span class='ocrx_word' id='word_1_125' title='bbox 1261 1388 1305 1425; x_wconf 90' lang='lat' dir='ltr'><strong>et</strong></span> <span class='ocrx_word' id='word_1_126' title='bbox 1334 1382 1469 1439; x_wconf 90' lang='lat' dir='ltr'><strong>intpp.</strong></span> <span class='ocrx_word' id='word_1_127' title='bbox 1503 1381 1558 1424; x_wconf 92' lang='lat' dir='ltr'><strong>ad</strong></span> <span class='ocrx_word' id='word_1_128' title='bbox 1588 1381 1766 1437; x_wconf 83' lang='lat' dir='ltr'><strong>Fragm.</strong></span> <span class='ocrx_word' id='word_1_129' title='bbox 1799 1382 2005 1439; x_wconf 84' lang='lat' dir='ltr'><strong>Sophocl.</strong></span> <span class='ocrx_word' id='word_1_130' title='bbox 2033 1385 2089 1427; x_wconf 92' lang='lat' dir='ltr'><strong>T.</strong></span> 
     </span>
    </p>
   </div>
   <div class='ocr_carea' id='block_1_5' title="bbox 394 1439 898 1495">
    <p class='ocr_par' dir='ltr' id='par_1_5' title="bbox 394 1439 898 1495">
     <span class='ocr_line' id='line_1_15' title="bbox 394 1439 898 1495; baseline -0.004 -12"><span class='ocrx_word' id='word_1_131' title='bbox 394 1441 448 1483; x_wconf 87' lang='grc' dir='ltr'><strong>ΙΙ.</strong></span> <span class='ocrx_word' id='word_1_132' title='bbox 478 1453 521 1495; x_wconf 88' lang='lat' dir='ltr'><strong>p.</strong></span> <span class='ocrx_word' id='word_1_133' title='bbox 553 1439 624 1486; x_wconf 86' lang='lat'><strong>20.</strong></span> <span class='ocrx_word' id='word_1_134' title='bbox 657 1439 724 1482; x_wconf 90' lang='lat' dir='ltr'><strong>ed.</strong></span> <span class='ocrx_word' id='word_1_135' title='bbox 757 1441 898 1483; x_wconf 84' lang='lat' dir='ltr'><strong>Oxou.</strong></span> 
     </span>
    </p>
   </div>
   <div class='ocr_carea' id='block_1_6' title="bbox 394 1580 1208 3472">
    <p class='ocr_par' dir='ltr' id='par_1_6' title="bbox 394 1580 1208 3472">
     <span class='ocr_line' id='line_1_16' title="bbox 394 1580 1208 1638; baseline 0 -15"><span class='ocrx_word' id='word_1_136' title='bbox 394 1580 564 1638; x_wconf 74' lang='grc' dir='ltr'><em>τρόθεν</em></span> <span class='ocrx_word' id='word_1_137' title='bbox 603 1580 830 1638; x_wconf 79' lang='grc' dir='ltr'><strong>ὄνομᾰζων</strong></span> <span class='ocrx_word' id='word_1_138' title='bbox 886 1581 961 1621; x_wconf 79' lang='grc' dir='ltr'><strong>καὶ</strong></span> <span class='ocrx_word' id='word_1_139' title='bbox 1002 1580 1140 1636; x_wconf 73' lang='grc' dir='ltr'><em>ᾳύληι</em></span> <span class='ocrx_word' id='word_1_140' title='bbox 1170 1599 1208 1623; x_wconf 84' lang='grc' dir='ltr'><strong>κ.</strong></span> 
     </span>
     <span class='ocr_line' id='line_1_17' title="bbox 395 1639 1207 1682; baseline 0 -1"><span class='ocrx_word' id='word_1_141' title='bbox 395 1658 436 1681; x_wconf 75' lang='grc' dir='ltr'><strong>τ.</strong></span> <span class='ocrx_word' id='word_1_142' title='bbox 479 1639 502 1680; x_wconf 87' lang='grc' dir='ltr'><em>λ</em></span> <span class='ocrx_word' id='word_1_143' title='bbox 580 1639 671 1682; x_wconf 85' lang='lat' dir='ltr'><strong>Sed</strong></span> <span class='ocrx_word' id='word_1_144' title='bbox 713 1639 770 1680; x_wconf 90' lang='lat' dir='ltr'><strong>ita</strong></span> <span class='ocrx_word' id='word_1_145' title='bbox 813 1651 968 1680; x_wconf 57' lang='lat' dir='ltr'><strong>uereor</strong></span> <span class='ocrx_word' id='word_1_146' title='bbox 1014 1644 1061 1680; x_wconf 91' lang='lat' dir='ltr'><strong>nt</strong></span> <span class='ocrx_word' id='word_1_147' title='bbox 1100 1640 1207 1681; x_wconf 86' lang='lat' dir='ltr'><strong>scri-</strong></span> 
     </span>
     <span class='ocr_line' id='line_1_18' title="bbox 401 1689 1206 1745; baseline -0.004 -6"><span class='ocrx_word' id='word_1_148' title='bbox 401 1697 589 1740; x_wconf 86' lang='lat' dir='ltr'><strong>bendum</strong></span> <span class='ocrx_word' id='word_1_149' title='bbox 622 1696 770 1739; x_wconf 73' lang='lat' dir='ltr'><strong>fuerit·</strong></span> <span class='ocrx_word' id='word_1_150' title='bbox 809 1689 840 1737; x_wconf 78' lang='grc' dir='ltr'><em>ὦ</em></span> <span class='ocrx_word' id='word_1_151' title='bbox 885 1690 1020 1745; x_wconf 72' lang='grc' dir='ltr'><em>οὗτος</em></span> <span class='ocrx_word' id='word_1_152' title='bbox 1048 1695 1206 1738; x_wconf 77' lang='grc' dir='ltr'><em>Ἀπολ-</em></span> 
     </span>
     <span class='ocr_line' id='line_1_19' title="bbox 395 1751 1204 1810; baseline 0.001 -14"><span class='ocrx_word' id='word_1_153' title='bbox 395 1754 588 1810; x_wconf 79' lang='grc' dir='ltr'><em>λόδωρος</em></span> <span class='ocrx_word' id='word_1_154' title='bbox 620 1753 641 1795; x_wconf 84' lang='grc' dir='ltr'>ὁ</span> <span class='ocrx_word' id='word_1_155' title='bbox 679 1751 920 1809; x_wconf 75' lang='grc' dir='ltr'><em>Φαληρεύς.</em></span> <span class='ocrx_word' id='word_1_156' title='bbox 972 1754 1204 1807; x_wconf 75' lang='lat' dir='ltr'>Ingeniosa</span> 
     </span>
     <span class='ocr_line' id='line_1_20' title="bbox 397 1811 1203 1864; baseline 0 -10"><span class='ocrx_word' id='word_1_157' title='bbox 397 1817 466 1855; x_wconf 84' lang='lat' dir='ltr'><strong>est</strong></span> <span class='ocrx_word' id='word_1_158' title='bbox 497 1811 649 1854; x_wconf 86' lang='lat' dir='ltr'><strong>Astii</strong></span> <span class='ocrx_word' id='word_1_159' title='bbox 685 1811 948 1862; x_wconf 85' lang='lat' dir='ltr'><strong>coniectura,</strong></span> <span class='ocrx_word' id='word_1_160' title='bbox 977 1812 1047 1864; x_wconf 88' lang='lat' dir='ltr'><strong>qui</strong></span> <span class='ocrx_word' id='word_1_161' title='bbox 1068 1812 1203 1854; x_wconf 86' lang='lat' dir='ltr'><strong>Glau-</strong></span> 
     </span>
     <span class='ocr_line' id='line_1_21' title="bbox 398 1869 1203 1924; baseline -0.001 -13"><span class='ocrx_word' id='word_1_162' title='bbox 398 1882 551 1912; x_wconf 90' lang='lat' dir='ltr'><strong>conem</strong></span> <span class='ocrx_word' id='word_1_163' title='bbox 594 1873 742 1911; x_wconf 85' lang='lat' dir='ltr'><strong>censet</strong></span> <span class='ocrx_word' id='word_1_164' title='bbox 785 1881 942 1910; x_wconf 91' lang='lat' dir='ltr'><strong>nomen</strong></span> <span class='ocrx_word' id='word_1_165' title='bbox 973 1869 1203 1924; x_wconf 78' lang='grc' dir='ltr'><em>Ψαληρεὺς</em></span> 
     </span>
     <span class='ocr_line' id='line_1_22' title="bbox 399 1924 1204 1981; baseline -0.002 -12"><span class='ocrx_word' id='word_1_166' title='bbox 399 1927 597 1970; x_wconf 68' lang='lat' dir='ltr'><strong>similiter</strong></span> <span class='ocrx_word' id='word_1_167' title='bbox 619 1933 749 1980; x_wconf 80' lang='lat' dir='ltr'><strong>atque</strong></span> <span class='ocrx_word' id='word_1_168' title='bbox 781 1924 965 1981; x_wconf 73' lang='grc' dir='ltr'><em>φαλαρὶς</em></span> <span class='ocrx_word' id='word_1_169' title='bbox 996 1941 1030 1968; x_wconf 91' lang='lat' dir='ltr'><strong>s.</strong></span> <span class='ocrx_word' id='word_1_170' title='bbox 1063 1927 1204 1981; x_wconf 84' lang='grc' dir='ltr'><em>φαλη-</em></span> 
     </span>
     <span class='ocr_line' id='line_1_23' title="bbox 399 1984 1203 2040; baseline 0.002 -15"><span class='ocrx_word' id='word_1_171' title='bbox 399 1985 467 2040; x_wconf 80' lang='grc' dir='ltr'><strong>ρὶς</strong></span> <span class='ocrx_word' id='word_1_172' title='bbox 495 1984 801 2038; x_wconf 78' lang='lat' dir='ltr'><strong>pronuntiasse</strong></span> <span class='ocrx_word' id='word_1_173' title='bbox 831 1990 959 2037; x_wconf 82' lang='lat' dir='ltr'><strong>atque</strong></span> <span class='ocrx_word' id='word_1_174' title='bbox 995 1997 1048 2026; x_wconf 89' lang='lat' dir='ltr'><strong>eo</strong></span> <span class='ocrx_word' id='word_1_175' title='bbox 1072 1984 1203 2027; x_wconf 83' lang='lat' dir='ltr'><strong>modo</strong></span> 
     </span>
     <span class='ocr_line' id='line_1_24' title="bbox 398 2040 1206 2097; baseline 0 -13"><span class='ocrx_word' id='word_1_176' title='bbox 398 2043 549 2085; x_wconf 86' lang='lat' dir='ltr'><strong>risisse</strong></span> <span class='ocrx_word' id='word_1_177' title='bbox 581 2041 836 2097; x_wconf 78' lang='lat' dir='ltr'><strong>Apollodori</strong></span> <span class='ocrx_word' id='word_1_178' title='bbox 859 2040 1088 2084; x_wconf 74' lang='lat' dir='ltr'><strong>calvitium.</strong></span> <span class='ocrx_word' id='word_1_179' title='bbox 1125 2041 1206 2084; x_wconf 80' lang='lat' dir='ltr'><strong>Est</strong></span> 
     </span>
     <span class='ocr_line' id='line_1_25' title="bbox 399 2098 1203 2156; baseline 0.006 -20"><span class='ocrx_word' id='word_1_180' title='bbox 399 2100 512 2144; x_wconf 78' lang='lat' dir='ltr'><strong>enim</strong></span> <span class='ocrx_word' id='word_1_181' title='bbox 584 2098 770 2156; x_wconf 74' lang='grc' dir='ltr'><em>φαλαρὶς</em></span> <span class='ocrx_word' id='word_1_182' title='bbox 838 2098 933 2142; x_wconf 84' lang='lat' dir='ltr'><strong>avis</strong></span> <span class='ocrx_word' id='word_1_183' title='bbox 992 2099 1203 2154; x_wconf 85' lang='lat' dir='ltr'><strong>aquatica,</strong></span> 
     </span>
     <span class='ocr_line' id='line_1_26' title="bbox 399 2156 1204 2214; baseline 0.001 -15"><span class='ocrx_word' id='word_1_184' title='bbox 399 2170 530 2214; x_wconf 88' lang='lat' dir='ltr'><strong>quam</strong></span> <span class='ocrx_word' id='word_1_185' title='bbox 572 2169 683 2198; x_wconf 90' lang='lat' dir='ltr'><strong>nunc</strong></span> <span class='ocrx_word' id='word_1_186' title='bbox 723 2170 820 2199; x_wconf 89' lang='lat' dir='ltr'><strong>cum</strong></span> <span class='ocrx_word' id='word_1_187' title='bbox 851 2156 1046 2198; x_wconf 86' lang='lat' dir='ltr'><strong>Linnaeo</strong></span> <span class='ocrx_word' id='word_1_188' title='bbox 1079 2156 1204 2200; x_wconf 83' lang='lat' dir='ltr'><strong>fuli-</strong></span> 
     </span>
     <span class='ocr_line' id='line_1_27' title="bbox 402 2213 1207 2268; baseline -0.001 -11"><span class='ocrx_word' id='word_1_189' title='bbox 402 2227 515 2257; x_wconf 85' lang='lat' dir='ltr'><strong>cam</strong></span> <span class='ocrx_word' id='word_1_190' title='bbox 559 2213 690 2268; x_wconf 86' lang='lat' dir='ltr'><strong>(das</strong></span> <span class='ocrx_word' id='word_1_191' title='bbox 731 2214 930 2257; x_wconf 82' lang='lat' dir='ltr'><strong>weisse</strong></span> <span class='ocrx_word' id='word_1_192' title='bbox 959 2213 1207 2256; x_wconf 81' lang='lat' dir='ltr'><strong>Wasser-</strong></span> 
     </span>
     <span class='ocr_line' id='line_1_28' title="bbox 400 2271 1206 2331; baseline 0 -17"><span class='ocrx_word' id='word_1_193' title='bbox 400 2271 502 2314; x_wconf 66' lang='lat' dir='ltr'><strong>hul:</strong></span> <span class='ocrx_word' id='word_1_194' title='bbox 518 2271 566 2325; x_wconf 89' lang='lat' dir='ltr'><strong>n)</strong></span> <span class='ocrx_word' id='word_1_195' title='bbox 596 2273 837 2328; x_wconf 82' lang='lat' dir='ltr'><strong>appellant,</strong></span> <span class='ocrx_word' id='word_1_196' title='bbox 874 2284 999 2325; x_wconf 88' lang='lat' dir='ltr'><strong>quam</strong></span> <span class='ocrx_word' id='word_1_197' title='bbox 1032 2271 1206 2331; x_wconf 85' lang='lat' dir='ltr'><strong>quidem</strong></span> 
     </span>
     <span class='ocr_line' id='line_1_29' title="bbox 401 2329 1205 2377; baseline -0.001 -5"><span class='ocrx_word' id='word_1_198' title='bbox 401 2344 427 2372; x_wconf 87' lang='lat' dir='ltr'><strong>a</strong></span> <span class='ocrx_word' id='word_1_199' title='bbox 458 2329 639 2372; x_wconf 82' lang='lat' dir='ltr'><strong>candido</strong></span> <span class='ocrx_word' id='word_1_200' title='bbox 681 2329 851 2373; x_wconf 66' lang='lat' dir='ltr'><strong>calsitio</strong></span> <span class='ocrx_word' id='word_1_201' title='bbox 889 2341 1046 2377; x_wconf 89' lang='lat' dir='ltr'><strong>nomen</strong></span> <span class='ocrx_word' id='word_1_202' title='bbox 1077 2343 1205 2371; x_wconf 84' lang='lat' dir='ltr'><strong>suum</strong></span> 
     </span>
     <span class='ocr_line' id='line_1_30' title="bbox 402 2385 1206 2442; baseline -0.001 -13"><span class='ocrx_word' id='word_1_203' title='bbox 402 2388 635 2442; x_wconf 10' lang='lat' dir='ltr'><strong>accepisse*</strong></span> <span class='ocrx_word' id='word_1_204' title='bbox 668 2386 823 2430; x_wconf 82' lang='lat' dir='ltr'><strong>ferunt.</strong></span> <span class='ocrx_word' id='word_1_205' title='bbox 889 2385 981 2429; x_wconf 86' lang='lat' dir='ltr'><strong>Sed</strong></span> <span class='ocrx_word' id='word_1_206' title='bbox 1022 2400 1072 2428; x_wconf 87' lang='lat' dir='ltr'><strong>ea</strong></span> <span class='ocrx_word' id='word_1_207' title='bbox 1105 2400 1206 2429; x_wconf 84' lang='lat' dir='ltr'><strong>sen-</strong></span> 
     </span>
     <span class='ocr_line' id='line_1_31' title="bbox 402 2444 1205 2499; baseline 0.001 -13"><span class='ocrx_word' id='word_1_208' title='bbox 402 2445 537 2487; x_wconf 85' lang='lat' dir='ltr'><strong>tentia</strong></span> <span class='ocrx_word' id='word_1_209' title='bbox 582 2457 667 2487; x_wconf 90' lang='lat' dir='ltr'><strong>non</strong></span> <span class='ocrx_word' id='word_1_210' title='bbox 705 2447 889 2499; x_wconf 84' lang='lat' dir='ltr'><strong>probata</strong></span> <span class='ocrx_word' id='word_1_211' title='bbox 930 2450 998 2487; x_wconf 86' lang='lat' dir='ltr'><strong>est</strong></span> <span class='ocrx_word' id='word_1_212' title='bbox 1035 2444 1205 2487; x_wconf 89' lang='lat' dir='ltr'><strong>Hom-</strong></span> 
     </span>
     <span class='ocr_line' id='line_1_32' title="bbox 403 2502 1205 2556; baseline 0.001 -12"><span class='ocrx_word' id='word_1_213' title='bbox 403 2502 598 2554; x_wconf 85' lang='lat' dir='ltr'><strong>melio‚</strong></span> <span class='ocrx_word' id='word_1_214' title='bbox 661 2503 730 2556; x_wconf 82' lang='lat' dir='ltr'><strong>qui</strong></span> <span class='ocrx_word' id='word_1_215' title='bbox 791 2502 934 2556; x_wconf 80' lang='lat' dir='ltr'><strong>potius</strong></span> <span class='ocrx_word' id='word_1_216' title='bbox 993 2502 1205 2550; x_wconf 83' lang='lat' dir='ltr'><strong>incessum</strong></span> 
     </span>
     <span class='ocr_line' id='line_1_33' title="bbox 404 2558 1204 2615; baseline 0 -14"><span class='ocrx_word' id='word_1_217' title='bbox 404 2558 659 2613; x_wconf 83' lang='lat' dir='ltr'><strong>Apollodori</strong></span> <span class='ocrx_word' id='word_1_218' title='bbox 696 2559 834 2602; x_wconf 85' lang='lat' dir='ltr'><strong>notari</strong></span> <span class='ocrx_word' id='word_1_219' title='bbox 873 2563 1009 2615; x_wconf 84' lang='lat' dir='ltr'><strong>putat.</strong></span> <span class='ocrx_word' id='word_1_220' title='bbox 1072 2559 1204 2602; x_wconf 89' lang='lat' dir='ltr'><strong>Hunc</strong></span> 
     </span>
     <span class='ocr_line' id='line_1_34' title="bbox 402 2616 1204 2664; baseline -0.001 -5"><span class='ocrx_word' id='word_1_221' title='bbox 402 2616 512 2659; x_wconf 86' lang='lat' dir='ltr'><strong>enim</strong></span> <span class='ocrx_word' id='word_1_222' title='bbox 545 2616 680 2659; x_wconf 78' lang='lat' dir='ltr'><strong>videri</strong></span> <span class='ocrx_word' id='word_1_223' title='bbox 711 2629 856 2664; x_wconf 84' lang='lat' dir='ltr'><strong>mores</strong></span> <span class='ocrx_word' id='word_1_224' title='bbox 888 2616 1082 2658; x_wconf 83' lang='lat' dir='ltr'><strong>Socratis</strong></span> <span class='ocrx_word' id='word_1_225' title='bbox 1111 2623 1204 2659; x_wconf 87' lang='lat' dir='ltr'><strong>stu-</strong></span> 
     </span>
     <span class='ocr_line' id='line_1_35' title="bbox 402 2673 1205 2726; baseline 0.001 -12"><span class='ocrx_word' id='word_1_226' title='bbox 402 2673 527 2717; x_wconf 79' lang='lat' dir='ltr'><strong>diose</strong></span> <span class='ocrx_word' id='word_1_227' title='bbox 588 2673 802 2715; x_wconf 88' lang='lat' dir='ltr'><strong>imitatum</strong></span> <span class='ocrx_word' id='word_1_228' title='bbox 861 2686 958 2715; x_wconf 84' lang='lat' dir='ltr'><strong>esse</strong></span> <span class='ocrx_word' id='word_1_229' title='bbox 1021 2673 1205 2726; x_wconf 82' lang='lat' dir='ltr'><strong>ideoque</strong></span> 
     </span>
     <span class='ocr_line' id='line_1_36' title="bbox 400 2730 1203 2786; baseline 0.001 -15"><span class='ocrx_word' id='word_1_230' title='bbox 400 2730 561 2783; x_wconf 85' lang='lat' dir='ltr'><strong>pariter</strong></span> <span class='ocrx_word' id='word_1_231' title='bbox 590 2733 722 2781; x_wconf 84' lang='lat' dir='ltr'><strong>atque</strong></span> <span class='ocrx_word' id='word_1_232' title='bbox 760 2730 876 2772; x_wconf 89' lang='lat' dir='ltr'><strong>illum</strong></span> <span class='ocrx_word' id='word_1_233' title='bbox 905 2730 1098 2782; x_wconf 82' lang='lat' dir='ltr'><strong>graviter</strong></span> <span class='ocrx_word' id='word_1_234' title='bbox 1127 2742 1203 2786; x_wconf 80' lang='lat' dir='ltr'><strong>su-</strong></span> 
     </span>
     <span class='ocr_line' id='line_1_37' title="bbox 401 2785 1206 2840; baseline 0 -12"><span class='ocrx_word' id='word_1_235' title='bbox 401 2787 618 2840; x_wconf 87' lang='lat' dir='ltr'><strong>perbeque</strong></span> <span class='ocrx_word' id='word_1_236' title='bbox 646 2785 978 2828; x_wconf 51' lang='lat' dir='ltr'><strong>inambulassess</strong></span> <span class='ocrx_word' id='word_1_237' title='bbox 1005 2786 1097 2828; x_wconf 89' lang='lat' dir='ltr'><strong>Iam</strong></span> <span class='ocrx_word' id='word_1_238' title='bbox 1130 2799 1206 2829; x_wconf 80' lang='lat' dir='ltr'><strong>ve-</strong></span> 
     </span>
     <span class='ocr_line' id='line_1_38' title="bbox 402 2841 1204 2896; baseline 0.002 -13"><span class='ocrx_word' id='word_1_239' title='bbox 402 2855 453 2885; x_wconf 90' lang='lat' dir='ltr'><strong>ro</strong></span> <span class='ocrx_word' id='word_1_240' title='bbox 494 2842 703 2884; x_wconf 81' lang='lat' dir='ltr'><strong>Socrates</strong></span> <span class='ocrx_word' id='word_1_241' title='bbox 747 2841 1114 2896; x_wconf 78' lang='lat' dir='ltr'><strong>quemadmodum</strong></span> <span class='ocrx_word' id='word_1_242' title='bbox 1147 2843 1204 2885; x_wconf 89' lang='lat' dir='ltr'><strong>ob</strong></span> 
     </span>
     <span class='ocr_line' id='line_1_39' title="bbox 401 2900 1204 2956; baseline 0.001 -14"><span class='ocrx_word' id='word_1_243' title='bbox 401 2900 622 2942; x_wconf 73' lang='lat' dir='ltr'><strong>incessum</strong></span> <span class='ocrx_word' id='word_1_244' title='bbox 654 2902 737 2940; x_wconf 80' lang='grc' dir='ltr'><strong>τοῦ</strong></span> <span class='ocrx_word' id='word_1_245' title='bbox 765 2900 976 2956; x_wconf 76' lang='grc' dir='ltr'><strong>βρέιθου,</strong></span> <span class='ocrx_word' id='word_1_246' title='bbox 1007 2913 1092 2954; x_wconf 90' lang='lat' dir='ltr'><strong>quo</strong></span> <span class='ocrx_word' id='word_1_247' title='bbox 1124 2913 1204 2943; x_wconf 91' lang='lat' dir='ltr'><strong>uo-</strong></span> 
     </span>
     <span class='ocr_line' id='line_1_40' title="bbox 401 2956 1203 3011; baseline 0.002 -12"><span class='ocrx_word' id='word_1_248' title='bbox 401 2957 517 3011; x_wconf 87' lang='lat' dir='ltr'><strong>mine</strong></span> <span class='ocrx_word' id='word_1_249' title='bbox 554 2956 656 2999; x_wconf 87' lang='lat' dir='ltr'><strong>item</strong></span> <span class='ocrx_word' id='word_1_250' title='bbox 697 2957 790 2997; x_wconf 81' lang='lat' dir='ltr'><strong>avis</strong></span> <span class='ocrx_word' id='word_1_251' title='bbox 832 2957 1031 3009; x_wconf 80' lang='lat' dir='ltr'><strong>aquatilis</strong></span> <span class='ocrx_word' id='word_1_252' title='bbox 1061 2957 1203 3001; x_wconf 87' lang='lat' dir='ltr'><strong>deno-</strong></span> 
     </span>
     <span class='ocr_line' id='line_1_41' title="bbox 402 3013 1203 3070; baseline 0.003 -14"><span class='ocrx_word' id='word_1_253' title='bbox 402 3019 554 3067; x_wconf 76' lang='lat' dir='ltr'><strong>tetur,</strong></span> <span class='ocrx_word' id='word_1_254' title='bbox 580 3015 706 3069; x_wconf 85' lang='lat' dir='ltr'><strong>vulgo</strong></span> <span class='ocrx_word' id='word_1_255' title='bbox 737 3013 877 3056; x_wconf 83' lang='lat' dir='ltr'><strong>dictus</strong></span> <span class='ocrx_word' id='word_1_256' title='bbox 907 3015 962 3056; x_wconf 88' lang='lat' dir='ltr'><strong>sit</strong></span> <span class='ocrx_word' id='word_1_257' title='bbox 987 3015 1203 3070; x_wconf 67' lang='grc' dir='ltr'><strong>βρενθύε-</strong></span> 
     </span>
     <span class='ocr_line' id='line_1_42' title="bbox 403 3070 1202 3127; baseline 0.005 -14"><span class='ocrx_word' id='word_1_258' title='bbox 403 3075 542 3126; x_wconf 64' lang='grc' dir='ltr'><em>σθαι,</em></span> <span class='ocrx_word' id='word_1_259' title='bbox 585 3070 718 3114; x_wconf 72' lang='lat' dir='ltr'><strong>veluti</strong></span> <span class='ocrx_word' id='word_1_260' title='bbox 763 3070 881 3121; x_wconf 37' lang='lat' dir='ltr'><strong>infra,</strong></span> <span class='ocrx_word' id='word_1_261' title='bbox 910 3086 952 3127; x_wconf 89' lang='lat' dir='ltr'><strong>p.</strong></span> <span class='ocrx_word' id='word_1_262' title='bbox 993 3073 1093 3117; x_wconf 83' lang='grc'>221.</span> <span class='ocrx_word' id='word_1_263' title='bbox 1135 3074 1202 3126; x_wconf 76' lang='lat' dir='ltr'><strong>B..</strong></span> 
     </span>
     <span class='ocr_line' id='line_1_43' title="bbox 401 3127 1203 3186; baseline 0.004 -15"><span class='ocrx_word' id='word_1_264' title='bbox 401 3131 461 3172; x_wconf 91' lang='lat' dir='ltr'><strong>ita</strong></span> <span class='ocrx_word' id='word_1_265' title='bbox 504 3141 614 3186; x_wconf 70' lang='lat' dir='ltr'><strong>nnnc</strong></span> <span class='ocrx_word' id='word_1_266' title='bbox 654 3127 967 3182; x_wconf 81' lang='lat' dir='ltr'><strong>Apollodorum</strong></span> <span class='ocrx_word' id='word_1_267' title='bbox 1011 3144 1036 3174; x_wconf 85' lang='lat' dir='ltr'><strong>a</strong></span> <span class='ocrx_word' id='word_1_268' title='bbox 1067 3132 1203 3174; x_wconf 85' lang='lat' dir='ltr'><strong>Glau-</strong></span> 
     </span>
     <span class='ocr_line' id='line_1_44' title="bbox 405 3188 1203 3244; baseline 0.003 -14"><span class='ocrx_word' id='word_1_269' title='bbox 405 3200 515 3231; x_wconf 86' lang='lat' dir='ltr'><strong>cone</strong></span> <span class='ocrx_word' id='word_1_270' title='bbox 556 3198 636 3241; x_wconf 87' lang='lat' dir='ltr'><strong>per</strong></span> <span class='ocrx_word' id='word_1_271' title='bbox 673 3188 810 3231; x_wconf 84' lang='lat' dir='ltr'><strong>lusum</strong></span> <span class='ocrx_word' id='word_1_272' title='bbox 854 3188 1066 3241; x_wconf 81' lang='lat' dir='ltr'><strong>quendam</strong></span> <span class='ocrx_word' id='word_1_273' title='bbox 1098 3203 1203 3244; x_wconf 91' lang='lat' dir='ltr'><strong>pro-</strong></span> 
     </span>
     <span class='ocr_line' id='line_1_45' title="bbox 403 3243 1203 3298; baseline 0.003 -11"><span class='ocrx_word' id='word_1_274' title='bbox 403 3243 679 3295; x_wconf 83' lang='lat' dir='ltr'><strong>nuntiationis</strong></span> <span class='ocrx_word' id='word_1_275' title='bbox 733 3244 955 3298; x_wconf 80' lang='grc' dir='ltr'><em>Φαληρίδα</em></span> <span class='ocrx_word' id='word_1_276' title='bbox 1009 3247 1203 3289; x_wconf 80' lang='lat' dir='ltr'><strong>nomina·-</strong></span> 
     </span>
     <span class='ocr_line' id='line_1_46' title="bbox 405 3301 1201 3346; baseline 0.001 -1"><span class='ocrx_word' id='word_1_277' title='bbox 405 3306 494 3345; x_wconf 84' lang='lat' dir='ltr'><strong>tum</strong></span> <span class='ocrx_word' id='word_1_278' title='bbox 531 3315 641 3344; x_wconf 83' lang='lat' dir='ltr'><strong>esse.</strong></span> <span class='ocrx_word' id='word_1_279' title='bbox 704 3308 766 3345; x_wconf 80' lang='lat' dir='ltr'><strong>Ac</strong></span> <span class='ocrx_word' id='word_1_280' title='bbox 807 3301 950 3346; x_wconf 73' lang='lat' dir='ltr'><strong>fateor</strong></span> <span class='ocrx_word' id='word_1_281' title='bbox 987 3302 1091 3346; x_wconf 82' lang='lat' dir='ltr'><strong>hanc</strong></span> <span class='ocrx_word' id='word_1_282' title='bbox 1123 3305 1201 3346; x_wconf 73' lang='lat' dir='ltr'><strong>viri</strong></span> 
     </span>
     <span class='ocr_line' id='line_1_47' title="bbox 406 3358 1203 3405; baseline 0.004 -4"><span class='ocrx_word' id='word_1_283' title='bbox 406 3358 524 3401; x_wconf 91' lang='lat' dir='ltr'><strong>docti</strong></span> <span class='ocrx_word' id='word_1_284' title='bbox 578 3361 835 3405; x_wconf 85' lang='lat' dir='ltr'><strong>sententiam</strong></span> <span class='ocrx_word' id='word_1_285' title='bbox 895 3359 997 3403; x_wconf 72' lang='lat' dir='ltr'><strong>milli</strong></span> <span class='ocrx_word' id='word_1_286' title='bbox 1045 3362 1203 3404; x_wconf 84' lang='lat' dir='ltr'><strong>eximie</strong></span> 
     </span>
     <span class='ocr_line' id='line_1_48' title="bbox 406 3416 1200 3472; baseline 0.001 -12"><span class='ocrx_word' id='word_1_287' title='bbox 406 3418 589 3471; x_wconf 80' lang='lat' dir='ltr'><strong>placere.</strong></span> <span class='ocrx_word' id='word_1_288' title='bbox 662 3416 774 3460; x_wconf 85' lang='lat' dir='ltr'><strong>Nam</strong></span> <span class='ocrx_word' id='word_1_289' title='bbox 812 3418 992 3472; x_wconf 87' lang='lat' dir='ltr'><strong>primum</strong></span> <span class='ocrx_word' id='word_1_290' title='bbox 1030 3418 1200 3472; x_wconf 69' lang='lat' dir='ltr'><strong>quidem</strong></span> 
     </span>
    </p>
   </div>
   <div class='ocr_carea' id='block_1_7' title="bbox 1288 1579 2094 1807">
    <p class='ocr_par' dir='ltr' id='par_1_7' title="bbox 1288 1579 2094 1807">
     <span class='ocr_line' id='line_1_49' title="bbox 1292 1579 2090 1637; baseline 0.005 -16"><span class='ocrx_word' id='word_1_291' title='bbox 1292 1581 1351 1623; x_wconf 88' lang='lat' dir='ltr'><strong>ita</strong></span> <span class='ocrx_word' id='word_1_292' title='bbox 1411 1579 1619 1622; x_wconf 82' lang='lat' dir='ltr'><strong>habemns</strong></span> <span class='ocrx_word' id='word_1_293' title='bbox 1675 1580 1819 1623; x_wconf 87' lang='lat' dir='ltr'><strong>iocum</strong></span> <span class='ocrx_word' id='word_1_294' title='bbox 1870 1579 2090 1637; x_wconf 79' lang='lat' dir='ltr'><strong>haudqua-</strong></span> 
     </span>
     <span class='ocr_line' id='line_1_50' title="bbox 1291 1638 2091 1694; baseline 0.004 -15"><span class='ocrx_word' id='word_1_295' title='bbox 1291 1651 1418 1691; x_wconf 82' lang='lat' dir='ltr'><strong>quam</strong></span> <span class='ocrx_word' id='word_1_296' title='bbox 1451 1638 1505 1679; x_wconf 92' lang='lat' dir='ltr'><strong>ab</strong></span> <span class='ocrx_word' id='word_1_297' title='bbox 1534 1638 1627 1693; x_wconf 84' lang='lat' dir='ltr'><strong>ipsa</strong></span> <span class='ocrx_word' id='word_1_298' title='bbox 1657 1651 1704 1680; x_wconf 87' lang='lat' dir='ltr'><strong>re</strong></span> <span class='ocrx_word' id='word_1_299' title='bbox 1726 1639 1928 1692; x_wconf 87' lang='lat' dir='ltr'><strong>alienum,</strong></span> <span class='ocrx_word' id='word_1_300' title='bbox 1957 1641 2091 1694; x_wconf 81' lang='lat' dir='ltr'><strong>siqui-</strong></span> 
     </span>
     <span class='ocr_line' id='line_1_51' title="bbox 1290 1696 2094 1752; baseline 0.005 -15"><span class='ocrx_word' id='word_1_301' title='bbox 1290 1696 1389 1738; x_wconf 89' lang='lat' dir='ltr'><strong>dem</strong></span> <span class='ocrx_word' id='word_1_302' title='bbox 1431 1708 1510 1750; x_wconf 90' lang='lat' dir='ltr'><strong>per</strong></span> <span class='ocrx_word' id='word_1_303' title='bbox 1549 1709 1649 1738; x_wconf 89' lang='lat' dir='ltr'><strong>eum</strong></span> <span class='ocrx_word' id='word_1_304' title='bbox 1682 1696 1973 1752; x_wconf 83' lang='lat' dir='ltr'><strong>Apollodorus</strong></span> <span class='ocrx_word' id='word_1_305' title='bbox 2002 1705 2094 1740; x_wconf 85' lang='lat' dir='ltr'><strong>sta-</strong></span> 
     </span>
     <span class='ocr_line' id='line_1_52' title="bbox 1288 1753 2093 1807; baseline 0.005 -13"><span class='ocrx_word' id='word_1_306' title='bbox 1288 1754 1365 1795; x_wconf 88' lang='lat' dir='ltr'><strong>tim</strong></span> <span class='ocrx_word' id='word_1_307' title='bbox 1397 1753 1453 1796; x_wconf 91' lang='lat' dir='ltr'><strong>ab</strong></span> <span class='ocrx_word' id='word_1_308' title='bbox 1500 1753 1623 1796; x_wconf 87' lang='lat' dir='ltr'><strong>initio</strong></span> <span class='ocrx_word' id='word_1_309' title='bbox 1658 1759 1862 1807; x_wconf 85' lang='lat' dir='ltr'><strong>tanquam</strong></span> <span class='ocrx_word' id='word_1_310' title='bbox 1893 1755 2093 1800; x_wconf 80' lang='lat' dir='ltr'><strong>fidelissi-</strong></span> 
     </span>
    </p>
   </div>
   <div class='ocr_carea' id='block_1_8' title="bbox 1250 1812 2091 1868">
    <p class='ocr_par' dir='ltr' id='par_1_8' title="bbox 1250 1812 2091 1868">
     <span class='ocr_line' id='line_1_53' title="bbox 1250 1812 2091 1868; baseline 0.004 -14"><span class='ocrx_word' id='word_1_311' title='bbox 1250 1850 1255 1854; x_wconf 79' lang='lat'><strong>.</strong></span> <span class='ocrx_word' id='word_1_312' title='bbox 1287 1823 1383 1852; x_wconf 87' lang='lat' dir='ltr'><strong>mus</strong></span> <span class='ocrx_word' id='word_1_313' title='bbox 1414 1812 1609 1852; x_wconf 76' lang='lat' dir='ltr'><strong>Socratis</strong></span> <span class='ocrx_word' id='word_1_314' title='bbox 1640 1812 1873 1868; x_wconf 81' lang='lat' dir='ltr'><strong>discipulus</strong></span> <span class='ocrx_word' id='word_1_315' title='bbox 1893 1817 1939 1854; x_wconf 90' lang='lat' dir='ltr'><strong>et</strong></span> <span class='ocrx_word' id='word_1_316' title='bbox 1968 1813 2091 1856; x_wconf 88' lang='lat' dir='ltr'><strong>fami-</strong></span> 
     </span>
    </p>
   </div>
   <div class='ocr_carea' id='block_1_9' title="bbox 1284 1868 2092 3477">
    <p class='ocr_par' dir='ltr' id='par_1_9' title="bbox 1284 1868 2092 3477">
     <span class='ocr_line' id='line_1_54' title="bbox 1286 1868 2090 1922; baseline 0.006 -13"><span class='ocrx_word' id='word_1_317' title='bbox 1286 1869 1401 1911; x_wconf 87' lang='lat' dir='ltr'><strong>liaris</strong></span> <span class='ocrx_word' id='word_1_318' title='bbox 1460 1869 1717 1922; x_wconf 78' lang='lat' dir='ltr'><strong>depingitur.</strong></span> <span class='ocrx_word' id='word_1_319' title='bbox 1794 1868 1960 1912; x_wconf 89' lang='lat' dir='ltr'><strong>Deinde</strong></span> <span class='ocrx_word' id='word_1_320' title='bbox 2006 1871 2090 1914; x_wconf 88' lang='lat' dir='ltr'><strong>iam</strong></span> 
     </span>
     <span class='ocr_line' id='line_1_55' title="bbox 1290 1925 2090 1983; baseline 0.005 -17"><span class='ocrx_word' id='word_1_321' title='bbox 1290 1926 1515 1980; x_wconf 79' lang='lat' dir='ltr'><strong>aptissime</strong></span> <span class='ocrx_word' id='word_1_322' title='bbox 1547 1927 1840 1980; x_wconf 83' lang='lat' dir='ltr'><strong>subiungitur,</strong></span> <span class='ocrx_word' id='word_1_323' title='bbox 1883 1925 1936 1967; x_wconf 77' lang='grc' dir='ltr'><strong>οὗ</strong></span> <span class='ocrx_word' id='word_1_324' title='bbox 1969 1943 2090 1983; x_wconf 76' lang='grc' dir='ltr'><em>περι-</em></span> 
     </span>
     <span class='ocr_line' id='line_1_56' title="bbox 1288 1983 2092 2038; baseline 0.009 -16"><span class='ocrx_word' id='word_1_325' title='bbox 1288 1988 1454 2038; x_wconf 68' lang='grc' dir='ltr'><strong>μένειςς</strong></span> <span class='ocrx_word' id='word_1_326' title='bbox 1490 1983 1667 2038; x_wconf 84' lang='lat' dir='ltr'><strong>perinde</strong></span> <span class='ocrx_word' id='word_1_327' title='bbox 1699 1997 1750 2026; x_wconf 84' lang='lat' dir='ltr'><strong>ac</strong></span> <span class='ocrx_word' id='word_1_328' title='bbox 1776 1984 1811 2026; x_wconf 78' lang='grc' dir='ltr'><strong>εἰ</strong></span> <span class='ocrx_word' id='word_1_329' title='bbox 1831 1985 2092 2029; x_wconf 82' lang='lat' dir='ltr'><strong>Germanice</strong></span> 
     </span>
     <span class='ocr_line' id='line_1_57' title="bbox 1291 2041 2089 2095; baseline 0.005 -14"><span class='ocrx_word' id='word_1_330' title='bbox 1291 2041 1469 2083; x_wconf 77' lang='lat' dir='ltr'><strong>dixeris:</strong></span> <span class='ocrx_word' id='word_1_331' title='bbox 1533 2041 1614 2082; x_wconf 85' lang='lat' dir='ltr'><strong>He</strong></span> <span class='ocrx_word' id='word_1_332' title='bbox 1661 2041 1748 2095; x_wconf 89' lang='lat' dir='ltr'><strong>da,</strong></span> <span class='ocrx_word' id='word_1_333' title='bbox 1808 2041 1948 2083; x_wconf 82' lang='lat' dir='ltr'><strong>Hert</strong></span> <span class='ocrx_word' id='word_1_334' title='bbox 1988 2056 2089 2085; x_wconf 88' lang='lat' dir='ltr'><strong>von</strong></span> 
     </span>
     <span class='ocr_line' id='line_1_58' title="bbox 1290 2097 2088 2143; baseline 0.005 -4"><span class='ocrx_word' id='word_1_335' title='bbox 1290 2097 1698 2141; x_wconf 77' lang='lat' dir='ltr'><strong>Stelzenlieim!</strong></span> <span class='ocrx_word' id='word_1_336' title='bbox 1751 2105 1958 2141; x_wconf 86' lang='lat' dir='ltr'><strong>warten</strong></span> <span class='ocrx_word' id='word_1_337' title='bbox 1997 2101 2088 2143; x_wconf 87' lang='lat' dir='ltr'><strong>Sie</strong></span> 
     </span>
     <span class='ocr_line' id='line_1_59' title="bbox 1291 2154 2089 2212; baseline 0.006 -16"><span class='ocrx_word' id='word_1_338' title='bbox 1291 2154 1455 2198; x_wconf 84' lang='lat' dir='ltr'><strong>doch!</strong></span> <span class='ocrx_word' id='word_1_339' title='bbox 1517 2157 1657 2199; x_wconf 89' lang='lat' dir='ltr'><strong>Unum</strong></span> <span class='ocrx_word' id='word_1_340' title='bbox 1702 2160 1844 2198; x_wconf 86' lang='lat' dir='ltr'><strong>tamen</strong></span> <span class='ocrx_word' id='word_1_341' title='bbox 1877 2158 2089 2212; x_wconf 86' lang='lat' dir='ltr'><strong>estquod</strong></span> 
     </span>
     <span class='ocr_line' id='line_1_60' title="bbox 1290 2213 2086 2268; baseline 0.009 -14"><span class='ocrx_word' id='word_1_342' title='bbox 1290 2216 1539 2268; x_wconf 85' lang='lat' dir='ltr'><strong>scrupulum</strong></span> <span class='ocrx_word' id='word_1_343' title='bbox 1565 2214 1732 2257; x_wconf 84' lang='lat' dir='ltr'><strong>iniiciat.</strong></span> <span class='ocrx_word' id='word_1_344' title='bbox 1790 2213 1944 2268; x_wconf 87' lang='lat' dir='ltr'><strong>Neque</strong></span> <span class='ocrx_word' id='word_1_345' title='bbox 1974 2217 2086 2261; x_wconf 88' lang='lat' dir='ltr'><strong>enim</strong></span> 
     </span>
     <span class='ocr_line' id='line_1_61' title="bbox 1290 2271 2087 2326; baseline 0.003 -16"><span class='ocrx_word' id='word_1_346' title='bbox 1290 2274 1393 2325; x_wconf 68' lang='lat' dir='ltr'><strong>ft&#39;pif·</strong></span> <span class='ocrx_word' id='word_1_347' title='bbox 1399 2275 1485 2318; x_wconf 85' lang='grc' dir='ltr'><strong>θος</strong></span> <span class='ocrx_word' id='word_1_348' title='bbox 1515 2271 1626 2313; x_wconf 76' lang='lat' dir='ltr'><strong>idem</strong></span> <span class='ocrx_word' id='word_1_349' title='bbox 1662 2272 1866 2324; x_wconf 88' lang='lat' dir='ltr'><strong>estquod</strong></span> <span class='ocrx_word' id='word_1_350' title='bbox 1890 2271 2087 2326; x_wconf 78' lang='grc' dir='ltr'><em>φαληρίς.</em></span> 
     </span>
     <span class='ocr_line' id='line_1_62' title="bbox 1291 2329 2090 2387; baseline 0.001 -16"><span class='ocrx_word' id='word_1_351' title='bbox 1291 2330 1509 2371; x_wconf 76' lang='lat' dir='ltr'><strong>Quocirca</strong></span> <span class='ocrx_word' id='word_1_352' title='bbox 1541 2329 1639 2371; x_wconf 80' lang='lat' dir='ltr'><strong>vide</strong></span> <span class='ocrx_word' id='word_1_353' title='bbox 1670 2343 1721 2373; x_wconf 89' lang='lat' dir='ltr'><strong>an</strong></span> <span class='ocrx_word' id='word_1_354' title='bbox 1753 2331 1896 2383; x_wconf 81' lang='lat' dir='ltr'><strong>potius</strong></span> <span class='ocrx_word' id='word_1_355' title='bbox 1926 2330 1980 2372; x_wconf 85' lang='lat' dir='ltr'><strong>ad</strong></span> <span class='ocrx_word' id='word_1_356' title='bbox 2013 2344 2090 2387; x_wconf 87' lang='lat' dir='ltr'><strong>pa-</strong></span> 
     </span>
     <span class='ocr_line' id='line_1_63' title="bbox 1290 2386 2088 2442; baseline 0.004 -15"><span class='ocrx_word' id='word_1_357' title='bbox 1290 2386 1490 2429; x_wconf 83' lang='lat' dir='ltr'><strong>ludosam</strong></span> <span class='ocrx_word' id='word_1_358' title='bbox 1540 2386 1710 2431; x_wconf 82' lang='lat' dir='ltr'><strong>Phaleri</strong></span> <span class='ocrx_word' id='word_1_359' title='bbox 1759 2388 1977 2442; x_wconf 76' lang='lat' dir='ltr'><strong>regionem</strong></span> <span class='ocrx_word' id='word_1_360' title='bbox 2026 2390 2088 2430; x_wconf 83' lang='lat' dir='ltr'><strong>al-</strong></span> 
     </span>
     <span class='ocr_line' id='line_1_64' title="bbox 1290 2443 2090 2499; baseline 0.003 -13"><span class='ocrx_word' id='word_1_361' title='bbox 1290 2443 1477 2487; x_wconf 85' lang='lat' dir='ltr'><strong>ludatur.</strong></span> <span class='ocrx_word' id='word_1_362' title='bbox 1508 2443 1751 2499; x_wconf 74' lang='lat' dir='ltr'><strong>Xenopli.</strong></span> <span class='ocrx_word' id='word_1_363' title='bbox 1786 2445 1950 2487; x_wconf 89' lang='lat' dir='ltr'><strong>Oecon.</strong></span> <span class='ocrx_word' id='word_1_364' title='bbox 1967 2445 2090 2498; x_wconf 84' lang='lat' dir='ltr'>XIX,</span> 
     </span>
     <span class='ocr_line' id='line_1_65' title="bbox 1289 2499 2087 2559; baseline 0.003 -18"><span class='ocrx_word' id='word_1_365' title='bbox 1289 2501 1342 2545; x_wconf 70' lang='grc' dir='ltr'><strong>δε</strong></span> <span class='ocrx_word' id='word_1_366' title='bbox 1372 2499 1482 2557; x_wconf 70' lang='grc' dir='ltr'><strong>ὑγρὰ</strong></span> <span class='ocrx_word' id='word_1_367' title='bbox 1523 2502 1565 2544; x_wconf 79' lang='grc' dir='ltr'><strong>δὲ</strong></span> <span class='ocrx_word' id='word_1_368' title='bbox 1594 2501 1642 2558; x_wconf 68' lang='grc' dir='ltr'><strong>(ἦ</strong></span> <span class='ocrx_word' id='word_1_369' title='bbox 1671 2504 1772 2558; x_wconf 72' lang='grc' dir='ltr'><strong>γῖ)</strong></span> <span class='ocrx_word' id='word_1_370' title='bbox 1782 2499 1806 2554; x_wconf 75' lang='grc' dir='ltr'><em>ἦ</em></span> <span class='ocrx_word' id='word_1_371' title='bbox 1840 2503 1882 2543; x_wconf 76' lang='grc' dir='ltr'><strong>ἐν</strong></span> <span class='ocrx_word' id='word_1_372' title='bbox 1911 2507 1969 2559; x_wconf 79' lang='grc' dir='ltr'><strong>τῷ</strong></span> <span class='ocrx_word' id='word_1_373' title='bbox 1992 2505 2087 2543; x_wconf 76' lang='grc' dir='ltr'><em>Φοι-</em></span> 
     </span>
     <span class='ocr_line' id='line_1_66' title="bbox 1289 2559 2088 2615; baseline 0.008 -18"><span class='ocrx_word' id='word_1_374' title='bbox 1289 2559 1442 2615; x_wconf 73' lang='grc' dir='ltr'><em>ληρικῷ</em></span> <span class='ocrx_word' id='word_1_375' title='bbox 1493 2559 1571 2600; x_wconf 69' lang='grc' dir='ltr'><strong>ἕλε</strong></span> <span class='ocrx_word' id='word_1_376' title='bbox 1586 2577 1614 2601; x_wconf 84' lang='grc' dir='ltr'><strong>ι.</strong></span> <span class='ocrx_word' id='word_1_377' title='bbox 1693 2561 1948 2612; x_wconf 79' lang='lat' dir='ltr'><strong>Quanquam</strong></span> <span class='ocrx_word' id='word_1_378' title='bbox 1997 2559 2088 2604; x_wconf 81' lang='lat' dir='ltr'><strong>fieri</strong></span> 
     </span>
     <span class='ocr_line' id='line_1_67' title="bbox 1289 2615 2086 2669; baseline 0.003 -11"><span class='ocrx_word' id='word_1_379' title='bbox 1289 2622 1458 2669; x_wconf 79' lang='lat' dir='ltr'><strong>potest,</strong></span> <span class='ocrx_word' id='word_1_380' title='bbox 1498 2622 1546 2658; x_wconf 88' lang='lat' dir='ltr'><strong>ut</strong></span> <span class='ocrx_word' id='word_1_381' title='bbox 1577 2616 1702 2658; x_wconf 83' lang='lat' dir='ltr'><strong>simul</strong></span> <span class='ocrx_word' id='word_1_382' title='bbox 1735 2615 1916 2657; x_wconf 80' lang='lat' dir='ltr'><strong>hominis</strong></span> <span class='ocrx_word' id='word_1_383' title='bbox 1946 2616 2086 2660; x_wconf 78' lang='lat' dir='ltr'><strong>inces-</strong></span> 
     </span>
     <span class='ocr_line' id='line_1_68' title="bbox 1287 2671 2089 2726; baseline 0.006 -14"><span class='ocrx_word' id='word_1_384' title='bbox 1287 2685 1360 2712; x_wconf 86' lang='lat' dir='ltr'><strong>sus</strong></span> <span class='ocrx_word' id='word_1_385' title='bbox 1392 2673 1662 2726; x_wconf 72' lang='lat' dir='ltr'><strong>significetur.</strong></span> <span class='ocrx_word' id='word_1_386' title='bbox 1719 2672 1808 2714; x_wconf 83' lang='lat' dir='ltr'><strong>Sed</strong></span> <span class='ocrx_word' id='word_1_387' title='bbox 1852 2671 1955 2714; x_wconf 75' lang='lat' dir='ltr'><strong>llaec</strong></span> <span class='ocrx_word' id='word_1_388' title='bbox 1992 2671 2089 2719; x_wconf 79' lang='lat' dir='ltr'><strong>utut</strong></span> 
     </span>
     <span class='ocr_line' id='line_1_69' title="bbox 1287 2727 2089 2784; baseline 0.005 -14"><span class='ocrx_word' id='word_1_389' title='bbox 1287 2741 1336 2770; x_wconf 85' lang='lat' dir='ltr'><strong>se</strong></span> <span class='ocrx_word' id='word_1_390' title='bbox 1376 2727 1557 2780; x_wconf 74' lang='lat' dir='ltr'><strong>liabent,</strong></span> <span class='ocrx_word' id='word_1_391' title='bbox 1610 2728 1651 2770; x_wconf 91' lang='lat' dir='ltr'><strong>id</strong></span> <span class='ocrx_word' id='word_1_392' title='bbox 1694 2729 1868 2784; x_wconf 85' lang='lat' dir='ltr'><strong>quidem</strong></span> <span class='ocrx_word' id='word_1_393' title='bbox 1909 2731 2089 2776; x_wconf 81' lang='lat' dir='ltr'><strong>manife-</strong></span> 
     </span>
     <span class='ocr_line' id='line_1_70' title="bbox 1291 2787 2088 2854; baseline 0.005 -28"><span class='ocrx_word' id='word_1_394' title='bbox 1291 2791 1404 2828; x_wconf 85' lang='lat' dir='ltr'><strong>stum</strong></span> <span class='ocrx_word' id='word_1_395' title='bbox 1438 2792 1652 2854; x_wconf 72' lang='lat' dir='ltr'><strong>putamus,</strong></span> <span class='ocrx_word' id='word_1_396' title='bbox 1687 2787 1726 2829; x_wconf 88' lang='lat' dir='ltr'><strong>in</strong></span> <span class='ocrx_word' id='word_1_397' title='bbox 1759 2799 1845 2829; x_wconf 87' lang='lat' dir='ltr'><strong>uno</strong></span> <span class='ocrx_word' id='word_1_398' title='bbox 1877 2788 1962 2834; x_wconf 82' lang='lat' dir='ltr'><strong>isto</strong></span> <span class='ocrx_word' id='word_1_399' title='bbox 1994 2792 2088 2830; x_wconf 80' lang='grc' dir='ltr'><strong>Φα-</strong></span> 
     </span>
     <span class='ocr_line' id='line_1_71' title="bbox 1289 2841 2083 2897; baseline 0.012 -16"><span class='ocrx_word' id='word_1_400' title='bbox 1289 2841 1410 2895; x_wconf 64' lang='lat'><strong>&#39;²19⁵‘</strong></span> <span class='ocrx_word' id='word_1_401' title='bbox 1393 2861 1441 2891; x_wconf 81' lang='grc' dir='ltr'><strong>υς</strong></span> <span class='ocrx_word' id='word_1_402' title='bbox 1471 2844 1612 2888; x_wconf 89' lang='lat' dir='ltr'><strong>iocum</strong></span> <span class='ocrx_word' id='word_1_403' title='bbox 1643 2843 1938 2897; x_wconf 86' lang='lat' dir='ltr'><strong>quaerendum</strong></span> <span class='ocrx_word' id='word_1_404' title='bbox 1971 2860 2083 2890; x_wconf 71' lang='lat' dir='ltr'><strong>esse.</strong></span> 
     </span>
     <span class='ocr_line' id='line_1_72' title="bbox 1289 2899 2085 2957; baseline 0.006 -16"><span class='ocrx_word' id='word_1_405' title='bbox 1289 2899 1378 2941; x_wconf 86' lang='lat' dir='ltr'><strong>Pro</strong></span> <span class='ocrx_word' id='word_1_406' title='bbox 1419 2904 1594 2956; x_wconf 72' lang='lat' dir='ltr'><strong>vulgato</strong></span> <span class='ocrx_word' id='word_1_407' title='bbox 1642 2899 1693 2942; x_wconf 78' lang='grc' dir='ltr'><strong>ου’</strong></span> <span class='ocrx_word' id='word_1_408' title='bbox 1727 2909 1992 2957; x_wconf 73' lang='grc' dir='ltr'><strong>περιμειεῑςς</strong></span> <span class='ocrx_word' id='word_1_409' title='bbox 2032 2918 2085 2948; x_wconf 88' lang='lat' dir='ltr'><strong>ex</strong></span> 
     </span>
     <span class='ocr_line' id='line_1_73' title="bbox 1288 2956 2088 3016; baseline 0.009 -18"><span class='ocrx_word' id='word_1_410' title='bbox 1288 2956 1413 3000; x_wconf 90' lang='lat' dir='ltr'><strong>codd.</strong></span> <span class='ocrx_word' id='word_1_411' title='bbox 1475 2961 1768 3003; x_wconf 60' lang='lat' dir='ltr'><strong>revocavimus</strong></span> <span class='ocrx_word' id='word_1_412' title='bbox 1822 2975 1873 3001; x_wconf 83' lang='grc' dir='ltr'><strong>ου,</strong></span> <span class='ocrx_word' id='word_1_413' title='bbox 1916 2967 2088 3016; x_wconf 75' lang='grc' dir='ltr'><em>περιμέ-</em></span> 
     </span>
     <span class='ocr_line' id='line_1_74' title="bbox 1287 3016 2084 3066; baseline 0.01 -12"><span class='ocrx_word' id='word_1_414' title='bbox 1287 3029 1391 3066; x_wconf 64' lang='lat' dir='ltr'><strong>mac,-</strong></span> <span class='ocrx_word' id='word_1_415' title='bbox 1451 3016 1623 3059; x_wconf 85' lang='lat' dir='ltr'><strong>Etenim</strong></span> <span class='ocrx_word' id='word_1_416' title='bbox 1656 3017 1844 3061; x_wconf 83' lang='lat' dir='ltr'><strong>futurum</strong></span> <span class='ocrx_word' id='word_1_417' title='bbox 1866 3023 1933 3060; x_wconf 82' lang='lat' dir='ltr'><strong>est</strong></span> <span class='ocrx_word' id='word_1_418' title='bbox 1955 3018 2084 3062; x_wconf 80' lang='lat' dir='ltr'><strong>vehe-</strong></span> 
     </span>
     <span class='ocr_line' id='line_1_75' title="bbox 1284 3074 2086 3130; baseline 0.004 -15"><span class='ocrx_word' id='word_1_419' title='bbox 1284 3074 1466 3118; x_wconf 81' lang='lat' dir='ltr'><strong>mentius</strong></span> <span class='ocrx_word' id='word_1_420' title='bbox 1496 3080 1540 3117; x_wconf 81' lang='lat' dir='ltr'><strong>ct</strong></span> <span class='ocrx_word' id='word_1_421' title='bbox 1564 3088 1661 3118; x_wconf 87' lang='lat' dir='ltr'><strong>cum</strong></span> <span class='ocrx_word' id='word_1_422' title='bbox 1683 3075 1948 3130; x_wconf 79' lang='lat' dir='ltr'><strong>impatientia</strong></span> <span class='ocrx_word' id='word_1_423' title='bbox 1978 3089 2086 3129; x_wconf 86' lang='lat' dir='ltr'><strong>qua-</strong></span> 
     </span>
     <span class='ocr_line' id='line_1_76' title="bbox 1288 3129 2084 3186; baseline 0.008 -16"><span class='ocrx_word' id='word_1_424' title='bbox 1288 3129 1391 3174; x_wconf 86' lang='lat' dir='ltr'><strong>‹lam</strong></span> <span class='ocrx_word' id='word_1_425' title='bbox 1418 3133 1484 3175; x_wconf 86' lang='lat' dir='ltr'><strong>vel</strong></span> <span class='ocrx_word' id='word_1_426' title='bbox 1516 3132 1645 3175; x_wconf 86' lang='lat' dir='ltr'><strong>etiam</strong></span> <span class='ocrx_word' id='word_1_427' title='bbox 1687 3132 1974 3186; x_wconf 82' lang='lat' dir='ltr'><strong>indignatione</strong></span> <span class='ocrx_word' id='word_1_428' title='bbox 2003 3133 2084 3176; x_wconf 86' lang='lat' dir='ltr'><strong>im-</strong></span> 
     </span>
     <span class='ocr_line' id='line_1_77' title="bbox 1287 3189 2082 3244; baseline 0.001 -13"><span class='ocrx_word' id='word_1_429' title='bbox 1287 3190 1502 3243; x_wconf 83' lang='lat' dir='ltr'><strong>perantis3</strong></span> <span class='ocrx_word' id='word_1_430' title='bbox 1542 3202 1748 3244; x_wconf 81' lang='lat' dir='ltr'><strong>praesens</strong></span> <span class='ocrx_word' id='word_1_431' title='bbox 1781 3189 1977 3232; x_wconf 82' lang='lat' dir='ltr'><strong>modeste</strong></span> <span class='ocrx_word' id='word_1_432' title='bbox 2006 3203 2082 3232; x_wconf 92' lang='lat' dir='ltr'><strong>co-</strong></span> 
     </span>
     <span class='ocr_line' id='line_1_78' title="bbox 1287 3247 2077 3301; baseline -0.001 -13"><span class='ocrx_word' id='word_1_433' title='bbox 1287 3247 1497 3289; x_wconf 82' lang='lat' dir='ltr'><strong>hortantis</strong></span> <span class='ocrx_word' id='word_1_434' title='bbox 1538 3253 1611 3289; x_wconf 77' lang='lat' dir='ltr'><strong>aut</strong></span> <span class='ocrx_word' id='word_1_435' title='bbox 1642 3248 1776 3289; x_wconf 92' lang='lat' dir='ltr'><strong>lenius</strong></span> <span class='ocrx_word' id='word_1_436' title='bbox 1808 3248 2077 3301; x_wconf 84' lang='lat' dir='ltr'><strong>postulantis.</strong></span> 
     </span>
     <span class='ocr_line' id='line_1_79' title="bbox 1286 3304 2079 3358; baseline 0.003 -11"><span class='ocrx_word' id='word_1_437' title='bbox 1286 3304 1500 3353; x_wconf 84' lang='lat' dir='ltr'><strong>Futurum</strong></span> <span class='ocrx_word' id='word_1_438' title='bbox 1554 3305 1707 3358; x_wconf 77' lang='lat' dir='ltr'><strong>legitur</strong></span> <span class='ocrx_word' id='word_1_439' title='bbox 1748 3304 1854 3347; x_wconf 81' lang='lat' dir='ltr'><strong>infra</strong></span> <span class='ocrx_word' id='word_1_440' title='bbox 1896 3317 1938 3358; x_wconf 86' lang='lat' dir='ltr'><strong>p.</strong></span> <span class='ocrx_word' id='word_1_441' title='bbox 1982 3305 2079 3349; x_wconf 81' lang='lat'><strong>175.</strong></span> 
     </span>
     <span class='ocr_line' id='line_1_80' title="bbox 1289 3361 2083 3415; baseline 0.005 -15"><span class='ocrx_word' id='word_1_442' title='bbox 1289 3364 1337 3404; x_wconf 84' lang='grc' dir='ltr'><strong>Α.</strong></span> <span class='ocrx_word' id='word_1_443' title='bbox 1381 3376 1419 3415; x_wconf 87' lang='lat' dir='ltr'><strong>p.</strong></span> <span class='ocrx_word' id='word_1_444' title='bbox 1459 3361 1560 3408; x_wconf 79' lang='lat'><strong>20¹.</strong></span> <span class='ocrx_word' id='word_1_445' title='bbox 1605 3361 1656 3403; x_wconf 82' lang='lat' dir='ltr'><strong>E.</strong></span> <span class='ocrx_word' id='word_1_446' title='bbox 1705 3362 1937 3415; x_wconf 87' lang='lat' dir='ltr'><strong>multisque</strong></span> <span class='ocrx_word' id='word_1_447' title='bbox 1991 3363 2083 3404; x_wconf 81' lang='lat' dir='ltr'><strong>aliis</strong></span> 
     </span>
     <span class='ocr_line' id='line_1_81' title="bbox 1287 3418 2085 3477; baseline 0 -15"><span class='ocrx_word' id='word_1_448' title='bbox 1287 3421 1494 3477; x_wconf 75' lang='lat' dir='ltr'><strong>exemplis</strong></span> <span class='ocrx_word' id='word_1_449' title='bbox 1515 3420 1769 3464; x_wconf 84' lang='lat' dir='ltr'><strong>illustratum</strong></span> <span class='ocrx_word' id='word_1_450' title='bbox 1793 3424 1862 3463; x_wconf 82' lang='lat' dir='ltr'><strong>est</strong></span> <span class='ocrx_word' id='word_1_451' title='bbox 1891 3432 1916 3464; x_wconf 83' lang='lat' dir='ltr'><strong>a</strong></span> <span class='ocrx_word' id='word_1_452' title='bbox 1945 3418 2085 3474; x_wconf 73' lang='lat' dir='ltr'><strong>Mat·</strong></span> 
     </span>
    </p>
   </div>
  </div>
 </body>
</html>
