2158 3718
324 206 330 211 ,
377 150 449 200 48
984 146 1404 200 PLATONIS

378 298 554 360 δοκεῖ,
612 286 653 348 ὦ
714 297 954 365 Φαῖδρε,
1011 294 1437 366 προβεβλῆσθαι
1497 289 1629 362 ἡμῖν
1687 290 1718 346 ὁ
1776 290 1939 368 λόγος
1989 289 2060 348 ’τὸ

377 377 564 443 ἁπλῶς
638 375 813 443 οὕτως
883 380 1274 449 παρηγγέλθαι
1339 375 1687 446 ἐγκωμιάζειν
1726 373 1963 447 Ἔρωτα.
2018 382 2066 431 εἰ

379 466 482 534 μὲν
523 459 631 534 γὰρ
678 462 753 527 εἷς
795 455 866 529 ἦν
908 460 937 516 ὁ
967 459 1172 531 Ἔρως,
1219 462 1399 523 καλῶς
1440 456 1513 514 ἂν
1556 460 1686 531 εἶχε·
1734 464 1836 516 νῦν
1880 464 1936 515 δέ
1977 492 2065 501 -—-

383 545 454 603 ού
499 546 607 618 γάρ
653 551 801 601 ἔστιν
846 545 938 610 εἷς.
992 545 1068 617 μὴ
1115 544 1278 609 ὄντος
1321 546 1376 598 δὲ
1421 541 1543 608 ἑνὸς
1586 543 1906 618 ὀρθότερόν
1948 551 2065 600 ἐστι

377 629 650 704 πρότερον
691 629 1114 704 προρῥηθῆναι,
1151 627 1360 686 ’ὁποῖον
1404 631 1483 682 δεῖ
1525 635 1783 684 ἐπαινεῖν.
1830 626 1931 698 ἐγὼ
1962 621 2064 684 οὖν

379 714 716 788 πειράσομαι
747 720 913 770 τοῦτο
942 715 1487 789 ἐπανορθώσασθαι,
1518 716 1740 785 πρῶτον
1763 717 1865 787 μὲν
1891 711 2066 787 Ἔρω-

489 908 541 949 1).
603 904 815 948 ὁποῖον
845 905 926 946 δεῖ
956 904 1240 959 ἐπαινεῖν]
1287 905 1440 949 Herm.
1470 907 1511 948 in
1537 905 1707 948 Teubn.
1742 903 1796 946 de
1825 916 1904 945 suo
1935 906 2063 946 refin-

373 966 440 1008 xit
482 964 713 1019 ὁηότερον.
785 963 966 1005 Factum
991 963 1185 1005 nollem.
1242 963 1354 1006 Nam
1395 965 1580 1019 duplicis
1629 963 1803 1007 Amoris
1843 962 2062 1003 distinctio

377 1023 581 1078 deinceps
615 1024 785 1064 demum
819 1022 1008 1062 affertur.

489 1082 542 1122 D.
599 1079 919 1133 Ἀφροδίτη.
948 1081 1079 1131 μιᾶς
1107 1077 1200 1131 μὲν
1230 1071 1325 1117 οὖν
1358 1077 1560 1132 οὔσης]
1599 1077 1709 1119 Vett.
1752 1073 1873 1119 editt.
1897 1074 2063 1131 Ἀφρο-

373 1139 485 1192 δίτη.
518 1137 683 1189 ταύτης
716 1138 760 1177 δὲ
789 1139 999 1189 μιᾶςμὲν
1029 1134 1176 1187 οὔσης.
1238 1136 1367 1178 Quod
1389 1136 1600 1187 dedimus,
1634 1136 1676 1176 id
1697 1141 1927 1188 acceptum
1947 1134 2063 1176 refe-

374 1197 510 1237 rimus
552 1197 677 1236 Bodl.
717 1195 818 1235 Par.
863 1195 914 1235 Ι).
951 1193 1098 1233 Amhr.
1140 1195 1244 1245 Aug.
1287 1207 1336 1233 w.
1378 1207 1417 1234 n.
1462 1193 1577 1235 Flor.
1611 1206 1651 1236 a.
1682 1206 1718 1236 c.
1752 1191 1779 1235 i.
1828 1192 1919 1233 Vat.
1954 1191 1994 1234 d.
2026 1195 2062 1234 1².

374 1254 480 1294 Ven.
515 1259 543 1296 t.
574 1259 642 1302 et,
674 1252 789 1304 quod
823 1251 961 1304 magni
995 1251 1202 1290 momenti
1234 1256 1315 1301 est,
1349 1251 1475 1292 etiam
1508 1251 1603 1293 Vat.
1625 1247 1695 1301 Δ.,
1726 1262 1852 1302 quem
1886 1250 2060 1290 ssastius

376 1311 539 1353 diserte
576 1310 798 1352 annotavit
834 1310 895 1350 ita
934 1308 1138 1362 scriptum
1177 1306 1351 1349 habere.
1418 1309 1656 1350 Praeterea
1696 1306 1860 1361 ταύτης
1896 1309 1938 1348 δὲ
1971 1320 2057 1348 om.

373 1447 643 1506 aliquatenus
684 1450 861 1492 haberet
898 1449 1173 1498 consentien-

372 1518 486 1562 tem3
538 1511 763 1561 utriusque
802 1506 1024 1562 scriptoris
1068 1519 1172 1546 con-

374 1581 525 1610 sensus
585 1566 684 1607 inde
746 1565 913 1605 videtur
973 1563 1174 1617 explicari

374 1640 529 1680 posse,
561 1623 676 1677 quod
709 1622 967 1663 Pausaniam
1001 1626 1174 1661 consta-

373 1686 450 1724 bat
479 1683 664 1723 fortasse
696 1680 914 1729 Eleorum,
946 1678 1176 1730 Thebano-

373 1754 469 1782 rum
499 1741 765 1790 aliorumque
798 1737 1056 1790 populorum
1092 1735 1173 1776 hoc

373 1798 416 1839 in
455 1810 614 1850 genere
658 1796 855 1836 instituta
890 1794 1060 1846 cognita
1096 1793 1175 1833 ha-

367 1856 486 1896 bere.
551 1853 683 1897 Quod
714 1858 857 1893 autem
895 1864 973 1891 nos
1005 1851 1045 1891 in
1078 1863 1173 1892 eam

369 1912 542 1954 deducit
572 1910 844 1963 opinionem,
893 1916 943 1949 ut
974 1921 1058 1949 non
1091 1921 1173 1962 pu-

365 1975 508 2012 temus
567 1967 621 2009 ad
663 1969 820 2009 librum
882 1979 905 2007 a
959 1967 1172 2007 Pausania

366 2031 573 2082 scriptum
604 2025 784 2082 respici,
827 2023 928 2065 illud
977 2029 1044 2064 est
1074 2036 1166 2064 ma·

363 2085 507 2134 xime,
538 2084 653 2137 quod
684 2095 795 2137 quae
827 2095 849 2122 a
882 2081 1169 2136 Xenophonte

364 2144 612 2184 tribuuntur
657 2140 921 2190 Pausaniae,
974 2153 1022 2180 ea
1077 2151 1169 2179 ma-

362 2213 488 2254 gnam
521 2207 687 2252 partem
713 2212 737 2238 a
761 2198 944 2238 Platone
967 2195 1168 2238 Phaedro

363 2257 582 2311 adscripta
614 2269 711 2298 esse
738 2255 931 2295 videmus
976 2253 1029 2295 cf.
1062 2256 1169 2295 Xe·-

362 2315 522 2369 noph.
572 2314 682 2356 Vlll.
726 2311 794 2355 32.
845 2312 1067 2355 Platon.
1123 2322 1166 2365 p.

365 2373 460 2417 178.
498 2372 548 2415 E.
595 2368 838 2424 Xenoph.
881 2369 994 2412 Vlll.
1027 2371 1061 2423 §.
1096 2368 1164 2413 32.

362 2431 506 2473 Plat.
562 2443 603 2484 p.
659 2429 752 2473 179.
800 2432 849 2471 A.
911 2425 1163 2480 Xenoph.

363 2489 480 2531 Vlll.
513 2487 582 2530 34.
615 2486 685 2530 35.
747 2484 861 2528 Quid
899 2485 1014 2537 quod
1049 2485 1166 2525 Pau-

366 2545 510 2587 saniae
542 2545 653 2599 apud
687 2543 916 2584 Platonem
949 2543 1166 2582 sententia

367 2601 519 2644 eadem
565 2603 655 2643 fere
697 2606 791 2651 est,
839 2611 952 2651 qnae
996 2599 1165 2640 Socrati

366 2660 481 2711 apud
535 2657 866 2710 Xenophontem
930 2654 1164 2697 tribuitur?

367 2715 484 2758 Quid
515 2714 678 2767 igitur?
711 2723 807 2753 num
837 2712 1065 2754 verisimile
1098 2717 1165 2752 est

366 2773 628 2819 Platonem,
688 2771 723 2811 si
773 2769 825 2810 ad
887 2769 1163 2822 scriptionem

366 2829 551 2882 aliquam
607 2827 848 2869 Pausaniae
904 2826 1162 2879 respexiset,

366 2887 696 2928 commissurum
746 2883 905 2934 fuisse,
968 2890 1015 2924 ut
1073 2884 1164 2923 eius

367 2943 543 2986 decreta
597 2947 640 2984 et
693 2939 891 2981 Phaedro
943 2940 1166 2990 tribueret,

367 3000 620 3057 praesertim
674 3010 803 3051 quum
854 2998 972 3038 illum
1027 2999 1166 3052 ipsum

369 3057 562 3106 convivio
594 3057 804 3098 interesse
839 3054 1040 3096 iusserit?
1101 3058 1166 3095 An

367 3116 699 3170 Xenophontem
751 3113 991 3165 putabimus
1051 3113 1167 3154 Pau-

371 3168 815 3215 saniae'sententiam
868 3169 1036 3210 Socrati
1086 3182 1165 3210 suo

368 3229 605 3272 tribuisse?
664 3227 832 3278 Nimia,
862 3226 1028 3278 fateor,
1061 3227 1166 3268 haec
1191 3246 1193 3248 ·

367 3288 482 3330 soret
522 3280 704 3340 fingendi
735 3284 927 3335 licentia,
974 3297 1026 3325 ne
1065 3283 1165 3336 quid

368 3346 538 3399 gravius
590 3344 746 3386 dicam.
828 3341 1007 3398 Accedit
1049 3341 1166 3394 qnod

369 3415 424 3445 ex
465 3403 539 3444 illo
591 3402 688 3443 loco
728 3396 1026 3454 Xenophontis
1080 3408 1166 3441 non

1259 1453 1406 1503 potest
1447 1447 1589 1499 colligi
1638 1447 1847 1500 probabili
1891 1447 2059 1490 ratione

1261 1507 1518 1547 Pausaniam
1549 1506 1822 1558 scriptionem
1853 1506 2059 1547 eroticarn

1260 1563 1303 1604 in
1319 1565 1471 1616 vulgus
1491 1563 1698 1604 emisisse.
1723 1562 1834 1606 conf.
1869 1563 2058 1604 Groeu

1261 1633 1363 1661 van
1398 1621 1743 1662 Prinsterer.
1789 1619 2056 1674 Prosopogr.

1265 1692 1305 1731 p.
1323 1678 1424 1722 206.
1474 1678 1723 1719 Audiendus
1742 1678 1867 1732 igitur
1899 1678 2058 1718 Athe-

1261 1749 1456 1787 naeus,
1499 1737 1569 1788 qui
1616 1735 1647 1776 V
1702 1737 1771 1780 56.
1819 1734 2058 1788 praefracte

1260 1799 1390 1846 negat
1443 1793 1720 1846 scriptionem
1773 1792 1982 1834 eiusmodi
2032 1806 2058 1834 a

1260 1851 1474 1892 Pausania
1508 1864 1606 1892 csse
1640 1853 1943 1904 compositam.

1315 1907 1374 1949 τὰ
1415 1907 1587 1955 ἁπλῶς
1630 1907 1802 1955 οὕτως
1831 1908 2058 1962 --”Ερω-

1256 1965 1346 2021 τα]
1393 1965 1521 2008 Haec
1562 1977 1639 2018 per
1679 1966 1939 2019 epexegesin
1979 1965 2059 2006 ad·-

1257 2024 1347 2065 dita
1382 2030 1503 2074 sunt,
1537 2028 1583 2064 ut
1615 2033 1916 2076 praegressum
1949 2036 2059 2074 προ-

1252 2083 1498 2136 βεβλῆσθαι
1550 2078 1573 2120 o‘
1637 2079 1768 2134 λόγος
1818 2081 2057 2122 accuratius

1254 2140 1492 2192 explicetur
1538 2137 1621 2179 hoc*
1672 2149 1826 2179 sensu=
1871 2143 2056 2192 quate-

1253 2209 1347 2237 nus
1416 2197 1492 2237 sic
1561 2197 1899 2249 simpliciter
1970 2199 2055 2238 etc.

1250 2256 1404 2310 ltaque
1445 2267 1494 2294 ea
1534 2265 1631 2295 cum
1663 2254 1950 2295 Riickerto
1981 2266 2056 2293 ac·-

1253 2312 1444 2353 cusativo
1487 2324 1590 2351 casu
1635 2311 1882 2364 accipienda
1930 2315 2058 2365 puta-

1253 2383 1365 2413 nius.
1426 2368 1522 2410 Non
1549 2369 1769 2422 probanda
1800 2375 1868 2410 est
1898 2368 2056 2409 Hom-

1253 2427 1402 2469 melii
1435 2427 1566 2478 ratio,
1607 2427 1676 2479 qui
1710 2440 1763 2468 ea
1803 2438 1880 2480 per
1911 2427 2056 2468 excla-

1254 2487 1488 2527 mationem
1518 2484 1660 2538 posita
1691 2498 1788 2526 esse
1819 2484 1997 2526 censuit.
2030 2516 2035 2525 ‚

1308 2574 1398 2610 νῦν
1431 2567 1620 2610 ὃέ-οὐ
1649 2567 1764 2624 γάρ]
1787 2568 1893 2610 Vide
1910 2573 2053 2610 annot.

1255 2628 1310 2670 ad
1341 2630 1526 2682 Apolog.
1558 2627 1714 2697 Sperat
1759 2641 1794 2668 c.
1821 2624 2024 2669 Xleu.

1310 2712 1365 2754 D.
1399 2709 1607 2752 Ildum«.-
1635 2710 1736 2765 γὰρ
1767 2713 1931 2766 ἴσμεν,
1963 2707 2055 2750 ὅτι

1250 2767 1344 2809 οὐκ
1394 2770 1538 2807 ἔστιν
1589 2767 1713 2808 ἄνευ
1746 2768 1842 2821 '‘EQ.
1877 2766 2052 2820 Ἀφρ.]

1249 2827 1588 2879 Argumentatur
1628 2826 1739 2867 hunc
1779 2827 1819 2866 iu
1853 2825 2052 2866 moduine

1249 2882 1462 2924 Venerem
1520 2889 1689 2924 constat
1729 2889 1938 2937 perpetuo
1992 2882 2053 2923 uti

1249 2940 1371 2981 socio
1406 2945 1450 2981 et
1480 2945 1702 2981 sectatore
1736 2945 1910 2991 Amore.
1941 2939 2055 2993 (Ne-
2110 2950 2112 2955 ’

1250 3010 1334 3050 que
1376 2999 1488 3039 euim
1546 2999 1768 3039 muliebris
1822 2998 1960 3050 gratia
2009 3001 2054 3038 et

1250 3061 1454 3096 venustas
1493 3057 1686 3097 masculo
1719 3066 1867 3097 amore
1897 3053 2053 3106 caret.)

1252 3113 1339 3154 lam
1375 3126 1456 3154 uua
1491 3113 1526 3152 si
1565 3119 1682 3154 esset
1716 3113 1881 3164 Venus,
1922 3112 2053 3153 etiam

1252 3181 1361 3210 unus
1396 3172 1532 3210 Amor
1563 3175 1695 3211 esset.
1757 3167 1946 3213 Quando
1977 3180 2054 3208 au-

1249 3232 1338 3268 tem
1378 3227 1490 3268 duae
1530 3233 1631 3268 suut
1667 3227 1881 3278 Veneres,
1924 3225 2051 3267 etlam

1252 3284 1337 3325 duo
1382 3288 1566 3325 Amores
1624 3285 1709 3325 sint
1745 3296 1927 3325 necesse
1969 3286 2050 3324 est.

1251 3343 1426 3383 Certum
1462 3347 1528 3383 est
1557 3347 1700 3383 autem
1734 3342 1841 3382 duas
1865 3340 2052 3382 Veneres

1249 3400 1446 3453 reperiri.
1517 3400 1665 3441 Altera
1703 3401 1822 3441 certe
1860 3395 2050 3451 quidem,
