2158 3718
818 151 1076 196 PHAEDO
1107 167 1154 210 p.
1186 154 1283 196 100.

1820 130 1926 204 245

153 300 263 350 εἴτε
301 290 412 366 ὅπῃ
451 291 519 363 δὴ
556 291 650 347 καὶ
687 290 838 355 ὅπως
873 289 1373 364 προςγιγνόμενον·
1416 287 1486 343 οὐ
1510 287 1617 359 γὰρ
1643 290 1724 343 ἔτι
1760 293 1926 343 τοῦτο

153 381 585 450 διισχυρίζομαι,
633 374 759 431 ἀλλ’
798 374 883 430 ὅτι
932 379 1009 447 τῷ
1045 378 1198 447 καλῷ
1236 373 1418 428 πάντα
1455 371 1523 427 τοὶ
1559 371 1705 427 καλὰ
1738 376 1928 443 γίγνε-

153 485 245 518 ται
281 463 444 518 καλά.

518 464 686 516 τοῦτο
723 461 832 531 γάρ
870 480 964 530 μοι
1002 461 1161 514 δοκει
1193 457 1618 529 ἀσφαλέστατον
1656 454 1802 513 εἶναι
1837 459 1931 512 καὶ

155 550 378 620 ἐμαυτῷ
422 546 840 625 ἀποκρίνασθαι
889 545 983 598 καὶ
1029 543 1209 615 ἄλλῳ,
1269 544 1363 598 καὶ
1409 543 1614 597 τούτου
1671 543 1932 613 ἐχόμενος

153 631 399 703 ἡγοῦμαι
445 628 551 685 οὐκ
601 628 674 684 ἄν
720 647 854 684 ποτε
899 638 1122 699 πεσεῖν,
1181 626 1305 683 ἀλλ’
1355 626 1602 698 ἀσφαλὲς
1647 623 1792 681 εἶναι
1837 625 1932 681 καὶ
1963 643 1998 683 Ε

266 810 805 873 προςγιγνόμενον]
848 815 918 857 Sic
956 816 1117 869 primus
1159 815 1255 855 dedi
1291 827 1366 882 pro
1411 815 1527 868 vulg.
1566 810 1934 869 προςγενομένη.

152 875 283 918 Vind.
306 874 345 915 Φ
366 873 468 916 Par.
493 874 689 915 CAmbr.
719 873 832 914 Flor.
853 885 878 912 a
899 885 921 912 c
942 885 984 911 m
1013 868 1404 936 προςγιγνομένη.
1445 872 1541 914 Vat.
1564 871 1674 914 Flor
1698 871 1937 935 ἀπροςγι-

154 926 373 998 νόμενον,
396 931 509 970 unde
518 938 682 982 sponte
702 930 889 970 nascitui
909 921 1326 982 προςγιγνόμενον.

1367 927 1473 967 Dein
1500 925 1716 982 γίγνεται
1745 927 1853 967 inter
1874 939 1933 968 τοι

154 983 281 1030 καλά
302 995 343 1029 et
363 981 487 1029 καλοί
509 999 590 1027 om.
612 998 679 1040 pr.
700 985 821 1026 Bodl.
843 985 938 1025 Par
963 985 998 1026 G
1019 992 1059 1024 et
1079 984 1150 1023 alii
1170 996 1255 1024 non
1274 984 1417 1036 pauci.

269 1063 737 1124 ἀποκρίνασθαι]
785 1068 911 1111 Coisl.
940 1068 1049 1110 Ven.
1071 1069 1112 1109 Λ
1139 1068 1235 1108 Par.
1260 1067 1450 1108 CEHIL
1487 1067 1596 1108 Flor.
1619 1068 1691 1107 ab
1715 1079 1798 1107 cm
1827 1067 1940 1121 Aug.

155 1119 523 1192 ἀποκρίνεσθαι,
548 1125 663 1175 quod
684 1125 814 1165 edidit
828 1124 1008 1166 Bekker.

157 1279 252 1324 εἴτε
293 1286 392 1321 ante
432 1293 528 1335 οπῃ
577 1279 804 1321 delendum
844 1279 1007 1319 censuit

152 1337 434 1379 Daehnius
465 1337 526 1377 De
563 1337 662 1389 aliq
702 1335 807 1376 locis
839 1335 1004 1376 Platon.

154 1408 200 1449 p.
243 1394 310 1434 18.
352 1393 618 1434 Probabilius
669 1393 791 1432 etiam
852 1392 1006 1444 legeris

155 1445 603 1504 προςαγορευομένη
635 1462 730 1491 cum
760 1447 1007 1501 Wytten-

156 1506 372 1559 bachio,
395 1507 509 1557 quod
531 1508 601 1546 ubi
623 1505 886 1558 probaveris,
908 1517 1008 1544 sen-

156 1563 335 1604 tentiam
353 1562 529 1604 habebis
554 1563 810 1616 expeditam,
845 1561 1007 1615 simpli-

157 1632 264 1668 cem,
287 1631 446 1662 veram.
486 1619 565 1659 Est
587 1620 697 1658 enim
718 1618 847 1658 haec:
870 1617 1009 1657 nihil

157 1675 307 1716 aliud
334 1675 558 1716 reddere
584 1675 720 1715 illud
740 1674 1004 1728 pulcrum,

157 1732 266 1773 nisi
295 1731 472 1785 ipsius
509 1730 899 1784 pulcritudinis
930 1730 1008 1770 si-

156 1800 219 1828 ve
238 1788 549 1842 praesentia
579 1788 692 1828 sive
714 1787 1007 1828 communio

159 1845 274 1885 sive
314 1856 632 1896 quocunque
666 1843 772 1884 alio
803 1843 1009 1884 nomine

157 1913 260 1954 app
273 1900 478 1943 elletur.
494 1899 715 1952 Loquendi
732 1912 869 1953 genus
888 1900 1010 1939 docte

158 1957 386 1998 illustravit
421 1957 477 1998 ad
510 1956 555 1997 h.
579 1958 606 2000 l.
639 1954 1008 2008 Wytten'bach.

158 2013 263 2054 Eam
284 2015 494 2054 rationem
516 2013 830 2064 quodammodo
852 2011 1011 2051 confir-

159 2078 276 2110 mant
298 2082 407 2120 quae
413 2070 627 2138 exposuit
649 2068 944 2122 Olympiod.
961 2080 1008 2134 Ρ.

157 2127 244 2168 189
270 2125 356 2174 Τίς
379 2120 433 2167 δε
491 2120 627 2189 ετοχὴ
659 2128 758 2173 τοῖς
780 2122 894 2189 τῇδε
917 2125 1011 2165 τῶν

161 2180 400 2236 χωριστῶν
424 2139 498 2223 εἴ
469 2179 587 2228 &zm
612 2177 655 2222 εἰ
674 2175 760 2234 μὲν
783 2194 872 2244 γαρ
892 2193 1012 2247 παρ-

162 2236 358 2286 ουσία,
385 2230 472 2278 οὐκ
499 2233 598 2278 ἔστι
627 2229 850 2306 χωριστά·
892 2233 984 2277 εἰδ
955 2231 1011 2277 δὲ

161 2293 470 2360 κοινωνία,
513 2289 645 2335 ἔσται
685 2307 731 2334 τι
770 2289 853 2334 καὶ
895 2284 1010 2333 αλλο

159 2344 252 2403 πρὸ
276 2325 470 2402 αὐτῶν,
482 2339 540 2391 οὗ
570 2362 691 2402 κοιν
732 2348 885 2390 ταῦτα
905 2361 1012 2403 μετ-

163 2406 348 2472 είληφε,
385 2403 468 2447 καὶ
502 2405 643 2447 τοῦτο
704 2399 759 2446 π’
795 2396 1011 2457 ἄπειρον

160 2453 194 2517 ἢ
233 2456 308 2516 πὴ
350 2459 451 2503 καὶ
490 2455 608 2510 πῶς
649 2454 887 2515 ἑκάτερον,
928 2458 1012 2503 καὶ

161 2517 404 2585 παρουσία
442 2516 527 2560 καὶ
574 2517 828 2572 κοινωνία,
887 2531 1011 2559 κατα

162 2571 252 2629 τὴν
273 2568 468 2617 ἐκεῖθεν
487 2571 707 2629 μέθεξιν,
749 2574 1013 2626 Quamquam

162 2632 276 2672 idem
315 2645 358 2686 Ρ.
401 2633 481 2673 148
521 2639 707 2671 veterem
758 2632 1013 2684 scripturam

163 2694 322 2729 tuetur.
365 2687 449 2728 Sed
483 2701 632 2728 verum
669 2694 734 2728 est
770 2688 883 2739 quod
919 2688 1012 2729 cod.

140 2745 261 2810 *Vat.
302 2752 344 2784 et
377 2744 487 2785 Flor.
511 2745 539 2785 d
573 2750 796 2784 servarunt
823 2757 859 2785 π
890 2757 1014 2797 οςγι-

162 2794 411 2868 γνόμενον,
435 2801 548 2852 quod
568 2801 752 2864 pertinet
780 2801 835 2840 ad
879 2804 1012 2842 κεῖνο

166 2850 219 2897 τὸ
261 2853 422 2898 καλόν.
470 2858 575 2897 Nam
616 2856 794 2897 variavit
835 2858 1016 2910 scriptor

169 2914 376 2952 sermonis
387 2913 636 2967 scripturam
640 2920 888 2979 propterea,
901 2914 1015 2965 quod

168 2968 303 3007 noluit
335 2968 474 3008 dicere
510 2967 605 3010 εἴτε
631 2963 777 3010 ὁποία
807 2963 870 3022 δή
899 2982 1014 3010 ποτε

167 3019 482 3077 προςγὲνεσις.
517 3026 669 3087 ltaque
690 3025 908 3065 subiunxit
934 3038 1014 3079 po-

167 3082 254 3121 tius
275 3073 688 3133 προςγιγνόμενον,
710 3081 887 3145 perinde
906 3093 956 3120 ac
979 3082 1016 3122 si

169 3143 295 3176 antea
315 3139 517 3190 scriptum
534 3136 707 3176 fuisset:
729 3151 759 3189 η
740 3127 936 3178 ἐκεῖνο
958 3130 1011 3178 τὸ

169 3185 320 3234 καλὸν
339 3190 432 3234 εἴτε
448 3185 603 3245 παρὸν
621 3190 714 3233 εἴτε
729 3192 1012 3246 κοινωνοῦν,

171 3250 323 3314 quibus
363 3254 475 3289 recte
514 3261 617 3288 sane
655 3248 754 3288 addi
794 3256 1010 3314 potuerat:

172 3297 318 3347 εἰ’τε”’
289 3318 384 3360 οπῃ
405 3298 466 3359 δὴ
489 3295 610 3346 uat‘
592 3296 718 3352 όπως
737 3298 1015 3360 προςγιγνό-

172 3374 330 3414 μενον.
372 3361 576 3402 Nimirum
605 3361 749 3401 statuit
776 3362 893 3401 Plato
915 3374 1013 3414 pro-

171 3417 282 3458 fecto
302 3419 426 3458 etiam
444 3418 548 3458 alias
566 3426 730 3470 praeter
744 3417 1015 3472 παρουσίαν

174 3479 216 3514 et
234 3473 492 3517 κοινωνίαν
512 3475 603 3516 vias
631 3480 671 3515 et
697 3474 897 3528 rationes,
921 3474 1015 3526 qui-

1093 1280 1172 1320 bus
1194 1279 1315 1319 ideae
1343 1286 1384 1319 et
1404 1291 1472 1319 res
1495 1277 1809 1332 adspectabiles
1830 1278 1942 1319 inter

1094 1348 1140 1375 se
1163 1334 1451 1376 cohaererent
1480 1348 1521 1375 v.
1551 1335 1691 1377 Parm.
1720 1335 1748 1375 l.
1773 1348 1809 1379 c
1857 1331 1941 1388 [Si-

1093 1392 1247 1432 militer
1266 1391 1572 1444 Ueberweg
1605 1391 1755 1435 Philol.
1776 1390 1875 1435 XX.
1896 1404 1942 1445 p.

1094 1449 1178 1489 513
1207 1448 1344 1489 deleto
1371 1448 1443 1488 illo
1476 1446 1569 1490 εἴτε
1596 1448 1826 1501 legendum
1848 1459 1945 1489 esse

1095 1512 1239 1544 censet
1257 1500 1659 1559 προςγενομένουτ
1679 1503 1802 1554 „auf
1818 1503 1944 1545 wel—

1096 1560 1239 1601 chem
1260 1561 1421 1614 Wege
1452 1560 1748 1614 gleichsam
1768 1561 1901 1601 und
1891 1573 1944 1600 in

1093 1617 1323 1658 welcher
1351 1617 1530 1658 Weise
1561 1617 1712 1670 jenes
1739 1629 1801 1659 an
1830 1616 1944 1658 sich

1097 1673 1304 1715 Schiine
1350 1674 1778 1739 hinzugetreten
1828 1674 1943 1714 sein

1095 1743 1226 1794 mag.
1224 1727 1278 1795 “]
1322 1731 1384 1771 Ne
1405 1743 1505 1772 vero
1527 1731 1693 1771 mireris
1713 1722 1876 1771 istud‘'
1847 1742 1943 1783 οπῃ

1095 1778 1226 1828 καὶ
1208 1779 1335 1835 ὅπως
1365 1788 1653 1839 coniunctum,
1676 1786 1802 1827 huius
1823 1787 1941 1827 locu—

1096 1844 1224 1884 tionis
1247 1844 1443 1896 exempla
1475 1844 1642 1896 collegit
1662 1842 1944 1884 Iacobsius

1095 1900 1150 1940 ad
1171 1899 1369 1940 Philostr.
1390 1902 1551 1953 Imagg.
1581 1913 1623 1953 p.
1654 1900 1737 1940 635
1752 1930 1764 1952 ,
1786 1898 1943 1949 quibus

1096 1956 1206 1995 adde
1234 1955 1296 1995 De
1322 1957 1426 2008 Rep‚
1451 1956 1505 1997 X.
1537 1968 1578 2009 Ρ.
1610 1957 1764 1998 612Α.
1797 1968 1839 2008 Ρ.
1861 1955 1943 1996 621

1096 2012 1144 2051 Β.
1186 2012 1317 2064 Legg.
1354 2011 1410 2055 X.
1448 2025 1492 2065 p.
1528 2014 1610 2053 899
1631 2011 1727 2055 AB.
1766 2011 1861 2053 XII.
1899 2024 1943 2064 p.

1097 2068 1178 2109 966
1201 2069 1252 2108 Α.
1294 2067 1437 2108 Simile
1459 2076 1525 2108 est
1552 2068 1667 2119 quod
1687 2080 1816 2122 supra
1836 2067 1941 2120 legi-

1096 2137 1191 2164 mus
1233 2117 1423 2178 οὐδαμῇ
1464 2117 1706 2177 οὖδαμως,
1746 2137 1788 2178 p.
1815 2125 1867 2165 78
1894 2123 1944 2166 D.

1098 2181 1152 2222 cf.
1175 2181 1229 2220 ad
1250 2180 1357 2224 Phil
1378 2194 1423 2234 p,
1444 2182 1498 2222 60
1520 2180 1566 2223 C.

1156 2285 1219 2334 οὗ
1259 2288 1363 2346 γὰρ
1406 2288 1489 2334 ἔτι
1529 2291 1699 2334 τοῦτο
1730 2290 1794 2346 ὃ]
1834 2305 1945 2333 nam

1100 2362 1358 2401 quaenam
1386 2349 1522 2389 ratio
1553 2350 1694 2390 inter
1721 2362 1804 2390 res
1834 2350 1946 2390 sin·

1099 2406 1316 2458 gulares
1378 2418 1664 2457 earumque
1731 2406 1944 2459 species

1102 2470 1353 2502 aeternas
1384 2462 1708 2514 intercedat,
1731 2462 1784 2502 id
1813 2474 1944 2502 non-

1100 2519 1218 2559 dum
1240 2527 1381 2559 certo
1405 2518 1643 2559 dixerim.
1686 2519 1816 2561 Arist.
1846 2517 1945 2558 Met.

1100 2577 1132 2615 Ι.
1155 2575 1181 2615 6
1220 2568 1310 2639 τῂν
1350 2571 1514 2628 μέντοι
1553 2588 1606 2629 γε
1634 2571 1860 2641 μέθεξιν,
1891 2597 1945 2604 --

1134 2645 1204 2679 τις
1226 2621 1287 2673 ὂὶν
1310 2630 1399 2685 εἴη,
1431 2629 1526 2673 τῶν
1548 2628 1706 2685 εἰδῶν,
1736 2625 1948 2684 ἀφεῖσαν

1098 2623 1154 2730 ἔν
1180 2687 1327 2744 κοινῷ
1357 2687 1532 2742 ζητεῖν.
1576 2688 1760 2740 Colligas
1791 2700 1845 2728 ex
1863 2687 1947 2727 hoc

1099 2745 1192 2785 loco
1224 2756 1306 2784 non
1338 2745 1429 2784 sine
1458 2744 1598 2796 aliqua
1634 2744 1723 2784 veri
1750 2744 1948 2784 similitu-

1101 2802 1199 2842 dine
1219 2801 1451 2852 Platonem,
1485 2812 1567 2852 quo
1601 2808 1790 2854 tempore
1809 2800 1945 2840 Phae-

1103 2858 1258 2898 donem
1295 2858 1480 2910 scripsit,
1520 2857 1708 2898 nondum
1737 2858 1780 2896 in
1809 2857 1948 2896 lucem

1104 2914 1299 2954 emisisse
1326 2913 1634 2966 Parmenidem,
1664 2914 1707 2953 in
1739 2925 1820 2963 quo
1842 2913 1946 2953 libro

1103 2970 1154 3010 de
1175 2970 1427 3023 gravissimo
1449 2970 1541 3011 loco
1566 2970 1836 3011 subtilissime
1860 2969 1947 3009 dis·

1100 3026 1278 3079 putavit.

1156 3136 1256 3180 καὶ
1312 3132 1521 3180 τούτου
1575 3131 1851 3190 ἐχόμενος
1892 3157 1945 3165 -

1099 3192 1320 3250 πεσεῖν]
1360 3195 1457 3235 hoc
1496 3194 1723 3234 fiimiter
1761 3199 1944 3232 tenen-

1099 3258 1199 3306 tem
1227 3263 1301 3291 me
1330 3259 1454 3306 puto
1487 3263 1588 3290 non
1619 3261 1838 3301 unquam
1861 3261 1947 3288 es-

1101 3319 1155 3347 se
1213 3307 1502 3371 lapsurum
1538 3314 1586 3345 et
1636 3313 1944 3346 erraturum.

1099 3363 1159 3403 De
1179 3376 1259 3404 usu
1291 3372 1399 3418 part.
1423 3355 1645 3416 ἐχόμενος
1668 3363 1730 3402 sic
1750 3373 1843 3401 eum
1865 3372 1942 3413 ge-

1101 3420 1240 3460 netivo
1262 3421 1392 3460 iuncti
1412 3433 1453 3459 v
1474 3419 1627 3471 inttpp.
1649 3419 1703 3459 ad
1725 3416 1939 3470 Aristoph.

1099 3474 1328 3522 Plut.101‚
1528 3487 1532 3498 ¹
