2158 3718
518 188 1032 242 SYMPOSIUM.
1069 207 1115 256 p.
1156 189 1261 240 210
1299 189 1369 240 st.
1682 191 1784 241 153

116 343 237 392 πεῖν
276 336 375 402 τῆς
414 331 686 398 Ἑλλάδος.
732 338 910 406 τίμιος
935 336 991 390 δὲ
1019 330 1142 405 παρ’
1174 330 1304 405 ὑμῖν
1329 335 1421 387 καὶ
1450 329 1656 388 Σόλων
1690 332 1780 388 δια

115 419 217 487 τὴν
259 422 370 474 τῶν
412 416 597 489 νόμων
632 425 896 486 γέννησιν,
937 421 1028 474 καὶ
1063 415 1222 473 ἄλλοι
1242 413 1456 472 ἄλλοθι
1498 419 1780 488 πολλαχοῦ
1832 426 1872 474 Ε

63 552 66 554 ,
114 501 342 574 ἄνδρες,
387 504 480 557 ’καὶ
520 507 579 556 ὲν
608 498 832 574 ’Έλλησι
875 505 967 558 καὶ
1006 509 1064 558 ἐν
1104 501 1427 575 βαρβάροις,
1470 497 1650 555 πολλὰ
1693 504 1786 556 καὶ

113 584 256 644 καλὰ
297 582 724 661 ἀποφηνάμενοι
764 591 912 659 ἔργα,
953 583 1310 655 γεννήσαντες
1342 589 1617 640 παντοίαν
1660 583 1789 657 ἀρε-

113 669 244 740 τήν·
286 661 365 724 ὧν
405 673 498 724 καὶ
541 668 658 743 ἱεροὶ
700 668 878 728 πολλὰ
921 669 1027 739 ἤδη
1068 677 1253 741 γέγονε
1297 666 1388 724 διὰ
1432 666 1562 734 τοὺς
1603 666 1788 725 τοιού-

113 772 243 819 τους
285 757 516 820 παῖδας,
576 752 668 810 διὰ
713 758 768 811 δὲ
811 752 941 820 τοὺς
983 755 1378 827 ἀνθρωπίνους
1419 751 1643 818 οὐδενός
1684 775 1787 810 πω.

88 833 93 837 ’
239 834 381 911 Cap.
426 835 718 895 XXVIII.
809 842 1001 894 Ταῦτα
1029 841 1130 909 μὲν
1156 830 1256 894 οὖν
1286 833 1355 892 τὰ
1387 834 1613 908 ἐρωτικά
1647 836 1786 903 ἴσως,

110 913 152 976 ὦ
199 919 521 992 Σώκρατες,
566 919 671 978 κᾶν
714 919 781 978 σὺ
822 927 1128 995 μυηθείης·
1175 919 1246 978 τὰ
1275 924 1330 977 δὲ
1358 924 1509 977 τέλεα
1541 924 1634 976 καὶ
1659 928 1788 978 ἐπο-

111 1003 296 1072 πτικοέ,
339 997 417 1060 ὧν
459 1011 611 1061 ἕνεκα
657 1010 750 1063 καὶ
793 1010 972 1063 ταῦτα
1016 1010 1178 1072 ἔστιν,
1225 1006 1322 1061 ἐάν
1368 1026 1448 1070 τις
1476 1003 1670 1078 ὀρθῶς
1694 1026 1787 1075 με·
1821 1005 1927 1054 210

113 1093 217 1167 τίῃ,
264 1086 369 1146 οὐκ
411 1087 521 1145 οἷδ’
573 1097 619 1146 εὶ
663 1089 782 1156 οἷός
825 1089 877 1146 τ’
927 1087 1000 1146 ἂν
1043 1090 1174 1158 εἴης.
1215 1092 1318 1162 ἐρῶ
1359 1091 1461 1160 μὲν
1505 1081 1621 1154 οὖν,
1666 1093 1785 1164 ἔφη,

110 1168 211 1244 ἐγώ
257 1175 349 1227 καὶ
393 1177 723 1247 προθυμίας
765 1173 929 1230 οὐδὲν
982 1173 1301 1250 ἀπολείψω·
1359 1175 1524 1243 πειρῶ
1570 1175 1625 1230 δὲ
1670 1178 1790 1228 ἕπε-

111 1260 288 1328 σθαι,
348 1252 421 1311 ἂν
479 1255 594 1322 οἶός
633 1279 691 1314 τε
733 1249 813 1336 ᾗς.
912 1262 1005 1314 Δεῖ
1062 1255 1199 1333 γάρ,
1254 1260 1389 1333 ἔφη,
1440 1253 1541 1311 τὸν
1598 1255 1794 1329 ὀρθῶς

110 1338 268 1398 ὶόντα
312 1334 612 1399 ἐπὶτοῦτο
656 1338 720 1398 τὸ
762 1344 992 1415 πρᾶγμα
1035 1339 1317 1414 ἄρχεσθαι
1358 1343 1459 1412 μὲν
1502 1346 1629 1396 νέον
1653 1336 1791 1396 ὄντα

114 1430 252 1481 ἱέναι
294 1426 383 1479 ἐπὶ
425 1422 494 1480 τὰ
541 1422 685 1482 καλοὶ
733 1426 983 1500 σώματα,
1027 1429 1119 1482 καὶ
1160 1427 1380 1500 πρῶτον
1412 1430 1526 1497 μέν,
1569 1422 1669 1480 ἐὰν
1697 1422 1791 1496 ὀρ-

113 1589 271 1631 tionem
304 1586 541 1628 καλλιόνων
570 1586 646 1627 καὶ
674 1585 756 1631 ἆθ.
785 1590 951 1632 παίδων
980 1590 1152 1631 nomine
1181 1590 1466 1644 appellentur,
1498 1587 1696 1643 equidem
1728 1588 1790 1629 ni-

111 1645 164 1688 hil
194 1645 505 1688 sollicitandum
538 1657 710 1687 censeo.

226 1703 278 1745 D.
337 1701 472 1749 τούς
509 1700 765 1757 ἀγαθούς
803 1703 997 1758 ζηλῶν]
1030 1702 1313 1757 Participium
1344 1703 1485 1744 firmat
1515 1703 1643 1744 etiam
1675 1702 1786 1743 Pro—

112 1761 203 1802 clus
234 1761 277 1802 in
308 1758 543 1814 Rempubl.
575 1773 616 1814 p.
647 1759 764 1811 393„
795 1762 869 1803 ubi
903 1774 1122 1815 perperam
1156 1759 1289 1812 ζητῶν
1319 1761 1536 1813 scriptum.

224 1818 432 1866 ’παῖδας
467 1818 824 1875 κατελίπετο]
859 1819 931 1860 Sic
963 1819 1057 1860 Vat.
1080 1815 1131 1860 Δ.
1163 1817 1332 1860 Ven..?..
1366 1816 1583 1859 Pan-‚DK.
1615 1815 1788 1858 Vind.7.

104 1876 209 1918 .Vat.
228 1889 268 1930 p.
303 1880 348 1917 et
381 1875 507 1917 Bodl.
538 1875 608 1927 qui
639 1874 766 1917 habet
801 1878 1000 1917 κατέλιπε
1030 1874 1100 1916 τό.
1174 1874 1426 1928 Legebatur
1467 1875 1567 1916 olim
1605 1873 1790 1914 κατελεί-

110 1948 230 1978 πετο.
262 1933 384 1974 vind.
403 1934 447 1977 2.
483 1932 699 1973 κατέλειπε
729 1938 820 1983 τοῖς
847 1937 889 1973 ἐν
919 1934 1165 1986 Λακεδαίμ.

225 1991 415 2045 τίμιος
453 1988 504 2030 δὲ
539 1989 666 2042 παρ’
713 1988 868 2045 ὑμῖν]
915 1991 1050 2044 Vulgo
1082 1988 1197 2044 ἡμῖν.
1259 1987 1347 2030 Sed
1380 1994 1499 2030 recte
1529 1986 1632 2042 ὑμῖν
1662 1986 1789 2029 Bodl.

113 2048 210 2090 Vat.
230 2045 283 2088 A.
313 2048 446 2092 Coisl.
475 2046 581 2088 Ven.
600 2048 648 2090 Ξ.
679 2047 862 2092 Vind.2‚
888 2049 990 2090 Par.
1010 2047 1111 2090 DK.
1147 2046 1297 2088 Ambr.
1327 2049 1435 2099 Aug.
1454 2059 1504 2087 w.
1534 2046 1630 2088 Vat.
1650 2057 1791 2099 n.p.r.

112 2105 332 2147 monui.

229 2162 279 2206 P.
312 2160 413 2207 210.
473 2160 561 2203 ἐπὶ
597 2166 766 2203 τοῦτο
806 2162 864 2203 τό
910 2160 1156 2218 πρᾶγμα]
1196 2161 1432 2203 Articulum
1470 2159 1598 2210 vulgo
1641 2157 1790 2210 negle-

107 2225 229 2318 {pull
272 2220 442 2273 plurimi
480 2219 719 2274 optimique
763 2220 857 2262 libri
904 2224 1226 2263 conservarunt.
1298 2215 1638 2260 Restituendum
1685 2213 1788 2255 vidit

144 2290 347 2319 iscierus.

113 2396 326 2445 putantur.
397 2390 540 2433 Petita
579 2397 723 2435 autem
765 2393 912 2434 simili-

113 2448 220 2489 tudo
273 2452 342 2489 est
393 2455 428 2489 a·
471 2450 696 2501 mysteriis.
755 2450 805 2492 V.
856 2450 912 2491 ad

115 2505 277 2547 Phaed.
299 2504 424 2560 p.69.
448 2505 495 2547 C.
534 2506 691 2560 Remp.
727 2507 835 2550 VllI.
869 2521 910 2562 p.

114 2563 212 2606 560.
246 2563 298 2605 D.
345 2564 442 2605 coll.
477 2562 717 2606 Lobeck.
750 2566 911 2618 Aglao-

115 2620 258 2676 pliam.
288 2619 343 2661 T.
374 2620 408 2662 Ι.
439 2633 484 2674 ρ.
506 2619 562 2664 34
583 2635 676 2676 sqq.
707 2627 752 2664 et
785 2620 881 2666 128.

172 2708 219 2749 εἰ
257 2701 380 2754 οἷός
420 2705 463 2747 τ’
494 2705 558 2749 ἂν
586 2709 728 2761 εἴης]
771 2706 909 2749 luten.

114 2768 367 2823 μυηθῆναι,
399 2763 441 2806 ΙΙ.
471 2779 510 2808 e.
543 2769 819 2817 κατανοῆσαι.

173 2850 226 2892 Ρ.
251 2849 351 2895 210.
402 2851 728 2906 προθυμίας
759 2848 913 2892 οὐδὲν

115 2904 418 2960 ἀπολείψω]
459 2908 633 2950 Menon.
678 2921 719 2961 p.
749 2909 818 2951 77.
854 2911 911 2949 A:

116 2962 222 3003 ἀλλὰ
272 2962 360 3016 μὴν
402 2966 661 3018 προθυμίας
697 2979 744 3018 γε
786 2962 914 3005 οὐδὲν

117 3020 339 3072 ἀπολείψω
356 3021 428 3060 καὶ
449 3025 530 3061 σοῦ’
547 3021 664 3062 ἕνεκα
683 3021 756 3062 καὶ
775 3023 912 3075 ἐμαυ-

118 3082 199 3118 τοῦ
219 3077 344 3129 λέγων
363 3081 560 3118 τοιαῦτα.
596 3078 661 3119 De
687 3078 799 3131 Rep.
823 3078 911 3119 Vll.

119 3150 163 3189 p.
187 3133 284 3178 533.
318 3137 369 3176 Α.
397 3134 514 3176 Tim.
550 3148 592 3188 p.
619 3134 689 3179 20.
719 3135 768 3176 C.
813 3138 914 3176 Xe-

118 3191 273 3246 noph.
294 3191 607 3245 Cyrop.lV·5‚
630 3191 694 3234 15.
719 3191 915 3244 Lysias

121 3263 198 3302 pro
230 3249 351 3290 bonis
387 3248 604 3304 Aristoph.
639 3264 680 3304 p.
709 3248 806 3293 211.
844 3248 910 3291 ed.

119 3307 278 3349 Bremi.

175 3364 456 3421 ἄρχεσθαι
519 3365 613 3419 μὲν
662 3367 779 3406 νέον
829 3362 917 3403 ὅν-

121 3439 182 3464 ια
209 3423 284 3478 -J
319 3423 496 3476 Optime
526 3420 917 3475 Sydenliamus‚

997 2390 1121 2433 cuius
1163 2392 1294 2432 verba
1336 2388 1788 2432 Wolfius'Germa-

993 2449 1087 2490 nice
1109 2448 1172 2489 sic
1190 2447 1400 2492 reddiditt
1432 2447 1574 2499 „Der
1604 2442 1786 2485 Grund

995 2505 1186 2548 hievon
1238 2507 1310 2547 ist
1362 2505 1484 2558 der,
1534 2502 1644 2545 weil
1692 2501 1788 2543 das

994 2564 1181 2605 innere
1221 2567 1363 2617 Auge
1403 2561 1518 2604 sich
1556 2572 1650 2603 zur
1675 2559 1789 2600 Em-

996 2620 1271 2674 pfindung
1338 2619 1432 2661 de‘r
1490 2616 1789 2661 Schiinheit

996 2678 1134 2719 eben
1165 2691 1223 2719 so
1254 2676 1448 2729 6sfnet,
1479 2679 1558 2719 als
1588 2687 1681 2718 zur
1699 2674 1790 2715 Er-

996 2734 1290 2776 kenntniss
1328 2734 1421 2776 der
1448 2735 1632 2777 Natur.
1690 2732 1790 2773 Un-

996 2805 1117 2834 sere
1167 2792 1331 2835 Seele
1390 2791 1547 2846 fangt
1599 2791 1789 2832 immet

984 2849 1081 2890 *bei
1113 2850 1283 2891 einem
1324 2849 1612 2892 einzelnen
1651 2848 1789 2888 sinn-

997 2906 1172 2948 lichen
1233 2905 1630 2961 Gegenstande
1702 2916 1786 2953 an,

995 2963 1122 3016 geht
1170 2963 1306 3006 dann
1353 2977 1416 3006 zu
1475 2965 1643 3006 einem
1695 2972 1788 3001 an-

998 3019 1131 3062 dern
1162 3020 1302 3074 fort,
1333 3019 1647 3076 vergleiclit
1677 3017 1787 3057 di'e-

1000 3090 1056 3118 ue
1095 3077 1283 3130 beide,
1321 3079 1427 3120 und
1460 3077 1603 3120 sielnt
1633 3077 1682 3116 in
1709 3073 1786 3125 je-

999 3133 1117 3176 dem
1169 3135 1287 3188 das,
1337 3149 1441 3178 was
1495 3132 1649 3176 beide
1694 3142 1787 3182 ge-

999 3191 1135 3233 mein
1165 3191 1348 3234 haben.
1413 3194 1484 3234 So
1529 3188 1677 3232 salnrt
1707 3186 1789 3226 sie

1000 3248 1135 3302 sort,
1204 3252 1455 3292 sammelt
1515 3246 1617 3289 und
1675 3257 1787 3287 ver-

1001 3306 1210 3357 gleicht
1269 3306 1524 3348 melnrere
1583 3302 1789 3345 andere

1003 3364 1324 3406 ludividuen
1382 3362 1611 3405 dieser
1661 3360 1787 3401 Gat-

1003 3428 1151 3475 tung,
1189 3422 1267 3463 bis
1307 3421 1390 3461 sie
1420 3421 1467 3464 in
1498 3420 1643 3463 allen
1675 3416 1785 3459 die-

993 3486 1011 3511 ἱ
