2158 3718
343 160 446 210 17⁰

970 161 1381 216 PLATONIS

332 301 704 377 Ἐρυξίμαχον.
747 303 895 378 ἡμῖν,
938 308 1069 378 πρὶν
1112 308 1170 361 σὲ
1200 309 1480 372 εὶςελθεῒν,
1523 307 1670 375 ἔδοξε
1690 311 1892 383 χρῆναι
1920 312 2010 365 ἐπὶ

251 386 490 456 Οδεξιόι
533 394 767 446 ἕκαστον
806 396 864 445 ὲν
904 392 1050 460 μέρει
1092 387 1264 460 λόγον
1304 394 1429 464 περὶ
1447 389 1688 463 ’Ἑρωτος
1730 398 1898 449 ειπεῒν
1939 391 2012 458 ὡς

338 473 566 529 δύναιτο
608 470 917 540 καλλιστον,
964 476 1056 529 καὶ
1099 471 1450 544 ἑγκωμιασαι.
1496 481 1549 532 οἱ
1587 480 1689 548 μὲν
1717 469 1818 532 οὖν
1847 474 2010 533 ἄλλοι

308 555 541 623 ’πάντες
593 555 746 628 ἡμεῖς
803 554 1123 630 εἰρήκαμεν·

1183 555 1249 613 σὺ
1306 558 1357 613 δ’
1419 557 1597 628 ἐπειδὴ
1645 559 1744 616 οὐκ
1789 561 2008 635 εἴρηκας

336 644 429 696 καὶ
469 646 808 706 ὲκπέπωκας,
854 645 1063 707 δίκαιος
1106 641 1156 698 εἶ
1195 648 1389 708 ειπεῖν,
1445 640 1610 703 ειπών
1652 643 1702 700 δ’
1753 644 2006 712 ἐπιτάξαι

337 722 628 794 Σωκρατει
669 721 699 780 ὅ
747 746 799 780 τι
834 723 911 781 ἂν
935 727 1158 804 βούλῃ,
1212 729 1304 781 καὶ
1359 729 1566 783 τοῦτον
1604 731 1682 799 τῷ
1727 733 1833 785 ἐπὶ
1857 729 2004 796 δεξιοὶ

331 812 445 864 καὶ
466 805 610 865 οὕτω
654 806 785 874 τοὺς
825 805 1046 876 ἄλλους.

1125 808 1307 875 Ἀλλά,
1352 810 1547 885 φάναι,
1595 803 1635 866 ὦ
1676 810 2005 885 Ἐρυξίμαχε,

330 890 433 949 τὸν
467 891 838 962 Ἀλκιβιάδην,
880 898 1059 960 καλῶς
1101 898 1203 966 μὲν
1243 900 1426 965 λὲῑεις,
1467 894 1763 965 μεθύοντα
1807 901 1864 953 δὲ
1905 894 2006 955 ἄν·

331 981 438 1050 δρα
484 974 638 1050 παρὰ
689 977 985 1080 νηφόντων
1026 976 1125 1049 λό)
1129 1000 1225 1044 ους
1267 977 1646 1051 παραβαλλειν
1688 977 1766 1051 μὴ
1807 979 1914 1037 οὐκ
1954 981 2011 1048 ἐξ

330 1062 451 1118 ἰ’σου
497 1085 549 1140 η.
593 1065 687 1118 καὶ
723 1060 860 1135 ἅμα,
902 1055 942 1118 ὦ
986 1061 1239 1136 μακάριε,
1283 1067 1471 1119 πείθει
1516 1068 1570 1118 τί
1609 1083 1667 1120 σε
1694 1063 2011 1139 Σωκρατης

330 1137 411 1201 ὧν
453 1143 584 1220 ἄρτι
627 1145 808 1219 εἶπενς
850 1142 886 1215 ἢ
934 1146 1127 1214 οἶσθα,
1173 1145 1261 1204 ὅτι
1305 1145 1638 1204 τουναντιόν
1665 1152 1775 1206 ἐστὶ
1816 1152 1932 1206 πᾶν
1976 1146 2007 1217 ἢ

324 1364 462 1414 Coisi.
484 1369 696 1415 Pan-‚13:1⁴1
716 1373 877 1423 Ang.u-
902 1369 1153 1426 Vat.n.p.s.
1186 1375 1230 1412 et
1260 1383 1346 1412 rec.
1383 1373 1487 1423 Ang-
1510 1382 1559 1412 w.
1621 1370 1746 1414 Quae
1788 1381 1841 1411 eo
1873 1369 2008 1423 magis

325 1429 585 1482 requiritur,
616 1428 712 1482 quia
743 1427 879 1481 ipsius
908 1433 1066 1481 poetae
1097 1428 1264 1481 integer
1294 1427 1529 1469 versiculus
1560 1427 1754 1468 affertur.
1816 1426 1910 1468 Alia
1939 1439 2012 1468 ra-

325 1487 386 1528 tio
422 1491 491 1528 est
511 1485 694 1528 Phaedr.
732 1485 802 1537 iu„
838 1485 910 1526 ubi
945 1491 1100 1539 poetae
1131 1486 1261 1527 verba
1292 1497 1451 1538 prosae
1487 1483 1781 1526 admiscentur
1809 1484 2007 1525 orationi.

326 1545 376 1588 C.
409 1549 568 1586 tamen.
600 1543 672 1586 Fr.
706 1542 857 1584 Herm.
898 1548 1075 1596 propter
1105 1542 1232 1585 Bod¹.

325 1602 584 1656 scripturam
615 1599 868 1643 servandam
902 1599 1067 1641 statuit.

1272 1543 1436 1584 scilicet
1475 1541 1775 1584 auctoritatem
1817 1547 2010 1584 veterem

443 1659 496 1701 C.
555 1657 642 1699 καὶ
669 1659 1006 1708 ἐκπέπωκας]
1039 1656 1113 1699 Sic
1143 1669 1239 1698 cum
1270 1656 1372 1700 Bas.
1391 1654 1433 1700 2.
1462 1655 1673 1710 scriptum
1703 1653 1860 1698 habeut
1880 1654 2008 1701 Bodi.

327 1716 458 1759 Coisi.
476 1715 633 1759 Ven.²‘
597 1730 642 1759 ....
669 1715 767 1757 Par.
776 1714 830 1758 K.
854 1715 1001 1758 Ambr.
1021 1718 1128 1768 Ang.
1143 1727 1183 1756 u.
1198 1728 1246 1756 w.
1269 1714 1365 1758 Vat.
1377 1726 1416 1756 n.
1426 1728 1467 1768 p.
1477 1726 1511 1755 r.
1535 1712 1658 1756 Vind.
1673 1711 1714 1757 1.
1726 1711 1767 1756 2.
1785 1712 1902 1756 Fior.
1911 1726 1952 1755 a.
1965 1713 2008 1759 b.

327 1789 362 1817 c.
383 1774 411 1818 ἰ.
470 1774 636 1816 vitiose
669 1773 769 1815 Bas.
797 1773 833 1815 l.
855 1773 895 1823 2.
924 1774 1217 1827 ἐμπέπτωκας.
1251 1771 1399 1826 Steph.
1430 1773 1694 1825 ἐμπέπτωκας.
1753 1771 1802 1812 In
1837 1770 1934 1814 Vnt.
1953 1769 2007 1812 A.

326 1832 425 1874 Par
453 1831 550 1873 DF
581 1836 650 1874 est
680 1833 965 1879 ἐκπέπτωκας.

317 1894 417 1933 πεῖν
441 1889 561 1945 ponit
590 1888 722 1930 Coisi.

1024 1829 1191 1873 Deinde
1221 1829 1261 1872 εἴ
1289 1842 1375 1872 om.
1397 1829 1498 1871 Par.
1506 1827 1606 1870 EF.
1630 1828 1724 1871 Vat.
1760 1841 1795 1869 s.
1818 1832 1921 1883 post
1949 1829 2007 1870 el-

435 1951 502 2005 τῶ
540 1945 628 1989 ἐπὶ
667 1942 845 2001 δεξιά]
890 1944 964 1988 Sic
994 1945 1103 1999 Ang.
1123 1957 1164 1987 ιι.
1192 1944 1289 1986 Vat.
1315 1957 1350 1987 s.
1381 1940 1573 1989 ἐπιδεξιοί
1606 1945 1715 1998 Ang-
1736 1955 1788 1984 w.
1818 1940 2007 1988 ἐπιδεξια

378 2089 430 2131 C.
475 2086 564 2131 καὶ
593 2090 799 2129 τοῦτον
826 2089 894 2142 τῷ
923 2084 1013 2127 ἐπὶ
1044 2085 1123 2127 δε-

323 2146 438 2198 ξιά]
472 2146 761 2189 Accusativus
797 2144 974 2198 ponitur
1003 2157 1054 2186 ac
1085 2145 1124 2186 si

329 2205 642 2259 praecessisset
672 2199 841 2244 δίκαιόν
870 2203 973 2242 ἐστι.
1033 2201 1124 2244 Ita-

327 2276 412 2316 que
442 2263 574 2304 verba
604 2261 664 2302 sic
693 2259 1012 2313 interpreteris·
1050 2258 1126 2299 καὶ

328 2324 488 2361 τοῦτον
519 2317 686 2361 δίκαιόν
713 2319 828 2360 ἐστιν
848 2315 1044 2363 ἐπιτάξαι
1065 2319 1127 2372 τῷ

328 2377 399 2419 ἐπὶ
446 2375 578 2422 δεξιά.
645 2376 898 2418 Structurae
945 2374 1124 2416 variatio

328 2448 410 2479 nec
445 2448 524 2490 per
564 2447 613 2477 se
649 2433 816 2487 ingrata
845 2437 936 2485 est,
980 2436 1024 2474 et
1053 2444 1130 2486 per

329 2493 566 2536 sententiae
586 2491 793 2534 rationem
811 2488 1127 2545 propemodum

326 2550 580 2594 necessaria.

381 2606 669 2663 μεθύοντα
701 2606 753 2647 δὲ
780 2602 1127 2659 ανδρα-πα-

326 2662 655 2719 ραβάλλειν]
700 2663 924 2705 Ebrium
954 2663 1124 2704 virum

327 2733 667 2775 componere
729 2732 843 2761 cum
905 2719 1123 2760 sobrio-

325 2790 436 2820 rum
469 2775 825 2819 orationibus
869 2774 1008 2816 haud
1042 2787 1121 2815 sa·

323 2847 388 2878 ne
449 2845 678 2887 aequum
739 2831 940 2883 fuerit,
1004 2830 1120 2883 quod

325 2893 513 2935 breviter
551 2890 711 2932 dictum
743 2894 811 2931 est
840 2901 941 2942 pro.
984 2888 1121 2930 ebri-

324 2963 403 2992 um
425 2949 598 2991 virum
619 2947 974 2989 committere
1005 2958 1119 2987 cum

324 3007 392 3048 iis
463 3007 550 3060 qui
590 3003 769 3046 sobrii
805 3005 1114 3056 ioquuntur.

323 3065 390 3107 De
405 3039 502 3118 ’qua
534 3060 735 3116 ioquendi
767 3061 931 3102 ratione
963 3073 1001 3100 ν.
1021 3073 1116 3104 ann.

324 3122 378 3164 ad
412 3123 648 3175 Protag.p
653 3117 790 3162 .358.
822 3119 873 3161 D.
907 3118 1042 3172 Gorg.
1075 3132 1117 3173 p

321 3179 421 3225 455.
452 3180 502 3222 D.
566 3179 652 3221 iam
685 3175 797 3228 vide,
834 3176 988 3228 quibus
1024 3189 1119 3217 mo-

323 3238 390 3278 dis
438 3236 545 3279 huuc
597 3237 741 3278 iocum
797 3233 1120 3275 sollicitaverint

319 3295 378 3347 ii,
408 3296 478 3348 qui
515 3290 875 3347 breviloquentiae
918 3291 1002 3332 vim
1034 3303 1118 3332 non

321 3352 509 3394 assecuti
546 3355 658 3392 sunt.
736 3348 966 3391 Bantius
1007 3347 1118 3390 enim

322 3407 452 3465 λόγον
480 3407 751 3452 inserendum
775 3405 950 3450 censuit.
983 3404 1118 3449 Wol-

1238 2016 1248 2061 i

1207 2084 1317 2127 sius
1359 2082 1605 2154 μεθύοντα
1629 2082 1766 2139 ἄνδρα
1815 2083 2007 2137 positum

1208 2143 1372 2198 putavit
1422 2155 1503 2197 pro
1553 2139 1706 2196 λόγους
1755 2138 2008 2210 μεθύοντος

1208 2199 1384 2255 ἀνδρός.
1447 2200 1638 2242 Aetius
1676 2196 1898 2252 νηφόντων
1932 2195 2008 2238 λό-

1207 2273 1308 2313 νοις
1337 2260 1508 2312 accepit
1540 2258 1624 2309 ita,
1656 2261 1703 2298 ut
1732 2255 1814 2298 hoc
1843 2255 2006 2298 dictum

1208 2315 1415 2358 iudicaret
1438 2328 1516 2370 pro
1530 2313 1761 2369 νήφοντας.
1817 2313 1899 2355 Alii
1921 2313 2007 2357 cti·

1210 2387 1278 2415 am
1310 2374 1417 2415 alias
1446 2373 1635 2414 rationes
1664 2371 1862 2422 inierunt,
1899 2383 2006 2423 quas

1213 2443 1556 2473 commemorare
1586 2431 1759 2483 longum
1791 2432 1858 2470 est
1876 2433 2008 2481 atque

1212 2500 1594 2543 supervacaneum.
1663 2487 1711 2528 Π
1727 2503 1755 2526 α
1774 2499 1798 2540 ρ
1811 2501 1840 2526 α
1858 2487 1888 2538 β
1905 2483 1933 2526 ἄ
1950 2486 2007 2525 λ-

1212 2546 1320 2587 λειν
1350 2551 1418 2587 est
1449 2545 1718 2596 obiicere,
1759 2542 2005 2585 commit-

1211 2608 1336 2645 tere
1403 2601 1727 2644 certaminis
1792 2611 2003 2649 caussa,

1209 2660 1326 2712 quod
1367 2660 1479 2700 bo'no
1519 2663 1564 2700 et
1593 2659 1706 2700 maio
1737 2668 1867 2698 seusu
1899 2655 2003 2696 dici-

1209 2721 1290 2757 tur.
1373 2715 1538 2758 Eadem
1599 2725 1776 2768 prorsus
1837 2712 2003 2755 ratione

1206 2772 1484 2825 Aristoph.
1516 2773 1619 2812 Avv.
1651 2769 1736 2815 333
1767 2783 1857 2824 sqq.
1911 2785 2003 2810 πα-

1203 2830 1426 2901 ρέβαλέν
1470 2827 1514 2870 τ’
1557 2830 1626 2883 ἐμὲ
1665 2826 1805 2882 παρὰ
1851 2831 2003 2881 γένος

1201 2885 1451 2931 ἀνόσιοι.
1510 2885 1767 2928 Caiiiditatis
1807 2889 1851 2926 et
1883 2884 1999 2925 frau-

1204 2943 1418 2987 dulentiae
1463 2943 1819 2996 significationem
1863 2941 1999 2984 verbo

1202 3001 1437 3044 adhaerere
1465 3006 1615 3042 notant
1641 2999 1823 3042 Thom.
1866 2999 1926 3041 M.
1958 3012 2001 3054 p.

1202 3060 1301 3104 620.
1333 3058 1573 3115 Hesych.
1606 3057 1660 3102 T.
1687 3057 1740 3101 11.
1773 3070 1813 3111 p.
1843 3056 1946 3102 857.

1259 3175 1445 3216 πείθει
1486 3174 1539 3215 τί
1577 3186 1694 3214 aex.
1721 3188 1760 3214 τ.
1774 3170 1853 3241 λ]
1887 3169 1925 3212 h·
1960 3182 1998 3212 e.

1203 3234 1351 3274 πείθει
1381 3233 1431 3274 σέ
1456 3248 1499 3273 τι
1529 3229 1720 3282 τούτων,
1756 3247 1782 3268 α
1815 3225 1996 3281 Σωκρά-

1203 3305 1280 3342 της
1327 3290 1431 3343 ἄρτι
1476 3289 1611 3336 sium
1670 3286 1995 3329 credisne

1202 3346 1491 3401 quidquam
1553 3357 1796 3394 eorum,
1857 3353 1994 3395 quae

1203 3404 1363 3448 modo
1421 3404 1557 3447 dixit
1592 3398 1893 3446 Socrates?
1930 3409 1994 3440 an
