2158 3718
335 122 440 174 204
940 117 1421 175 PLATONIS

335 271 427 322 καὶ
467 269 694 330 πολλοῖς
756 267 922 332 δόξω,
985 269 1038 322 οἳ
1091 269 1182 336 ἐμὲ
1238 270 1328 320 καὶ
1374 270 1430 322 σὲ
1474 263 1550 337 μὴ
1594 268 1787 339 σαφῶς
1830 265 2028 332 ἰ’σασιν,

241 351 287 405 C
336 350 408 416 ὡς
457 350 574 415 οἷός
616 349 662 403 τ’
713 348 790 403 ὤν
819 362 895 405 ’σε
944 350 1147 416 σώζειν,
1193 357 1238 404 εὶ
1282 347 1495 417 ἤθελον
1539 349 1856 405 ἀναλίσκειν
1893 349 2030 422 χρή-

330 458 514 508 ματα,
567 433 856 505 ἀμελῆσαι.
917 439 1102 489 καίτοι
1164 440 1244 499 τίς
1287 431 1359 489 ἂν
1406 440 1629 506 αἰσχίων
1684 437 1766 501 εἴη
1822 436 2029 502 ταύτης

337 521 506 588 δόξα,
564 517 596 586 ἢ
655 524 837 576 δοκεῖν
876 519 1139 590 χρήματα
1198 522 1318 589 περὶ
1366 523 1618 584 πλείονος
1662 522 1955 574 ποιεῖσθαι
1990 518 2025 586 ἢ

329 609 562 681 φίλους,
624 603 688 658 οὐ
746 602 854 672 γὰρ
901 609 1188 658 πείσονται
1232 608 1285 658 οἱ
1329 607 1553 670 πολλοί,
1609 602 1682 668 ὡς
1730 600 1797 659 σὺ
1855 601 2030 668 αὐτὸς

331 689 430 745 οὐκ
487 689 774 756 ἠθέλησας
828 687 1056 742 ἀπιέναι
1092 691 1353 752 ἐνθένδε,
1413 686 1566 758 ἡμῶν
1627 692 2028 759 προθυμουμέ·

329 795 456 830 νων.
543 773 674 829 ΣΩ.
718 770 884 827 Ἀλλὰ
933 778 987 827 τί
1030 771 1185 843 ἡμῖν,
1228 763 1268 825 ὦ
1314 771 1549 843 μακάριε
1597 776 1832 843 Κρίτων,
1879 771 2024 828 οὕτω

331 861 430 925 τῆς
475 860 584 910 τῶν
629 860 849 911 πολλῶν
898 856 1059 924 δόξης
1103 860 1276 927 μέλει,
1341 862 1392 911 οἱ
1450 854 1557 927 γὰρ
1618 862 2025 921 ἐπιεικέστατοι,

329 938 406 997 ὧν
448 944 664 1013 μᾶλλον
709 939 868 1008 ἄξιον
918 944 1260 1017 φροντίζειν,
1327 941 1630 1009 ἡγήσονται
1685 938 1832 995 αὐτὰ
1879 938 2024 996 οὕτω

445 1106 493 1147 C.
554 1105 846 1159 ἀμελῆσαι]
890 1104 967 1145 Sic
1011 1106 1134 1149 Bodl.
1178 1106 1309 1148 Coisl.
1352 1106 1450 1148 Par.
1487 1105 1682 1146 DEHS.
1724 1107 1872 1159 Angel.
1924 1106 2025 1150 Ven.

330 1166 371 1207 b.
407 1164 530 1206 Vind.
564 1165 603 1208 1.
639 1165 681 1207 2.
714 1162 754 1205 3.
789 1163 829 1207 6.
868 1163 906 1206 7.
939 1162 1053 1205 Flor.
1085 1164 1113 1205 s.
1147 1178 1189 1217 g.
1222 1164 1261 1206 h.
1294 1165 1320 1204 i.
1354 1163 1465 1207 Tub.
1496 1165 1549 1206 al.
1582 1164 1725 1218 Vulgo
1747 1162 2026 1220 ἀμελήσαιμι.

446 1223 497 1264 D.
556 1220 691 1263 αὐτὰ
727 1221 780 1261 δὲ
810 1220 972 1274 δῆλα]
1006 1221 1159 1275 Steph.
1192 1223 1247 1263 de
1278 1223 1458 1268 coniect.
1489 1222 1627 1274 δηλοῖ.
1688 1220 1783 1263 Non
1817 1233 1938 1275 opus.

444 1280 504 1321 τὰ
547 1284 784 1336 μέγιστα
825 1277 1051 1332 σχεδόν]
1093 1280 1149 1319 V.
1191 1278 1344 1332 σχεδὸν
1382 1278 1432 1320 τὰ
1469 1285 1672 1334 μέγιστα,
1711 1279 1853 1320 invitis
1896 1278 2022 1319 Bodl.

329 1435 450 1472 eos,
493 1422 576 1474 qui
617 1434 694 1464 me
732 1427 898 1476 atque
937 1426 990 1462 te
1032 1433 1131 1462 non

327 1481 470 1521 satis
502 1479 780 1523 noverint.
837 1480 984 1532 ltaque
1015 1477 1130 1532 quod

327 1538 492 1591 plenius
525 1537 608 1579 dici
639 1538 796 1579 licebat
836 1538 923 1578 sic:
964 1535 1014 1576 ου’
1049 1541 1131 1590 μία

327 1593 527 1648 ἕιιμφοροὶ
558 1597 671 1636 ἐστιν
702 1596 822 1649 ἐμοί,
862 1592 969 1634 α’λλᾶ
1014 1595 1128 1634 πλεί-

327 1664 424 1706 ους·
460 1653 594 1707 χωρὶς
623 1656 697 1705 μὲν
727 1651 810 1706 γὰρ
843 1657 924 1693 τοῦ
955 1654 1131 1706 ἐστερῆ-

326 1713 440 1751 σθαι
463 1716 564 1761 etc„
597 1710 640 1752 id
671 1711 731 1751 sic
764 1711 805 1751 in
830 1710 1002 1752 brevius
1026 1723 1127 1750 con-

326 1774 510 1810 tractum
553 1776 645 1819 est,
690 1772 740 1809 ut
774 1769 980 1822 particula
1019 1764 1130 1807 ἀλλά

325 1826 627 1878 praemittatur
648 1825 697 1866 iis
729 1825 887 1878 verbis,
918 1838 1034 1878 quae
1055 1838 1130 1867 ex-

326 1882 600 1936 plicationem
634 1884 856 1925 continent
889 1883 999 1925 illius
1031 1895 1130 1924 sen·

327 1941 501 1993 tentiae,
532 1954 642 1994 quae
672 1943 872 1995 opposita
905 1946 973 1982 est
1004 1953 1131 1995 prae—

325 1997 610 2040 cedentibus:
670 1998 721 2039 ου’
785 2000 865 2052 μία
927 1996 1131 2053 ξυμφοραί

325 2060 463 2105 ἐστιν,
501 2058 541 2097 ἰη
579 2056 735 2110 quibus
786 2062 833 2097 nt
871 2069 967 2098 cum
1007 2056 1130 2097 Hir-

324 2113 549 2168 schigio
581 2117 701 2155 ἔσται
732 2128 809 2168 pro
849 2115 964 2155 ἱστιν
1002 2115 1132 2155 refin-

320 2178 473 2225 gatur,
517 2186 600 2212 non
641 2184 753 2225 opus
792 2172 975 2215 videtur.
1048 2171 1130 2212 His

321 2243 424 2271 vero
457 2231 683 2284 explicatis
728 2235 950 2284 superest,
996 2235 1043 2270 ut
1074 2228 1128 2269 de

321 2289 497 2340 singulis
552 2287 760 2329 dicamus.
840 2289 894 2329 Et
944 2287 1128 2341 primum

319 2346 521 2397 quidem,
560 2350 607 2386 ut
646 2345 773 2388 fidem
815 2345 1027 2387 faciamus
1058 2357 1127 2385 re-

320 2409 472 2456 ceptae
504 2404 594 2444 sine
625 2404 823 2446 codicum
866 2402 1127 2445 auctoritate

320 2462 576 2515 scripturae,
612 2464 818 2503 consulas
862 2462 1064 2514 Sympos.
1086 2473 1127 2513 p.

322 2519 419 2562 173.
451 2520 501 2562 C.
529 2518 660 2571 χωρὶς
692 2524 772 2558 τοῦ
804 2520 985 2559 οἴεσθαι
1015 2517 1127 2570 ὠφε-

322 2577 499 2616 λεῖσθαι
571 2574 803 2627 ιῖπερφνῶς
859 2574 915 2621 ὥς
973 2577 1126 2629 χαίρω.

322 2634 426 2677 ibid.
460 2648 501 2687 p.
535 2632 631 2676 184.
670 2634 717 2676 Β.
761 2630 889 2673 οὐδὲν
932 2631 1014 2687 γὰρ
1054 2633 1126 2672 δο-

322 2696 384 2730 κεῖ
435 2690 602 2732 τούτων
650 2692 751 2733 οὔτε
803 2694 976 2744 βέβαιον
1022 2690 1123 2730 οὔτε

321 2747 508 2803 μόνιμον
559 2747 669 2787 εἶναι
720 2748 849 2801 χωρὶς
895 2752 977 2788 τοῦ
1020 2747 1126 2801 μηδὲ

323 2811 556 2858 πεφυκέναι
603 2803 679 2845 ἀπ’
733 2805 877 2846 αὐτῶν
928 2806 1126 2856 γενναίαν

322 2863 481 2916 φιλίαν.
528 2862 666 2916 Legg.
709 2864 805 2906 Vll.
847 2878 884 2916 p.
925 2863 1024 2907 814.
1074 2863 1122 2903 C.

319 2921 448 2974 χωρὶς
497 2924 577 2960 τοῦ
625 2924 759 2960 κακοῦ
804 2920 1005 2974 οὐδαμῶς
1054 2920 1123 2961 εὔ·-

322 2994 485 3031 σχημον
515 2977 693 3030 γίγνοιτ’
726 2977 793 3019 ἄν.
828 2978 1046 3020 Cllarmid.
1082 2992 1125 3031 p.

321 3035 393 3080 44.
428 3036 477 3078 B.
510 3035 788 3078 Demosth.
823 3036 918 3077 adv.
947 3036 1049 3078 Mid.
1082 3049 1123 3090 p.

322 3094 393 3139 43.
437 3093 504 3135 ed.
552 3093 713 3135 Buttin.
779 3094 919 3136 Porro
964 3095 1125 3135 tirones

324 3150 523 3194 monendi
563 3151 761 3193 videntur
801 3151 855 3193 de
899 3153 936 3192 vi
969 3156 1013 3192 et
1045 3165 1123 3206 po-

324 3214 486 3251 testate
536 3210 762 3250 verborum
817 3207 1012 3252 οὕὸὲένα
1052 3208 1124 3263 μή

323 3281 483 3318 ποτε,
513 3280 623 3319 quae
654 3267 912 3309 Germanice
942 3266 1122 3310 reddas:

325 3325 527 3367 keinen
602 3323 735 3366 wolil
798 3324 989 3377 irgend
1046 3325 1125 3380 je-

325 3383 482 3434 mals3
519 3381 634 3436 quod
674 3382 754 3424 etsi
800 3395 876 3436 per
908 3397 955 3424 se
988 3383 1121 3425 lenius

1218 1419 1380 1461 dictum
1406 1426 1486 1471 est,
1518 1427 1662 1462 tamen
1687 1419 1868 1462 ethicam
1890 1432 2026 1472 quan-

1218 1478 1316 1519 dam
1349 1478 1603 1531 gravitatem
1633 1477 1774 1519 habet.
1836 1477 2023 1519 Caunus

1218 1542 1359 1577 autem
1395 1541 1438 1577 et
1470 1536 1657 1589 origines
1678 1535 1799 1577 liuius
1823 1534 2023 1588 loquendi

1217 1594 1395 1635 rationis
1428 1607 1668 1644 cognosces
1705 1606 1759 1635 ex
1790 1597 1935 1636 annot.
1968 1591 2022 1634 ad

1217 1652 1450 1706 Rempubl.
1482 1652 1558 1695 Vl.
1596 1667 1634 1706 p.
1660 1651 1760 1696 492.
1781 1650 1831 1694 E.
1875 1649 2022 1692 Enim-

1216 1723 1322 1751 vero
1353 1709 1537 1762 quaeibi
1565 1709 1620 1751 de
1649 1707 1700 1750 οὐ
1733 1708 1796 1764 μή
1828 1709 2022 1764 disputa-—

1217 1767 1374 1818 vimus,
1428 1781 1477 1808 ea
1518 1764 1641 1820 pla'ne
1681 1768 1940 1809 conveniunt
1979 1766 2022 1808 in

1218 1824 1256 1868 ΙΙ.
1291 1827 1340 1878 1.,
1388 1825 1460 1866 ubl
1500 1824 1660 1866 οὐδένα
1696 1823 1758 1879 μή
1798 1839 1903 1865 ποτε
1949 1823 2021 1865 di-

1219 1887 1334 1924 ctum
1370 1883 1559 1933 accipias
1592 1895 1694 1936 pro:
1738 1880 1790 1922 οὗ
1826 1881 1889 1937 μή
1921 1884 2028 1924 ποτέ

1216 1956 1329 1992 τινα,
1361 1945 1407 1980 ut
1438 1939 1607 1982 Charm.
1651 1953 1691 1994 p.
1728 1939 1827 1984 168.
1862 1940 1910 1983 Ι).
1948 1939 2020 1980 ubi

1217 2011 1256 2038 v.
1299 2010 1396 2038 ann.
1469 1997 1562 2039 Nec
1611 2011 1716 2039 vero
1764 1995 2020 2051 negligenda

1219 2061 1286 2096 est
1331 2056 1634 2108 particularum
1686 2057 1764 2109 μέν
1800 2061 1846 2096 et
1893 2054 1944 2095 δέ
1978 2055 2021 2096 in

1218 2126 1302 2154 uno
1350 2114 1597 2167 eodemque
1637 2113 1846 2155 orationis
1881 2124 2022 2154 mem-

1219 2171 1298 2211 bro
1347 2172 1631 2222 consociatio,
1691 2171 1812 2211 cuius
1857 2171 2021 2222 aliquot

1215 2234 1413 2282 exempla
1471 2229 1648 2282 collegit
1711 2227 2020 2269 Boeckliins

1214 2285 1508 2328 commentar.
1562 2287 1613 2328 ad
1656 2285 1827 2327 Pindar.
1867 2285 1917 2327 T.
1966 2285 2018 2326 u.

1220 2345 1266 2387 Ρ.
1297 2344 1357 2385 ΙΙ.
1391 2358 1430 2394 p.
1464 2344 1562 2389 103.
1594 2344 1706 2386 conf.
1748 2344 1901 2385 Rost.
1939 2343 2016 2384 Gr.

1213 2402 1247 2454 ἕ.
1268 2402 1365 2446 134.
1388 2403 1458 2445 13.
1485 2418 1524 2445 a.
1543 2417 1580 2445 a.
1618 2403 1846 2444 Praeterea
1866 2406 2018 2442 tenen·

1214 2460 1313 2500 durn
1347 2468 1414 2500 est
1436 2459 1490 2504 ὡς
1511 2472 1594 2502 non
1620 2473 1717 2499 esse
1737 2471 1831 2499 curn
1865 2457 1896 2498 B
1913 2462 2017 2499 utt-

1211 2531 1406 2558 manno
1446 2518 1624 2569 aliisque
1663 2515 1717 2557 nd
1762 2515 2015 2556 infinitivum

1211 2573 1427 2626 ἀμελῆσαι
1458 2574 1748 2622 referendum,
1781 2571 1896 2625 quod
1926 2572 2015 2614 fieri

1212 2634 1278 2674 vel
1313 2637 1544 2687 propterea
1579 2645 1661 2672 non
1694 2635 1862 2683 potest,
1899 2630 2015 2684 quod

1210 2688 1282 2740 ὡς,
1317 2703 1521 2742 nusquam
1557 2689 1659 2730 illud
1693 2689 1755 2729 sic
1787 2692 1888 2740 post
1919 2701 2017 2729 ver-

1213 2747 1310 2788 bum
1352 2747 1489 2787 δοκεῖν
1532 2749 1718 2798 illatum,
1757 2758 1810 2802 ue
1855 2745 1895 2787 ln
1936 2746 2017 2787 hac

1211 2804 1382 2856 quidem
1416 2804 1685 2846 anacolutliia
1718 2806 1858 2845 locum
1891 2815 2013 2844 suum

1211 2863 1440 2905 obtineret.
1505 2862 1773 2915 Relinquitur
1804 2874 1934 2916 ergo,
1968 2867 2016 2903 ut

1211 2922 1405 2962 voculam
1440 2934 1535 2962 eum
1567 2915 1661 2967 οἷός
1691 2918 1732 2960 τ’
1767 2918 1822 2958 ὦν
1853 2931 2013 2960 coune-

1210 2982 1401 3029 ctamus,
1444 2979 1502 3019 itu
1540 2984 1587 3020 ut
1619 2977 1738 3018 Crito
1775 2976 1892 3029 loqui
1933 2989 2013 3029 pu-

1211 3035 1366 3077 tandus
1397 3037 1453 3077 sit
1489 3050 1539 3077 ex
1573 3039 1717 3077 mente
1743 3046 1908 3084 eorum,
1942 3034 2012 3086 qui

1212 3094 1347 3147 ipsum
1399 3092 1690 3135 calumniaturi
1741 3093 1850 3131 sint:
1894 3091 2010 3144 quod

1210 3164 1346 3202 genus
1361 3151 1564 3205 loquendi
1582 3148 1863 3192 illustravitM
1877 3163 1898 3190 a
1914 3148 2008 3190 tth.

1210 3208 1243 3260 ᾖ.
1265 3209 1361 3254 568.
1417 3209 1639 3252 Sententia
1671 3206 1898 3249 verborum
1932 3207 2012 3258 igi-²

1210 3270 1281 3308 tur
1313 3267 1416 3309 haec
1453 3273 1540 3309 est:
1575 3265 2009 3308 l‘raetereneti-

1210 3338 1289 3365 am
1332 3326 1539 3376 multis,
1595 3322 1682 3377 qui
1723 3334 1806 3363 me
1845 3326 2009 3373 atque

1210 3387 1261 3423 te
1304 3382 1432 3424 haud
1476 3383 1614 3424 satis
1646 3378 1922 3428 noverint,
1955 3384 2008 3422 te
