2158 3718
339 104 438 155 170
979 103 1461 163 PLATONIS

330 274 464 321 μσς,
517 255 608 308 καὶ
660 247 851 318 ἄλλοι,
905 249 1030 308 ὅσοι
1081 254 1192 307 τῶν
1235 250 1489 324 ἡμιθέων
1532 259 1735 312 δίκαιοι
1764 261 2026 331 ,ἐγένοντο

333 343 390 390 ἐν
433 340 509 405 τῷ
553 340 766 392 ἑαυτῶν
807 339 940 407 βίῳ,
992 328 1106 405 ἆρα
1148 337 1338 412 φαύλη
1381 336 1455 394 ἂν
1498 341 1580 408 εἴη
1627 339 1658 407 ἡ
1701 339 2028 413 ἀποδημία,-

333 417 364 487 ἢ
422 414 493 476 αὖ
545 421 732 496 Ὀρφεῖ
775 421 1139 490 ξυγγενέσθαι
1203 426 1295 476 καὶ
1363 427 1641 494 Μουσαίῳ
1696 429 1789 480 καὶ
1823 424 2028 482 ‘How‘-

332 508 409 575 δῳ
455 509 547 560 καὶ
581 504 799 577 Ὁμήρῳ
856 509 940 558 ἐπὶ
996 502 1148 573 πόσῳ
1202 503 1276 561 ἄν
1333 529 1414 571 τις
1468 508 1653 576 δέξαιτ’
1718 506 1801 564 ἂν·
1843 508 2029 581 ὑμῶνς

331 588 431 658 ἐγώ
469 593 570 660 μὲν
613 587 720 660 γὰρ
767 586 1033 653 πολλάκις
1075 593 1250 643 ἐθέλω
1298 592 1594 662 τεθνάναι,
1633 600 1677 648 εὶ
1702 593 1849 649 ταῦτ’
1883 598 2028 650 ἐστὶν

329 673 564 740 ἀληθῆ·
619 677 732 729 ἐπεὶ
787 677 966 741 ἔμοιγε
1022 680 1112 727 καὶ
1169 673 1320 745 αὐτῷ
1367 677 1675 749 θαυμαστὴ
1731 675 1804 734 ἂν
1866 679 1947 746 εἴη
1992 677 2027 745 ἡ

329 756 583 829 διατριβὴ
652 756 896 822 αὐτόθι,
970 755 1135 812 ὁπότε
1206 759 1484 833 ἐντύχοιμι
1539 763 1871 834 Παλαμήδει
1937 767 2030 818 καὶ

339 842 536 899 Αἴαντι
579 845 656 912 τῷ
712 840 1048 912 Τελαμῶνος
1091 845 1181 897 καὶ
1229 843 1277 898 εἰ’
1319 867 1400 909 τις
1443 843 1610 912 ἄλλος
1662 852 1774 902 τῶν
1828 852 2029 903 παλαι-

327 929 405 982 ῶν
460 924 549 981 διὰ
608 931 784 997 κρίσιν
836 925 1034 982 ἄδικον
1099 931 1399 996 τέθνηκεν·
1473 930 2029 1004 ἀντιπαραβαλλοντι

327 1009 397 1066 τὰ
456 1015 701 1084 ἐμαυτοῦ
746 1009 915 1078 πάθη
976 1008 1115 1084 πρὸς
1162 1010 1229 1067 τα
1276 1019 1520 1080 ἐκείνων,
1582 1014 1654 1080 ὡς
1709 1015 1808 1086 ἐγώ
1857 1016 2027 1087 οἶμαι,

447 1204 496 1248 Β.
561 1202 903 1258 Παλαμήδει]
941 1208 943 1210 ’
970 1203 1019 1245 V.
1054 1203 1309 1260 Παλαμήδῃ,
1347 1209 1464 1262 quod
1497 1221 1581 1250 non
1612 1211 1745 1264 magis
1779 1211 1819 1251 in
1852 1223 1930 1251 usu
1963 1215 2030 1251 est

328 1273 456 1314 quam
490 1260 714 1316 Σωκράτῃ.
777 1264 935 1304 Veram
969 1264 1222 1317 scripturam
1255 1266 1380 1308 codd.
1419 1268 1608 1321 plerique
1639 1281 1785 1310 omnes
1817 1269 2028 1322 praebue-

329 1325 450 1374 runt3
482 1326 626 1362 tuetur
655 1321 784 1363 etiam
814 1321 1045 1361 Eusebius.

443 1379 527 1418 καὶ
568 1377 631 1433 δὴ
673 1376 728 1419 τὸ
768 1378 1063 1432 μέγιστον]
1108 1381 1161 1420 V.
1193 1382 1263 1422 καὶ
1305 1379 1357 1434 δὴ
1399 1382 1467 1421 καὶ
1509 1379 1551 1422 τό
1595 1397 1634 1433 μ.
1679 1381 1798 1436 quod
1839 1383 2028 1424 servavit

332 1435 492 1477 Bekk.
555 1438 696 1478 Recte
736 1438 804 1476 καὶ
837 1450 921 1478 om.
952 1437 1078 1479 Bodl.
1125 1438 1214 1481 vat.
1246 1441 1356 1480 Ven.
1390 1440 1431 1480 b.
1469 1440 1587 1480 vind.
1619 1441 1658 1484 1.
1689 1441 1728 1484 6.
1762 1439 1878 1481 Flor.
1911 1438 1952 1480 d.
1985 1453 2025 1493 g.

328 1492 365 1534 Ιι.
395 1493 497 1537 Par.
528 1494 665 1536 DST.

443 1553 520 1592 tls
554 1549 736 1594 ,αὐτῶν
774 1551 950 1604 σοφός
988 1551 1130 1608 ἐστι]
1190 1555 1314 1596 Bodl.
1359 1555 1465 1595 Vat.
1504 1554 1611 1596 Ven.
1650 1551 1861 1610 b.1Vind.
1903 1555 1943 1599 1.
1985 1555 2026 1599 6.

329 1608 444 1653 Flor.
469 1610 509 1651 d.
527 1625 569 1664 g.
595 1611 632 1655 n.
653 1612 752 1652 Par.
781 1611 908 1653 DST.
940 1613 1001 1653 tls·
1031 1607 1083 1652 ἄν
1114 1608 1268 1656 αὐτῶν.
1330 1613 1458 1656 Quae
1490 1615 1754 1654 constructio
1786 1614 1821 1653 si
1857 1613 2028 1654 aliunde

326 1668 432 1707 satis
461 1669 623 1711 firmari
655 1671 807 1723 possit,
838 1670 982 1712 iudice
1012 1670 1323 1713 Hermanno
1357 1672 1419 1712 De
1440 1671 1558 1715 Part.
1589 1669 1655 1715 ἄν.
1689 1684 1728 1725 ρ.
1748 1671 1820 1715 43.
1851 1671 2026 1714 adsen-

386 1809 470 1852 ἐπὶ
516 1810 665 1868 πόσῳ
708 1811 772 1854 ἄν
810 1825 889 1854 τις
937 1809 1137 1865 δέξαιτ’

1225 1816 1283 1856 A.
1307 1814 1527 1868 Explicavi
1553 1814 1660 1857 hunc
1678 1819 1872 1860 vocabuli
1901 1832 2026 1862 usum

328 1865 389 1910 ἄν
428 1866 623 1926 ὕμῶνς]
675 1872 907 1914 Cicero:
949 1872 1136 1924 quanti

1226 1873 1278 1914 ad
1302 1872 1598 1928 Euthyphron.
1633 1889 1671 1928 p.
1695 1877 1722 1919 2
1741 1890 1805 1929 sq.
1835 1876 1905 1918 De
1931 1877 2025 1918 Pa-

328 1928 536 1971 tandem
613 1929 960 1971 aestimatis?
1035 1929 1137 1971 Xe-

327 1986 479 2040 nopb.
521 1987 656 2031 Mem.
686 1988 746 2028 II.
784 1989 833 2038 2,
865 1986 907 2031 8.
953 1984 1054 2028 ἀλλὰ
1084 1984 1136 2041 νὴ

326 2043 418 2084 Δία
457 2044 587 2099 λέγει,
634 2043 661 2085 ἃ
695 2041 778 2086 ου’κ
807 2042 861 2086 α”ν
891 2056 952 2085 τις
978 2043 1046 2086 ἐπὶ
1080 2046 1137 2100 τῷ

327 2102 411 2156 βίῳ
470 2104 593 2146 παντὶ
642 2100 850 2156 βούλοιτο
905 2099 1027 2145 εἶναι.
1075 2104 1131 2146 cf.

329 2160 602 2204 Matthiae
643 2165 683 2214 ξ.
723 2162 824 2206 505.
879 2162 929 2206 Β.
977 2163 1130 2203 Rost.

325 2219 361 2272 ἓ.
393 2219 492 2263 120.
527 2225 617 2260 not.
647 2221 691 2264 4.

383 2274 478 2331 ἐγώ
540 2275 632 2328 μὲν
701 2275 797 2332 γὰρ
867 2275 1131 2318 πολλάκις

326 2334 505 2376 ἐθέλω
538 2334 837 2390 τεθνάναι]
873 2338 935 2378 De
955 2335 1132 2378 liocusu

326 2393 443 2434 verbi
478 2391 682 2434 τεθνάναι
719 2408 758 2435 v.
799 2395 851 2436 ad
893 2409 931 2447 p.
963 2394 1033 2438 30.
1083 2394 1131 2434 B·

327 2464 421 2504 cap.
443 2451 586 2493 XVll.
615 2458 722 2493 extr.
747 2453 964 2494 Eusebius
988 2452 1133 2493 habet:

329 2506 411 2560 ἐγώ
430 2507 505 2558 μὲν
526 2511 593 2549 καὶ
615 2508 833 2550 naudus:
854 2509 966 2550 unde
984 2510 1019 2550 H
1036 2510 1134 2550 ein-

330 2567 355 2606 d
371 2566 511 2607 orfiu
527 2580 547 2606 s
578 2569 875 2620 suspicabatur
910 2568 1131 2607 Platonem

329 2624 575 2677 scripsisse:
607 2621 690 2678 ἐγιὸ
722 2625 797 2676 μὲν
828 2623 907 2678 γὰρ
940 2625 1008 2665 καὶ
1033 2624 1134 2664 πολ-

329 2678 447 2721 λάκις
497 2688 578 2725 etc.
647 2683 735 2723 Sed
785 2696 867 2723 non
913 2696 1021 2737 opus
1068 2686 1134 2723 est

329 2740 582 2780 mutatione.
628 2740 699 2781 De
732 2741 812 2781 huc
844 2753 926 2782 usu
958 2741 1136 2782 voculae

330 2793 429 2850 γάρ,
463 2809 547 2848 quo
579 2798 631 2838 ad
665 2796 915 2839 sententiam
951 2798 1135 2840 refertur

331 2867 383 2896 ex
421 2855 577 2895 ceteris
623 2856 765 2896 verbis
807 2855 932 2897 facile
980 2856 1133 2896 intelli-

330 2911 513 2966 gendam
554 2924 588 2951 v,
623 2913 932 2955 Buttmann.
965 2914 1017 2955 ad
1052 2914 1135 2954 So-

332 2968 492 3022 phoclis
542 2969 766 3012 Pliiloctet.
802 2985 839 3011 v.
895 2971 1012 3018 756..
1066 2972 1135 3024 qni

331 3039 427 3069 eam
489 3026 753 3070 reddendam
820 3035 968 3072 censet
1019 3042 1136 3083 pro-

332 3085 505 3136 fecto,
537 3098 678 3127 sane.

390 3137 697 3198 ἦδιατριβή
734 3138 962 3196 αὐτόθι]
1004 3142 1134 3196 Opti·

332 3212 402 3243 me
454 3199 710 3243 Wolfius=
768 3200 1133 3244 Conversatio

333 3257 718 3311 delectabilis,
750 3260 793 3301 si
815 3259 1058 3313 colloqui
1080 3259 1134 3299 li-

334 3315 481 3358 cebit
518 3330 635 3359 cum
677 3318 732 3359 D.
775 3323 857 3360 etc.
896 3317 948 3361 cf.
991 3333 1031 3372 p.
1062 3315 1133 3361 41.

1227 1933 1273 1973 la
1286 1945 1325 1972 m
1342 1930 1400 1971 ed
1417 1945 1439 1971 e
1471 1931 1523 1971 ab
1550 1935 1742 1977 exercitu
1758 1934 2026 1976 Graecorum

1224 1989 1431 2040 lapidibus
1492 1989 1723 2044 interemto
1779 1998 2026 2045 propterea,

1223 2046 1338 2102 quod
1370 2045 1480 2086 dolis
1525 2051 1568 2087 et
1609 2047 1827 2091 fraudibus
1861 2050 2029 2103 Ulyssis

1222 2107 1263 2148 in
1298 2103 1554 2158 proditionis
1581 2109 1867 2162 suspicionem
1892 2107 2026 2149 addu-

1219 2169 1316 2204 ctus
1349 2166 1456 2210 erat,
1489 2168 1589 2204 nota
1615 2171 1713 2208 sunt
1732 2166 1890 2207 omnia.
1913 2166 2026 2206 conf.

1219 2220 1461 2272 Heynius
1482 2219 1658 2265 Excurs.
1682 2224 1735 2266 ad
1769 2224 1913 2274 virgil.
1937 2225 2028 2264 Ae-

1219 2277 1330 2320 neid.
1360 2277 1421 2319 II.
1450 2277 1521 2321 81.
1560 2285 1604 2320 et
1634 2296 1746 2335 qnae
1777 2281 1830 2322 de
1865 2294 2028 2334 cogno-

1221 2337 1332 2378 mine
1378 2336 1599 2389 Euripidis
1638 2340 1780 2381 fabula
1827 2337 2029 2380 disseruit.

1223 2394 1478 2436 Valckenar.
1533 2395 1711 2438 Diatrib.
1773 2398 1826 2437 de
1880 2396 2026 2450 fragm.

1222 2452 1369 2504 Eurip.
1403 2466 1442 2503 p.
1475 2452 1560 2495 190
1589 2469 1651 2506 sq.
1710 2455 1820 2496 Eius
1858 2454 2026 2495 fortuna

1223 2509 1429 2550 Socrates
1478 2522 1547 2562 ap.
1600 2512 1836 2566 Xenopli.
1895 2511 2025 2554 Mem.

1221 2568 1302 2608 IV.
1349 2567 1400 2617 2,
1455 2567 1524 2610 33.
1575 2583 1621 2611 se
1671 2571 1930 2618 consolatur.
1972 2593 2026 2599 —

1223 2625 1363 2666 Aiax
1402 2624 1788 2677 Telamonius,
1838 2627 2025 2668 oninium

1223 2682 1485 2724 Graecorum
1521 2692 1620 2736 post
1644 2685 1844 2727 Achillem
1875 2685 2025 2726 fortis-

1223 2741 1376 2796 simus,
1414 2753 1544 2792 quum
1576 2756 1693 2786 arma
1726 2741 1907 2784 Achillis
1943 2754 2024 2783 non

1223 2798 1466 2850 accepisset
1486 2803 1530 2840 et
1551 2799 1691 2854 iniquo
1710 2801 1863 2843 iudicio
1882 2799 2024 2851 Ulyssi

1224 2862 1341 2898 esset
1373 2860 1666 2910 postpositus,
1708 2859 1865 2900 insania
1908 2870 2023 2898 men-

1223 2909 1531 2966 tis'correptus
1574 2929 1620 2957 se
1667 2917 1758 2970 ipse
1797 2915 2025 2959 interemit.

1222 2970 1306 3012 vid.
1321 2970 1357 3011 H
1372 2985 1397 3012 o
1414 2985 1452 3012 m
1469 2985 1492 3013 e
1505 2985 1536 3014 r.
1551 2973 1705 3027 Odyss.
1725 2971 1771 3018 λ’.
1785 2987 1823 3019 v.
1833 2973 1919 3018 545
1930 2986 2024 3027 sqq.

1279 3028 1332 3069 B.
1378 3025 1925 3087 ἆντιπαραβάλλοντι
1967 3054 2023 3064 -

1223 3081 1383 3140 ἀηδὲς
1411 3089 1522 3141 εἴη]
1558 3090 1680 3132 Haec
1712 3091 1840 3131 verba
1873 3090 2022 3130 existi-

1225 3157 1294 3186 mo
1333 3146 1697 3199 interpretationis
1746 3161 1915 3204 caussax
1945 3148 2023 3189 ad-

1223 3202 1309 3244 dita
1349 3217 1446 3245 esse
1486 3205 1800 3260 superioribus:
1851 3205 2022 3258 θαυμα-

1223 3257 1299 3314 στὴ
1339 3258 1538 3316 διατριβή
1576 3263 1678 3313 κτλ..
1714 3263 1908 3318 ideoque
1938 3275 2023 3304 non

1224 3324 1290 3360 est
1321 3320 1432 3372 quod
1467 3334 1560 3364 cum
1582 3322 1780 3376 Vigero
1809 3321 1860 3362 ad
1882 3321 2021 3363 Euse-
