2158 3718
585 188 1099 246 SYMPOSmM.
1137 193 1332 259 p.173
1368 193 1448 246 st.
1815 198 1853 245 o

179 339 281 390 καί
311 356 409 407 μοι
448 331 717 405 ὡμολόγει
757 331 1026 408 καθάπερ
1054 341 1258 402 ἐκεῖνος
1287 339 1543 410 διηγεῖτο.

1612 341 1688 394 Τι’
1730 331 1849 406 οὖν,

177 423 314 494 ἔφη,
369 415 436 474 οὐ
485 416 722 486 διηγήσω
778 439 910 492 μοι,
965 417 1188 486 πάντως
1237 418 1271 489 ἡ
1328 418 1460 485 ὁδὸς
1500 418 1535 489 ἡ
1581 429 1656 488 εὶς
1708 419 1852 478 ἄστυ

175 505 452 570 ἐπιτηδεία
493 507 882 575 πορευομένοις
925 507 1018 558 καὶ
1062 508 1235 575 λέγειν
1268 508 1368 560 καὶ
1401 503 1641 562 ἀκούειν.
1692 505 1850 563 Οὕτω

177 585 244 654 δὴ
288 585 461 652 ἰόντες
501 583 621 659 ἅμα
665 584 798 652 τοὺς
841 584 1040 657 λόγους
1081 592 1203 664 περὶ
1245 587 1432 645 αὐτῶν
1474 589 1852 663 ἐποιούμεθα,

173 667 334 735 ὥςτε,
391 667 524 743 ὅπερ
579 669 888 743 ἀρχόιιευος
943 671 1130 738 εἶπον,
1191 672 1292 729 οὐκ
1347 671 1690 745 ἀμελετήτως
1734 680 1851 748 έχω.

174 760 222 810 εὶ
257 745 368 810 οὖν
409 757 491 810 δεῖ
532 758 625 810 καὶ
666 753 798 826 ὑμῖν
840 754 1243 827 διηγήσασθαι,
1275 760 1461 814 ταῦτα
1499 758 1607 832 χρὴ
1653 769 1850 817 ποιεῖν.

171 841 265 894 καὶ
294 835 414 910 γὰρ
459 841 622 909 ἔγωγε
665 843 758 895 καὶ
800 836 1010 907 ἄλλως,
1068 838 1210 897 ὅταν
1249 849 1348 914 μέν
1391 864 1549 908 τινας
1590 847 1713 915 περὶ
1759 866 1853 920 φι-

171 921 444 1005 λοσοφίας
482 920 684 994 λόγους
726 921 760 992 ἢ
804 921 979 990 αὐτὸς
1034 928 1281 998 ποιῶμαι
1322 922 1356 994 ἢ
1400 924 1587 983 ἄλλων
1642 927 1849 995 ἀκούω,

281 1140 341 1183 οὐ
381 1139 616 1196 διηγήσω
657 1141 798 1197 μοις]
839 1142 914 1184 Sic
952 1140 1077 1185 Bodl.
1120 1143 1254 1186 Coisl.
1293 1143 1391 1187 Vnt.
1422 1143 1473 1187 A.
1508 1145 1615 1188 V.en
1647 1162 1695 1191 e..
1727 1147 1852 1189 Vind-

167 1197 210 1242 2
246 1196 346 1240 Par.
386 1197 436 1240 E
481 1200 629 1252 Angel-
669 1207 710 1242 u.
756 1199 849 1241 Vat.
897 1214 936 1242 a.
973 1213 1012 1241 n.
1054 1214 1090 1242 8.
1136 1202 1243 1243 Ve'n-
1283 1207 1313 1243 t.
1351 1198 1469 1244 Flor.
1504 1217 1540 1245 a.
1581 1204 1620 1244 b.
1654 1218 1690 1246 c.
1724 1204 1747 1246 i.
1765 1210 1856 1255 ,ιιι

168 1248 412 1298 emendavit
444 1253 673 1298 Heindorf.
704 1257 757 1298 ad
788 1256 959 1299 Charm.
989 1271 1030 1311 p
1065 1259 1135 1303 70.
1198 1259 1322 1312 Vuig.
1355 1260 1482 1313 διηγῇ
1513 1259 1567 1302 ου’
1594 1276 1698 1315 μοις
1728 1236 1856 1304 v'ind.

170 1313 493 1358 1-7·Pa'r.K.
530 1314 580 1354 D.
615 1314 950 1368 Ambr.Angei.
986 1316 1637 1372 Ψ.νι11;.ρ.1·.δ“ιηγη’σημοι.

277 1382 483 1433 πάντως
523 1390 545 1452 η’
591 1383 749 1437 ὁδός]
799 1386 872 1427 Sic
909 1386 1009 1428 Par.
1051 1387 1147 1428 DK.
1180 1387 1277 1429 vat.

1317 1401 1385 1441 p,
1423 1393 1470 1430 ut
1499 1389 1633 1431 edidit
1664 1390 1851 1436 Bekker.

167 1443 313 1485 Ceteri
351 1442 445 1484 libri
482 1440 652 1488 πάντως
691 1443 787 1483 δὲ
773 1441 798 1494 ἶ
833 1441 961 1496 ὁδός,
1003 1445 1070 1486 vel
1109 1442 1277 1492 πάντως
1315 1447 1360 1486 δὲ
1400 1444 1484 1487 o‘do'
1458 1464 1532 1499 ος,
1573 1447 1688 1500 quod
1731 1448 1852 1490 dedit

164 1500 428 1545 Riickertus.
483 1499 589 1544 Mihi
629 1500 889 1554 asyndeton,
929 1501 1045 1559 quod
1082 1501 1206 1544 facile
1245 1503 1385 1556 potuit
1424 1517 1448 1544 a
1482 1504 1644 1545 criticis
1675 1507 1844 1559 mutari,

164 1555 261 1598 huic
290 1558 387 1598 loco
418 1555 546 1599 unice
576 1557 805 1599 convenire
837 1554 1018 1600 videtur.
1081 1559 1293 1614 Exempla
1324 1560 1430 1602 infra
1463 1563 1757 1616 apposuimus.

278 1627 329 1669 C.
388 1630 565 1667 ταῦτα
602 1626 701 1681 χρὴ
744 1631 953 1679 ποιεῖν]
1000 1629 1126 1700 Vglg.
1157 1629 1297 1671 vanu}
1332 1632 1521 1673 correxit
1550 1633 1851 1688 Sydenhamus

167 1684 471 1726 addicentibus
502 1684 638 1727 Coisl.
676 1683 769 1727 Vat.
802 1684 856 1728 A.
888 1686 995 1731 Ven.
1024 1702 1071 1728 ..·..
1107 1687 1229 1731 vind.
1255 1688 1289 1730 1.
1312 1687 1351 1732 2
1370 1690 1410 1733 7.
1443 1690 1545 1732 Par.
1571 1691 1664 1734 DK.
1693 1694 1847 1746 Αιι381.

163 1743 420 1797 w.V--atp

164 1883 443 1926 Socrates.
489 1896 533 1923 v.
582 1882 636 1925 ad
682 1883 862 1938 Protag.
909 1884 968 1928 in.

163 1940 260 1983 Non
308 1946 376 1984 est
421 1939 539 1994 quod
587 1935 615 1994 ἧ
661 1954 759 1984 cum
806 1943 964 1985 Astio

163 1999 372 2052 corrigas.

220 2082 275 2124 B.
326 2081 415 2138 ’ρΑ
427 2099 544 2124 ιστο
537 2080 727 2139 ’δημος
766 2100 827 2137 ην
854 2084 964 2140 τις]

161 2138 372 2192 Κυδαθῆι
374 2153 479 2180 mov
532 2139 613 2182 fuit
665 2154 819 2183 nomen
866 2144 965 2196 pagi

163 2196 305 2238 Attici.
337 2196 589 2252 Stephan.
623 2197 842 2252 Byzant.
871 2200 966 2240 Κιν-

162 2252 431 2306 δαθήναιον·
464 2255 601 2308 δῆμος
628 2260 707 2307 τῆς
726 2256 825 2297 [Im
830 2257 962 2297 διονί-

163 2312 214 2352 do
193 2328 239 2359 ος
267 2312 426 2364 φυλῆς·
467 2310 489 2352 ὁ
524 2310 714 2365 δημότης
745 2314 963 2368 Κινδαθη-

142 2374 212 2409 ’να
187 2366 331 2420 αιειΐ,ς
382 2368 436 2410 cf.
484 2369 888 2424 Harpocration
928 2385 964 2413 s.

163 2438 201 2466 v.
222 2425 349 2466 Κυδα
326 2425 544 2479 vedommu
519 2443 579 2474 υ.ς
613 2432 656 2468 8ι
686 2427 962 2470 Meursius

161 2483 216 2524 de
249 2484 392 2537 popul.
429 2484 554 2525 Attic.
591 2497 634 2537 p
666 2485 765 2528 741.
827 2486 960 2529 Quod

162 2545 304 2582 autem
335 2540 634 2587 Aristodemus
664 2555 836 2597 semper
869 2548 962 2585 erat

160 2596 463 2651 ἀνυπόδητος,
505 2598 674 2640 videtur
712 2598 790 2642 hac
830 2601 871 2642 in
911 2614 959 2643 re

169 2654 398 2697 Socratem
439 2656 629 2697 imitatus
669 2669 790 2710 8888,
828 2671 959 2711 quem

160 2713 345 2755 maxime
376 2712 580 2766 diligebat
606 2717 654 2754 et
676 2715 961 2757 comitabatur

159 2769 348 2814 assidue.
388 2783 427 2812 v.
468 2769 652 2812 Phaedr·
772 2771 871 2816 229.
906 2774 957 2815 A

159 2827 289 2880 Apud
319 2785 726 2880 Xenophontem
758 2830 891 2872 Mem
922 2830 959 2883 I,

159 2884 210 2933 4,
249 2885 315 2934 2.,
357 2885 428 2925 ubi
485 2883 632 2926 itidem
671 2892 850 2929 vocatur
887 2904 962 2940 μι-

159 2955 233 2992 κρο
227 2937 284 2990 ’,ς
332 2938 389 2981 ita
439 2942 616 2994 loquens
662 2935 962 2995 introducitur,

160 3002 210 3037 ut
262 2995 368 3037 deos
416 2997 622 3038 colendos
669 3013 766 3042 esse
812 3006 956 3054 neget.

161 3054 365 3095 Ceterum
396 3052 451 3094 de
482 3052 745 3121 ἇνιτιοδησία
763 3056 957 3111 philoso-

160 3108 364 3177 phorum,
412 3109 704 3164 imprimisque
744 3113 955 3167 Socratis,

160 3181 197 3208 v.
228 3168 362 3223 intpp.
404 3167 458 3210 ad
489 3167 705 3222 Aristoph.
736 3169 876 3212 Nubb.
910 3184 949 3211 v.

163 3225 258 3269 103.
291 3225 391 3269 362
431 3230 474 3267 8ι
511 3224 737 3267 Ernesti
781 3226 835 3268 ad
865 3227 956 3270 Xe-

158 3284 298 3381 ngptlix.¹
322 3283 452 3381 Mc'em.
466 3282 516 3392 1Ῑ.
539 3281 610 3382 267'.
630 3281 669 3326 2.
715 3283 957 3339 Bergler.

157 3353 183 3380 a
304 3352 423 3394 cipit

215 3427 280 3466 Tc
339 3431 434 3467 οὐν
483 3450 534 3458 -
593 3425 654 3469 ου’
716 3425 953 3482 διηγήσω

481 1740 660 1784 Frustra
692 1742 966 1786 Hommelius
996 1747 1110 1800 vulg.
1141 1745 1345 1790 defendit.

1048 1888 1197 1940 μοις]
1230 1885 1355 1928 Haec
1385 1886 1667 1940 interrogatio
1697 1888 1847 1930 alacri-

1047 1948 1179 1986 tatem
1210 1943 1420 1996 quandam
1453 1944 1580 1986 animi
1608 1950 1651 1986 et
1667 1945 1848 1987 avidita-

1049 2006 1136 2043 tem
1168 2001 1331 2042 sciendi
1362 2001 1534 2052 indicat,
1565 2001 1654 2044 fere
1685 2007 1735 2044 nt
1756 2001 1845 2044 La-

1048 2059 1257 2100 tinorum:
1324 2059 1462 2102 Quin
1522 2064 1575 2099 tu
1620 2060 1743 2101 mibi
1786 2083 1844 2091 —

1048 2115 1270 2157 narras?
1327 2129 1365 2156 v.
1415 2116 1727 2170 Heindorf„
1787 2117 1844 2159 ad

1050 2172 1269 2215 Charmid.
1301 2172 1336 2225 §.
1360 2172 1400 2216 5.
1433 2179 1477 2215 et
1505 2187 1616 2226 quae
1646 2175 1846 2216 annotavi

1047 2230 1101 2271 ad
1133 2231 1307 2271 Menon.
1328 2244 1365 2283 p.
1386 2229 1456 2274 92.
1483 2231 1545 2272 Dz
1576 2231 1621 2270 τί
1651 2231 1696 2272 δὲ
1724 2230 1843 2287 αὐτῷ

1045 2286 1097 2327 οὗ
1144 2285 1193 2326 σι)
1231 2289 1448 2339 ἔφρασαςς
1494 2293 1538 2329 8ι
1575 2287 1630 2328 ad
1677 2287 1840 2330 Phileb.

1046 2358 1087 2398 p.
1120 2344 1187 2387 54.
1222 2343 1272 2384 B.
1314 2345 1542 2398 Protagon
1579 2358 1619 2398 p.
1659 2344 1759 2390 310.
1790 2345 1844 2387 Ε.

1046 2402 1221 2444 Menex.
1268 2415 1309 2455 p.
1355 2401 1455 2446 236.
1500 2402 1550 2442 C.
1605 2402 1752 2454 Lysid.
1802 2416 1844 2458 p.

1044 2458 1346 2504 211.1).a1.
1438 2458 1638 2513 Corrupit
1702 2461 1842 2502 locum

1044 2517 1126 2615 Hb
1103 2530 1128 2557 ο
1141 2529 1180 2557 ιιι
1195 2528 1233 2557 ιιι
1247 2516 1352 2557 eliu
1364 2529 1385 2557 s
1427 2515 1750 2569 distinguendo.
1790 2518 1849 2559 Τί

1129 2575 1284 2627 ,ἔφη’
1313 2571 1364 2612 ov
1397 2572 1550 2628 διηγήσ
1553 2589 1611 2622 ως
1646 2574 1845 2617 Pertinet

1044 2631 1156 2673 enim
1206 2633 1252 2671 τί
1299 2635 1381 2670 ουν
1424 2631 1478 2672 ud
1537 2629 1589 2672 ου
1643 2630 1846 2686 διηγήσω.

1043 2687 1208 2730 Deinde
1244 2687 1358 2740 quod
1390 2693 1491 2742 post
1521 2686 1688 2734 πάντως
1719 2689 1844 2732 deest

1045 2745 1311 2795 coniunctio,
1360 2757 1400 2788 v.
1448 2745 1616 2787 Politic.
1659 2759 1702 2800 p.
1742 2745 1845 2792 268.

1045 2803 1108 2844 E:
1147 2802 1253 2843 ἀλλὰ
1297 2801 1345 2854 δὴ
1393 2807 1451 2843 τῶ
1487 2801 1630 2877 ἐιιυθῳ
1662 2803 1845 2860 πρόςεχε

1043 2860 1124 2901 τὸν
1152 2865 1256 2901 νοῦν
1287 2857 1424 2915 ὥςπεο
1456 2862 1500 2901 οι.
1529 2876 1605 2900 παι
1593 2861 1701 2909 δες·
1737 2861 1844 2902 ποίν-

1045 2933 1127 2965 τως
1157 2917 1207 2957 οὗ
1241 2917 1376 2956 πολλὰ
1418 2916 1639 2971 ἐκφεύγεις
1667 2920 1843 2963 παιδίας

1041 2975 1128 3027 ἔτη.
1170 2973 1396 3016 Theaetet.
1432 2989 1471 3029 p.
1509 2974 1604 3018 143.
1637 2976 1697 3016 A:
1736 2974 1842 3014 ἀλλὰ

1039 3031 1087 3072 ’τί
1136 3029 1286 3072 κωλύει
1335 3035 1413 3072 νῦν
1461 3030 1575 3085 ἡμᾶς
1626 3033 1840 3082 διελθεῖν;

1039 3086 1209 3135 πάντως
1240 3089 1365 3142 ἔγωγε
1395 3089 1467 3130 καὶ
1495 3087 1841 3129 ἀναπαύσασθαι

1040 3144 1211 3198 δέομαι,
1244 3145 1315 3187 ubi
1353 3159 1394 3188 v.
1429 3145 1709 3188 Heindorf.
1739 3146 1840 3186 8011.

1038 3203 1192 3244 Astio
1231 3202 1286 3244 ad
1331 3204 1471 3256 Legg.
1517 3216 1557 3255 p.
1610 3202 1673 3268 10
1723 3202 1839 3243 Ari-

1038 3259 1209 3313 stoph.
1242 3260 1374 3332 vesp.
1394 3273 1430 3300 v.
1456 3258 1565 3301 770·
1597 3257 1763 3307 πάντως
1791 3274 1838 3312 γε

1037 3315 1154 3359 κάκεῖ
1182 3316 1314 3358 ταῦτ’
1348 3317 1472 3370 idom:
1502 3313 1718 3359 ἱκιίσιοτε,
1758 3316 1839 3357 Est

1037 3380 1181 3417 autern
1222 3388 1390 3418 παντως
1429 3377 1623 3414 ιιο8ιιιιιιι
1649 3372 1837 3426 jeden-

1038 3430 1177 3486 salis,
1206 3430 1424 3482 habetque
1444 3429 1525 3470 vim
1545 3430 1834 3474 asseverandi.
