2158 3718
332 156 744 214 APOLUGIA
780 153 1178 211 SOCRATIS.

1230 156 1289 207 P.
1330 158 1415 208 36.
1455 154 1522 208 St
1674 153 1774 206 149

1183 299 1205 317 U

80 313 131 362 τί
167 303 323 372 ἄξιός
365 311 472 374 εἰμι
517 308 732 358 παθεῖν
779 299 810 369 ἢ
854 300 1137 365 ἀποτῖσαι,
1178 325 1206 357 ο
1256 322 1309 355 τι
1343 299 1556 371 μαθών
1600 307 1657 355 ἐν
1699 301 1773 369 τῷ

78 396 180 463 βίῳ
227 389 327 461 οὐχ
370 388 603 458 ἡσυχίαν
648 379 784 454 ἦγον
826 385 940 440 ἀλλ’
992 383 1270 457 ἀμελήσας
1315 379 1495 456 ὧνπερ
1542 389 1596 440 οἱ
1639 388 1774 439 πολ-

80 481 195 540 λοί,
244 474 624 546 χρηματισαοῦ
680 492 737 525 τε
789 475 881 524 καὶ
927 475 1244 540 οἰκονομίας
1290 472 1382 524 καὶ
1427 471 1774 542 στρατηγιῶν

80 613 121 651 h.
153 612 207 652 de
239 623 324 663 qua
354 610 593 650 omissione
623 608 730 660 quid
748 606 1087 649 existimandum
1105 610 1176 660 sit,
1209 609 1326 660 adp.
1348 607 1418 651 17.
1445 606 1503 646 A.
1525 617 1621 656 eap.
1640 601 1676 642 1.
1707 602 1768 641 in.

81 669 414 710 declaravimus.
473 667 677 707 Ridicule
708 666 846 718 igitur
877 667 1057 718 quidam
1099 664 1252 719 ἄνδρες
1289 666 1435 706 ubivis
1472 662 1748 716 expulerunt.

84 784 151 827 10.
172 781 606 824 ethbrumMe1er1
631 786 673 820 et
694 779 887 821 Schoe-

84 841 256 886 manni
326 840 502 891 saepius
561 840 786 879 laudatum
843 852 887 890 p.

87 900 170 944 739
201 912 267 951 sq.
305 921 362 928 -
420 897 490 937 De
522 897 710 937 formula
741 896 779 936 τί
811 910 887 946 μα-

87 956 185 998 θών
215 963 258 997 et
289 951 316 995 ὅ
337 969 372 994 τι
396 952 563 1004 μαθών,
597 956 720 994 cuius
745 966 889 994 exem-

88 1018 162 1069 pla
191 1014 369 1066 collegit
391 1013 491 1054 Cas
504 1013 619 1053 aub.
647 1013 704 1051 ad
725 1013 889 1051 Athen.

89 1073 222 1113 XIII.
243 1072 285 1114 9.
320 1070 612 1110 Heindorf.
647 1070 703 1109 ad
722 1069 890 1120 Euthy-

90 1133 202 1172 dem.
219 1142 262 1181 p.
284 1127 370 1170 339
387 1141 470 1180 sq.‚
494 1128 734 1179 disputavit
764 1127 892 1166 Her-

89 1199 314 1230 mannus
343 1182 401 1225 ad
433 1185 582 1237 Viget.
619 1197 661 1237 p.
696 1184 778 1228 759
812 1197 891 1237 sq.,

91 1245 286 1287 Praefat.
319 1243 375 1283 ad
406 1243 609 1283 Aristo
625 1242 704 1294 ph
739 1242 889 1282 Nubb.

88 1319 132 1357 p.
161 1301 315 1343 XLVI
345 1314 442 1352 sqq.
474 1302 542 1341 ed.
569 1312 668 1349 sec.,
695 1301 771 1353 qui
800 1301 894 1351 qui-

91 1363 191 1402 dem
227 1360 472 1412 posteriore
510 1359 609 1398 loco
660 1358 700 1396 τί
738 1354 895 1408 μαθών

92 1425 135 1460 et
175 1414 200 1458 ὅ
251 1431 286 1456 τι
327 1413 492 1466 μαθών
535 1416 699 1468 ubique
746 1420 896 1456 censet

91 1476 348 1519 mutandum
376 1486 472 1515 esse
501 1474 548 1515 in
579 1474 620 1512 τί
655 1471 813 1514 παθών
853 1479 897 1513 et

94 1532 119 1576 ὄ
152 1548 190 1574 τι
220 1528 399 1582 παθών,
443 1533 636 1584 exceptis
674 1533 729 1573 iis
770 1532 895 1583 locis,

92 1593 169 1633 ubi
220 1591 442 1643 significet
495 1591 702 1630 formula:
759 1590 898 1642 quid

94 1651 342 1692 edoctus.
430 1647 527 1688 Nos
590 1654 735 1688 tamen
801 1661 898 1688 cum

95 1707 308 1749 Wolfio
341 1706 398 1746 ad
430 1706 606 1758 Leptin.
637 1719 680 1758 p.
715 1704 800 1748 348
829 1718 896 1758 sq.

96 1772 331 1817 utrumque
367 1769 486 1804 recte
524 1764 611 1804 dici
649 1766 896 1804 censemus.

96 1823 362 1876 Quanquam
403 1823 518 1861 enim
562 1823 605 1860 τί
630 1821 812 1871 ἔμαθεε;
850 1822 897 1861 in

97 1881 300 1922 absoluta
343 1879 560 1923 sententia
600 1891 691 1919 non
730 1880 896 1932 reperi·-

98 1947 168 1979 tur
198 1937 327 1979 sicuti
365 1939 408 1977 τί
432 1936 622 1984 gannane,-
661 1943 704 1978 et
743 1939 784 1976 τί
806 1933 897 1976 7ποί-

100 2007 235 2048 axem
261 1995 383 2036 cuius
414 1996 478 2035 rei
508 2007 664 2035 caussa
692 1997 739 2036 in
759 2008 811 2036 eo
833 2000 900 2035 est

99 2055 259 2108 posita,
288 2051 407 2105 quod
436 2054 484 2093 in
513 2053 700 2097 talibus:
735 2055 777 2093 τί
801 2053 899 2102 ἔμα-

99 2113 182 2152 θες
212 2108 317 2151 ὥστε
347 2111 477 2150 ταῦτα
519 2110 719 2163 ποιῆσαι,
765 2111 900 2163 parti-

101 2171 266 2222 cipium
295 2169 408 2209 solet
435 2180 642 2219 regnare:
683 2164 828 2208 t‘amen
859 2169 906 2207 in

101 2226 466 2295 responsionibus
528 2230 645 2266 certe
695 2225 907 2265 creberri-

102 2298 219 2326 mum
249 2289 316 2324 est
347 2296 430 2322 ουκ
459 2282 627 2333 ἔμαθον
657 2289 709 2324 et
724 2282 905 2333 ἔμαθον,

107 2356 191 2383 nec
220 2353 367 2381 rarum
397 2347 464 2381 est
492 2339 627 2390 μαθέ,
665 2341 795 2382 modo
825 2312 934 2380 ἰω-’

103 2400 324 2454 perativo3
355 2399 402 2438 id
432 2399 551 2451 quod
581 2398 730 2439 multis
761 2410 906 2438 exem-

104 2459 191 2511 plis
226 2457 284 2497 ad
317 2456 580 2509 Euthydem.
623 2470 665 2509 p.
710 2455 807 2499 283.
849 2455 904 2495 E.

104 2515 516 2556 demonstravimus.
549 2514 790 2566 Hocigitur
808 2512 906 2563 ἔμα-

100 2573 195 2613 θον
224 2578 268 2612 et
303 2566 386 2611 οὐκ
423 2570 594 2621 ἔμαθον
635 2584 689 2612 ex
724 2585 907 2624 respon-

106 2633 281 2672 sionum
309 2643 392 2670 usu
413 2630 586 2670 videtur
611 2630 655 2670 in
675 2629 909 2670 formulam

106 2691 452 2740 interrogantem
489 2688 531 2726 τί
571 2684 728 2737 μαθών
766 2692 908 2728 trans-

105 2748 227 2797 iisse,
256 2745 321 2786 ita
349 2745 525 2798 quidem
552 2751 602 2784 ut
629 2746 744 2786 inter
775 2745 817 2784 τί
834 2757 909 2795 μα-

109 2800 209 2844 θών
226 2807 271 2844 et
289 2804 330 2843 τί
342 2799 500 2842 παθών
513 2803 747 2844 discrimen
771 2803 911 2855 qnod·

110 2864 211 2905 dam
239 2862 382 2902 locum
404 2861 587 2901 haberet
614 2861 668 2902 ab
692 2862 787 2914 ipsa
805 2873 911 2914 qna-

111 2921 150 2962 si
178 2925 336 2960 natura
357 2919 663 2959 constitutum.
723 2918 839 2959 Nam
875 2918 917 2956 τί

114 2974 284 3024 παθών,
317 2988 421 3029 qua
437 2989 493 3016 re
521 2976 769 3023 affectus
783 3006 795 3026 ‚
813 2987 911 3028 per-

114 3037 224 3076 tinet
253 3036 310 3076 ad
339 3034 611 3086 arguendum
648 3034 783 3074 animi
811 3045 912 3086 pra-

114 3106 216 3134 vum
229 3092 432 3133 affectum
450 3096 495 3131 et
511 3091 784 3132 temerariam
796 3103 911 3132 eom·

115 3151 353 3192 motionem
365 3163 377 3199 3
391 3200 395 3202 ,
429 3150 507 3190 sed
547 3150 590 3188 τί
626 3145 782 3198 μαθών
821 3153 910 3189 θεας

116 3209 246 3262 qnid
284 3208 538 3258 edoctus,
575 3219 678 3259 qua
716 3206 913 3248 ductus

119 3266 404 3318 opinione,
447 3277 552 3317 qua
590 3277 668 3305 mo
684 3269 772 3304 tus
803 3276 915 3304 sen·

107 3330 210 3364 ⁴ten
221 3328 240 3364 t
252 3324 266 3364 i
278 3336 332 3372 a;
362 3323 481 3375 quod
508 3322 697 3363 refertur
723 3322 781 3362 ad
798 3333 916 3362 men-

120 3381 176 3422 tis
206 3408 208 3410 -
219 3380 633 3423 inconsiderantiam
679 3385 723 3420 et
766 3378 919 3420 iudicii

971 783 1312 833 perversitatem.
1386 779 1482 821 Nos
1523 779 1626 818 item
1669 776 1776 816 dici-

973 852 1092 878 mus:
1124 853 1234 880 was
1269 838 1416 879 ficht
1445 837 1566 878 dich
1599 833 1696 875 an?
1736 838 1780 873 et

974 909 1084 936 was
1124 896 1260 938 fallt
1307 898 1392 937 dir
1432 895 1553 937 ein?
1595 906 1629 933 s.
1666 904 1778 932 was

974 954 1175 994 kommt
1226 954 1315 995 dir
1354 954 1410 993 in
1457 953 1559 993 den
1603 949 1778 990 Sinn?

975 1010 1069 1051 Nec
1089 1013 1298 1053 abhorret
1327 1012 1437 1051 illud
1465 1008 1780 1059 Francogallo-

975 1081 1094 1112 rum:
1136 1068 1240 1117 Qui
1280 1082 1415 1109 vous
1458 1081 1484 1108 a
1526 1065 1722 1118 appris
1755 1062 1782 1103 a

977 1127 1122 1167 faire
1153 1128 1298 1167 cela?
1331 1125 1525 1174 Quocira
1552 1124 1665 1164 hanc
1683 1122 1778 1175 qui-

959 1186 1076 1226 dem
1106 1185 1425 1225 dubitationem
1466 1184 1519 1223 de
1561 1182 1604 1220 τί
1626 1176 1784 1230 μαθών
1828 1187 1833 1189 ’

978 1244 1146 1284 nullam
1167 1255 1262 1283 esse
1281 1247 1497 1295 putamus.
1538 1238 1632 1279 Sed
1662 1238 1783 1278 aliud

978 1297 1085 1354 quid
1108 1306 1187 1352 est,
1206 1302 1326 1352 quod
1344 1299 1680 1352 explicationem
1707 1296 1782 1334 de-

979 1360 1154 1399 sideret.
1217 1357 1361 1406 Quum
1402 1358 1516 1397 enim
1553 1356 1594 1394 τί
1630 1349 1787 1404 μαθών

980 1423 1025 1458 et
1062 1418 1104 1457 τί
1142 1413 1299 1456 παθών
1338 1417 1387 1455 in
1426 1420 1546 1455 recta
1584 1413 1786 1453 oratione

977 1475 1231 1516 facillimam
1260 1474 1423 1515 habent
1459 1470 1787 1523 interpretatio-

980 1546 1103 1583 nem,
1140 1538 1287 1573 tamen
1319 1530 1440 1584 quod
1474 1533 1718 1596 usurpatur
1739 1528 1787 1567 in

983 1591 1185 1631 oratione
1216 1590 1393 1630 aliunde
1425 1599 1656 1639 suspensa,
1691 1581 1718 1625 ὅ
1750 1599 1787 1623 τι

982 1645 1138 1698 μαθών
1168 1653 1212 1688 et
1243 1644 1269 1687 ὅ
1307 1661 1344 1687 τι
1374 1642 1533 1686 παθων
1564 1643 1785 1697 quomodo

984 1707 1307 1759 expediendum
1338 1705 1417 1755 sit,
1453 1704 1583 1744 valde
1614 1702 1786 1742 dubita-

984 1770 1075 1804 tum
1121 1769 1200 1812 est,
1245 1777 1286 1803 v.
1327 1762 1632 1803 Hermann.
1681 1760 1710 1800 1.
1748 1773 1786 1801 e.

983 1823 1067 1863 Ma
1081 1822 1165 1862 tth
1181 1823 1264 1862 iae
1297 1819 1374 1863 Gr.
1419 1819 1457 1870 §-
1489 1818 1589 1862 567.
1621 1817 1785 1858 Bern-

981 1881 1010 1920 h
1024 1881 1153 1932 ardy
1194 1879 1318 1931 Synt.
1359 1892 1401 1931 p.
1428 1876 1529 1920 293.
1572 1877 1628 1916 al.
1691 1874 1786 1915 Nos

982 1939 1088 1991 quid
1136 1939 1374 1978 sentiamus
1393 1966 1403 1987 ‚
1446 1935 1598 1989 paucis
1645 1933 1787 1973 decla-

982 2008 1105 2036 rasse
1128 1996 1311 2037 iuvabit.
1372 1994 1456 2034 Est
1485 1992 1602 2033 enim
1638 1991 1680 2029 τί
1714 2003 1788 2039 μα-

983 2051 1082 2093 θών
1128 2059 1170 2093 et
1209 2054 1251 2092 tl
1295 2048 1454 2091 παθών
1497 2049 1789 2099 interrogatio

990 2111 1188 2151 mirantis
1219 2110 1290 2150 vel
1319 2108 1607 2161 indignantis.
1667 2105 1790 2153 Quae

991 2169 1167 2221 quidem
1196 2167 1488 2219 interrogatio
1519 2162 1722 2218 quoniam
1743 2176 1791 2203 o-

991 2227 1138 2265 mnino
1161 2225 1380 2277 significat
1396 2237 1419 2264 c
1430 2237 1459 2263 u
1470 2237 1492 2263 r
1504 2224 1524 2261 ⁴?
1551 2235 1615 2274 qu
1627 2234 1653 2261 a
1666 2233 1707 2260 m
1727 2221 1790 2260 ob

991 2296 1118 2324 caus
1131 2297 1150 2323 s
1162 2281 1273 2323 am?
1302 2282 1464 2323 factum
1487 2286 1567 2331 est,
1591 2285 1640 2318 ut
1661 2279 1793 2318 etiam

988 2341 1172 2390 relative
1202 2345 1436 2393 poneretur
1478 2344 1542 2390 et,
1582 2337 1791 2390 quoniam

990 2399 1222 2439 admiratio
1261 2398 1332 2437 vel
1364 2396 1615 2449 indignatio
1654 2395 1789 2434 licen-

989 2457 1147 2497 tiorem
1176 2455 1392 2496 orationis
1422 2455 1609 2495 formam
1635 2454 1706 2492 vel
1725 2453 1790 2493 af-

990 2515 1076 2554 fert
1105 2513 1175 2553 vel
1191 2514 1371 2565 patitur,
1401 2526 1499 2553 cum
1513 2512 1682 2564 reliquo
1702 2522 1791 2550 ser-

991 2584 1119 2612 mone
1146 2572 1327 2612 liberius
1358 2571 1711 2623 coniungeretur,
1744 2573 1793 2608 ut

992 2631 1108 2670 idem
1138 2629 1229 2669 fere
1254 2634 1370 2670 esset
1399 2629 1518 2680 quod
1546 2633 1793 2680 propter-

995 2700 1052 2728 ea
1090 2688 1254 2740 quod,
1293 2688 1501 2727 adiuncta
1535 2691 1681 2726 tamen
1713 2696 1793 2724 no-

994 2746 1115 2785 tione
1152 2746 1507 2798 reprehensionis
1536 2745 1606 2785 vel
1634 2757 1660 2784 a
1676 2755 1795 2782 men-

994 2804 1052 2842 tis
1081 2803 1152 2843 vel
1200 2803 1254 2843 ab
1298 2803 1433 2844 animi
1471 2803 1659 2854 quadam
1691 2811 1795 2852 per-

995 2860 1201 2901 versitate
1253 2861 1422 2903 ductae.
1480 2861 1638 2911 Itaque
1681 2859 1797 2898 hunc

994 2919 1140 2958 locum
1171 2917 1427 2959 Germanice
1470 2919 1533 2958 sic
1569 2917 1660 2957 fere
1697 2916 1796 2956 red-

995 2976 1098 3016 dere
1149 2975 1322 3018 licebit:
1371 2989 1481 3018 was
1529 2975 1796 3016 verdiene

995 3033 1081 3073 ich
1119 3035 1267 3075 wohl
1316 3047 1378 3074 zu
1421 3033 1610 3075 leiden
1659 3032 1724 3072 od
1741 3043 1797 3070 er

996 3103 1057 3130 zu
1094 3091 1328 3140 hussen,
1366 3105 1479 3134 was
1517 3091 1618 3131 mir
1655 3088 1795 3130 doch

996 3148 1412 3200 beigekommen
1489 3151 1585 3199 ist,
1667 3149 1796 3188 dass

997 3206 1087 3246 ich
1117 3206 1187 3248 im
1217 3221 1423 3260 ganzen
1442 3207 1547 3248 Leb
1563 3219 1625 3246 en
1643 3204 1798 3247 nieht

998 3263 1163 3318 ruhig
1209 3278 1340 3317 war,
1388 3267 1417 3306 i.
1458 3279 1497 3306 e.
1541 3265 1603 3305 de
1620 3262 1797 3313 shalb‚

1000 3321 1126 3361 weil
1156 3323 1245 3363 ich
1271 3336 1367 3364 aus
1395 3319 1799 3363 Verkehrtheit

1001 3379 1093 3419 des
1164 3378 1355 3422 Sinnes
1430 3381 1581 3422 nicht
1648 3377 1798 3422 Ruhe
