2158 3718
780 155 1039 200 PHAEDO
1072 169 1115 212 p.
1136 158 1207 198 89.

1707 148 1712 154 .
1769 148 1892 207 205.

102 299 343 363 ἐνδεῶς
398 297 579 351 πάντα
632 293 766 365 ἡμῖν
821 296 1012 348 δίελθε
1068 291 1140 357 ὥς
1194 294 1434 347 δύνασαι
1488 292 1872 363 ἀκριβέστατα.

108 387 324 438 ΦΑΙΔ.
364 382 476 434 Καὶ
510 379 640 451 μήν,
679 372 725 433 αἶ
755 378 1087 448 Ἐχέκρατες,
1125 378 1392 440 πολλάκις
1426 376 1723 446 θαυμάσας
1747 381 1877 430 Σω-

106 467 285 538 κράτη
331 463 401 520 οὐ
446 464 668 519 πώποτε
713 467 926 533 μᾶλλον
971 461 1227 532 ἠγάσθην
1262 461 1298 532 ἢ
1334 462 1458 515 τότε
1494 461 1897 531 παραγενόμε-4

110 573 224 615 νος.

299 548 361 603 τὸ
407 549 511 619 μὲν
557 541 664 602 οὖν
709 550 856 616 ἔχειν
904 547 936 600 ὅ
979 567 1033 600 τι
1080 548 1233 616 λέγοι
1279 547 1491 609 ἐκεῖνος
1537 550 1670 608 ἴσως
1707 543 1877 598 οὐδὲν
1906 560 1961 600 89
1997 568 2000 571 ·

107 634 347 689 ἄτοπον·
404 631 528 687 ἀλλ’
577 634 751 701 ἔγωγε
795 632 1032 702 μάλιστα
1080 631 1374 701 ἐθαύμασα
1430 628 1605 684 αὐτοῦ
1655 633 1878 699 πρῶτον

103 720 215 789 μὲν
267 721 465 787 τοῦτο,
523 738 596 780 ως
649 713 823 786 ἡδέως
869 718 962 769 καὶ
1018 714 1261 787 εὐμενῶς
1305 716 1399 769 καὶ
1445 714 1730 784 άγαμένως
1765 733 1879 766 των

101 806 426 857 νεανίσκων
473 799 574 855 τὸν
623 801 793 869 λόγον
830 799 1149 869 ἀπεδέξατο,
1189 803 1375 854 ἔπειτα
1411 799 1570 869 ἡμῶν
1607 819 1681 861 ως
1717 796 1881 861 ὀξέως

106 886 319 958 ᾔσθετο
368 885 400 939 ὃ
448 886 826 955 πεπόνθειμεν
871 884 986 939 ὑπὸ
1030 890 1143 939 τῶν
1190 885 1403 953 λόγων,
1453 886 1640 937 ἔπειτα
1695 903 1769 945 ως
1815 873 1882 935 εὖ

111 969 254 1041 ἡμᾶς
303 970 495 1024 ἰάσατο
543 973 636 1024 καὶ
673 967 854 1040 ω’ςπερ
891 969 1242 1039 πεφευγότας
1278 972 1371 1021 και
1406 967 1744 1038 ἡττημένους
1780 965 1881 1020 άν-

115 1056 413 1108 εκαλέσατο
460 1056 554 1107 καὶ
600 1052 920 1124 προῦτρεψε
968 1052 1107 1123 πρὸς
1154 1051 1215 1106 τὸ
1272 1052 1628 1120 παρέπεσθαί
1675 1070 1734 1104 τε
1788 1051 1881 1103 καὶ

106 1140 414 1202 ,ξυσκοπεῖν
450 1136 552 1191 τὸν
590 1139 778 1207 λόγον.

854 1143 971 1191 EX.
1022 1142 1155 1200 Πῶς
1193 1138 1288 1206 δή;
1330 1139 1540 1189 ΦΑΙΛ.
1575 1133 1709 1203 Ἐγώ
1751 1135 1879 1204 ἐρῶ.

106 1224 313 1291 ἔτυχον
348 1221 456 1291 γὰρ
497 1225 560 1276 έν
598 1222 749 1294 δεξιᾷ
788 1220 965 1276 αὐτοῦ
1003 1222 1320 1291 καθήμενος
1356 1218 1506 1290 παρὰ
1542 1218 1644 1289 τὴν
1681 1221 1882 1287 κλίνην

110 1307 209 1360 ἐπὶ
245 1307 580 1376 χαμαιζήλου
617 1308 795 1376 τινός,
836 1305 864 1360 ὁ
904 1306 965 1360 δὲ
1005 1307 1095 1360 ἐπὶ
1132 1303 1278 1359 πολὺ
1314 1303 1665 1373 ὑψηλοτέρου
1689 1302 1724 1373 η’
1752 1303 1879 1371 ἐγώ.
1904 1319 1936 1359 Β

227 1465 274 1508 Ρ.
295 1466 364 1506 89.
397 1478 422 1506 ο
464 1479 515 1506 τι
557 1461 730 1520 λέγοι]
763 1462 887 1520 λέγει
907 1467 1005 1508 Vat.
1029 1466 1135 1504 Ven.
1158 1465 1312 1506 APar.
1333 1465 1525 1516 EIAug.
1546 1463 1656 1505 Flor.
1678 1461 1883 1503 bimale.

230 1519 558 1574 ξυσκοπεῖν]
573 1520 864 1588 ξυνσκοπεῖν
885 1522 1003 1564 Bodl.
1025 1521 1153 1562 Coisl.

230 1571 290 1619 ἐν
317 1575 485 1632 δεξιᾷ
515 1571 697 1620 αὐτοῦ
729 1571 1084 1647 καθήμενος]
1117 1577 1187 1618 Sic
1206 1576 1329 1642 Bodl3
1349 1576 1454 1618 Tub.
1474 1576 1583 1616 Ven.
1606 1574 1710 1621 ΞΠ
1732 1575 1824 1614 Par.
1850 1573 1884 1614 G

114 1634 240 1674 Vind.
265 1633 303 1675 Φ
326 1634 421 1674 Zitt.
463 1635 600 1687 Vulgo
625 1642 712 1675 erat
733 1629 1010 1689 καθήμενος
1033 1628 1084 1676 ἐν
1106 1631 1243 1688 δεξιᾷ
1267 1625 1433 1674 αὐτοῦ.

228 1704 274 1745 Β.
306 1697 399 1745 ἐπὶ
421 1698 567 1746 πολυ
589 1699 849 1770 ὖψηλοτ.]
883 1704 1029 1771 Steph
1052 1703 1208 1769 πολλῷ
1239 1704 1384 1744 invitis
1415 1702 1606 1756 plurimis
1629 1702 1884 1754 optimisque

115 1761 248 1802 libris.
288 1761 388 1801 Mox
414 1773 510 1825 τας
526 1755 676 1810 καλὰς
706 1755 856 1816 κόμας
886 1763 1042 1803 omisso
1066 1746 1242 1808 ταύτας
1264 1760 1382 1801 Bodl.
1405 1772 1469 1813 pr.
1492 1759 1598 1799 Ven
1623 1757 1671 1799 H
1690 1758 1805 1801 Tub..
1819 1765 1884 1797 at-

116 1829 200 1868 que
220 1818 318 1861 Vat.
349 1829 455 1857 corr.
480 1809 729 1873 άποκερεῖς
751 1831 845 1858 cum
867 1819 976 1859 Flor.
999 1819 1027 1859 d
1046 1819 1156 1870 Aug.

116 1969 160 2010 p.
183 1958 266 1998 488
285 1957 335 1997 D.
377 1957 512 1998 Prave
552 1959 815 2012 Hirschig
859 1968 958 2012 post

114 2013 207 2055 mc
222 2014 448 2055 inculcavit
469 2011 527 2057 εἰ.

174 2070 221 2111 Ρ.
244 2071 311 2111 89.
344 2063 402 2111 τὰ
438 2084 541 2124 μεν
570 2059 668 2112 οὖν
705 2067 859 2126 ἔχειν
881 2068 955 2126 -]

117 2126 323 2167 Notabilis
362 2128 539 2168 subiecti
577 2130 781 2170 attractio.
855 2128 960 2167 Nam

151 2183 305 2250 roprie
316 2194 411 2222 esse
441 2184 643 2224 debebat·
677 2177 729 2224 τὸ
760 2197 848 2236 μεν
875 2196 963 2224 ουν

117 2195 174 2292 {x
178 2251 247 2280 ειν
283 2231 468 2281 ἐκεῖνον
501 2229 527 2280 ὃ
562 2235 706 2293 λέγοι.
748 2239 963 2279 Sententia

120 2302 260 2335 autem
281 2293 387 2334 haec
407 2302 488 2335 est.
525 2295 665 2343 Quod
684 2295 777 2335 ille
797 2295 960 2335 habe—

121 2352 207 2392 bat
246 2363 375 2402 quae
414 2352 476 2392 ad
516 2352 639 2392 illas
669 2352 960 2392 dubitatio-

121 2419 212 2447 nes
251 2408 622 2460 responderet,
664 2409 714 2448 id
755 2409 962 2460 quidem

123 2475 225 2504 non
245 2464 428 2503 mirum
451 2470 543 2504 est.

179 2533 246 2568 ως
266 2512 449 2586 ᾐδέως
470 2517 566 2561 καὶ
589 2516 906 2586 εὖμενῶςᾙι.
923 2534 960 2562 e.

117 2565 197 2617 ’ὄτι
230 2589 380 2624 ουτως
418 2570 570 2629 ἡδέως
615 2574 698 2618 καὶ
740 2569 962 2643 εὐμενῶς.

119 2633 208 2673 vid.
230 2633 283 2673 ad
305 2631 463 2675 Criton.
489 2646 532 2686 p.
552 2634 607 2674 43
629 2633 675 2673 B.
706 2655 761 2661 ——
788 2626 961 2674 άποδέ-

122 2688 298 2744 χεσθαι
324 2688 365 2728 h.
390 2689 417 2731 l.
448 2701 532 2729 non
561 2689 686 2730 habet
706 2690 964 2743 probandi

122 2745 487 2798 significationem,
517 2753 562 2786 ut
591 2747 769 2799 putabat
788 2745 960 2787 Ruhn-

123 2801 236 2844 ken.
258 2802 311 2841 ad
331 2802 436 2842 Tim.
460 2815 500 2855 p.
523 2803 561 2851 9,
580 2803 654 2842 sed
677 2810 740 2843 est
761 2803 963 2856 simplici-

123 2863 187 2896 ter
209 2859 474 2911 excipere,
498 2870 674 2898 aurem
697 2860 964 2911 praebere,

126 2913 335 2964 audire,
358 2913 612 2966 anht5ren,
635 2915 966 2955 aufnehmen.

126 2969 311 3008 Audisse
350 2981 448 3010 vero
486 2969 682 3011 Socrates
721 2972 968 3012 adolescen-

127 3026 232 3065 tium
251 3025 536 3066 dubitationes
554 3027 707 3066 dicitur
724 3039 806 3068 non
830 3028 968 3067 solum

126 3082 371 3122 lubenter
428 3093 485 3120 ac
546 3083 824 3147 benevole,
892 3084 970 3123 sed

126 3138 253 3177 etiam
280 3129 549 3192 άγαμένως,
579 3137 621 3180 h
646 3150 681 3177 e.
712 3139 790 3189 ita,
825 3147 869 3179 ut
897 3152 967 3179 eo-

127 3207 223 3234 rum
244 3206 421 3234 acumen
444 3200 484 3233 et
504 3194 719 3247 ingenium
740 3170 970 3235 admirare-

128 3259 209 3292 tur.
253 3251 423 3290 Frustra
457 3251 585 3303 igitur
620 3250 699 3290 fuit
728 3252 800 3302 qui
828 3245 969 3304 άσμέ-

130 3319 222 3355 νως
243 3308 536 3360 corrigendum
557 3314 739 3372 putaret,
763 3320 843 3359 quo
868 3307 970 3347 nihil

131 3364 267 3415 potuit
296 3364 528 3430 excogitari
556 3363 753 3406 ieiunius.
775 3384 831 3394 —-
851 3364 972 3412 Quod

162 3426 230 3460 ost
247 3418 431 3472 πρῶτον
450 3416 539 3485 μέν
554 3419 729 3459 infertur
746 3414 971 3461 ἔπειτα-

157 3487 296 3516 πειτα
304 3487 380 3529 pro
399 3477 615 3518 usitatiore
624 3474 808 3529 πρῶτον
822 3472 971 3531 μὲν-

1045 1955 1210 1999 ἔπειτα
1233 1979 1284 1985 -
1307 1951 1375 1997 ἔτι
1398 1950 1452 1996 δὲ
1468 1954 1575 2008 καί,
1600 1956 1690 1995 eius
1711 1954 1886 1994 rationis

1047 2014 1240 2067 exempla
1269 2020 1367 2052 sunt
1393 2011 1548 2051 Aesch.
1578 2012 1728 2064 Agam.
1760 2011 1884 2054 1318.

1046 2071 1174 2111 Arist.
1215 2069 1324 2109 Plut.
1368 2069 1488 2110 1103.
1528 2067 1635 2107 Xen.
1667 2067 1789 2110 Mem.
1813 2068 1884 2107 111.

1048 2129 1111 2174 11,
1138 2126 1202 2166 14.
1235 2126 1307 2166 IV.
1331 2126 1370 2176 5,
1396 2126 1435 2164 1.
1475 2124 1580 2166 Plat.
1606 2124 1736 2176 Legg.
1766 2125 1820 2163 II.
1842 2135 1884 2176 p.

1047 2183 1196 2224 66913.
1246 2181 1341 2221 Alia
1381 2181 1504 2220 etiam
1543 2179 1886 2220 Heindorfius

1048 2238 1275 2291 congessit.
1306 2259 1359 2266 —
1390 2236 1551 2276 Deinde
1581 2236 1779 2276 advertas
1801 2248 1886 2275 me-

1046 2294 1250 2348 taphoiae
1298 2293 1564 2358 elegantiam.
1623 2291 1727 2332 Cum
1776 2292 1887 2332 enim

1045 2352 1222 2391 verbum
1232 2344 1559 2402 πεπόνθειμεν
1575 2348 1628 2388 de
1647 2349 1831 2401 aegrotis
1849 2355 1889 2388 et

1047 2409 1172 2447 victis
1202 2406 1388 2459 intellegi
1417 2406 1573 2459 possit,
1602 2406 1733 2444 utitur
1759 2404 1887 2445 verbo

1048 2457 1297 2511 ἰάσασθαι,
1327 2463 1553 2502 animum
1583 2461 1828 2501 sanarei.
1852 2473 1888 2504 e.

1049 2533 1074 2560 a
1105 2519 1534 2560 dubitationibus
1563 2518 1814 2583 liberare,
1846 2525 1888 2557 et

1049 2577 1190 2617 verbis
1230 2568 1530 2628 πεφευγότας
1569 2571 1650 2615 καὶ
1690 2567 1890 2628 ἡττημέ-

1050 2646 1160 2697 vov9
1188 2645 1232 2673 κ.
1256 2645 1295 2675 τ
1320 2632 1357 2672 λ.
1388 2631 1627 2671 inchoatam
1663 2631 1891 2683 imaginem

1047 2689 1183 2742 magis
1207 2689 1332 2727 etiam
1354 2696 1544 2727 exoinat.
1568 2685 1758 2727 Ceterum
1779 2686 1892 2738 quod

1051 2744 1182 2787 Cebes
1212 2751 1252 2784 et
1281 2744 1474 2785 Simmias
1503 2749 1707 2783 vocantur
1735 2740 1893 2784 νεανί-

1052 2813 1168 2848 σκοι,
1199 2801 1251 2840 de
1278 2814 1359 2841 usu
1387 2800 1570 2840 nominis
1591 2799 1739 2839 audias
1762 2798 1894 2839 Pha-

1051 2859 1312 2899 vorinum:
1336 2856 1642 2904 νεανίσκος
1663 2848 1756 2896 άπὸ
1775 2848 1892 2896 ἐτῶν

1055 2909 1389 2981 εἰκοσιτριῶν“
1374 2908 1459 2960 έως
1489 2905 1605 2953 ε’τῶν
1639 2906 1892 2978 τριάκοντα

1054 2966 1289 3023 τεσσάρων
1322 2962 1353 3023 ἢ
1383 2962 1734 3022 τεσσαράκοντα
1771 2960 1891 3014 ἕνός.

1055 3027 1164 3067 conf.
1183 3027 1303 3078 Diog
1315 3023 1891 3075 Laert,V111.10.K1-iiger.

1053 3084 1115 3123 De
1136 3084 1220 3123 vita
1240 3081 1509 3135 Xenophont.
1532 3095 1574 3134 p.
1591 3083 1657 3122 12.
1683 3079 1752 3119 Sic
1773 3078 1895 3118 ado·

1055 3139 1265 3179 lescens
1294 3139 1409 3191 apud
1436 3138 1630 3185 Latinos,
1662 3136 1715 3175 de
1740 3146 1821 3186 quo
1850 3146 1893 3174 v.

1058 3196 1265 3236 Cortlus
1287 3195 1342 3235 ad
1364 3194 1465 3235 Sall.
1491 3194 1579 3234 Cat.
1603 3193 1670 3240 38,
1694 3192 1732 3231 1.

1112 3251 1158 3291 B.
1193 3244 1283 3292 ἐπὶ
1314 3264 1422 3304 χαμ
1391 3243 1674 3304 μαιζήλου
1715 3239 1891 3294 τινός]

1056 3308 1192 3348 Intell.
1236 3306 1412 3360 δίφρου
1441 3305 1506 3346 vel
1540 3302 1761 3357 θρανίου.
1803 3303 1894 3342 Ti-

1055 3376 1231 3404 maeus
1261 3362 1399 3405 Gloss
1425 3375 1463 3403 ν.
1461 3358 1794 3425 χαμαίζηλος·
1820 3356 1893 3398 δι-

1058 3419 1199 3516 φρέον
1233 3412 1402 3474 μικρὸν
1438 3407 1469 3470 ἢ
1503 3428 1731 3458 ταπεινον
1762 3426 1896 3466 σκιμ-

1054 3488 1114 3517 πο
1152 3488 1236 3517 ιον.
