2158 3718
737 152 818 190 AD
859 151 1219 190 SYMPOSIUM.
1441 151 1449 161 '
1727 153 1835 190 XIII

145 299 213 335 an
249 280 351 334 alia
384 280 586 334 ratione
623 278 880 349 puniendi
917 287 970 331 et
1007 277 1301 332 coercendi.
1358 276 1482 330 Diis
1521 277 1836 347 trepidanti-

146 352 250 406 bus
299 351 614 420 dubiisque,
661 349 863 419 optima
912 350 1127 403 tandem
1171 347 1433 402 sententia
1475 348 1581 418 ipsi
1626 347 1743 402 Iovi
1785 349 1841 400 in

148 429 381 476 mentem
417 420 564 475 venit
575 441 589 484 3
642 420 873 474 dissecat
920 420 1160 473 homines
1210 418 1447 489 singulos
1483 419 1540 471 in
1577 419 1683 471 duo
1721 437 1840 472 cor-

145 511 294 562 pora,
342 510 478 560 quae
523 490 798 544 formanda
843 491 1183 560 sanandaque
1219 489 1456 560 Apollini
1493 489 1671 542 tradit.
1731 488 1839 542 Hic

143 563 356 632 pellem,
393 570 454 617 ut
491 569 790 615 contractas
829 580 1124 625 crumenas,
1161 561 1217 613 in
1252 563 1504 613 ventrem*
1532 560 1745 631 colligat
1770 560 1838 611 ad

143 632 470 696 umbilicum,
509 632 717 687 vultum
753 632 912 685 etiam
935 632 992 684 in
1016 632 1154 684 hanc
1171 633 1382 701 *partem
1406 631 1580 694 vertit,
1610 639 1672 683 ut
1697 649 1836 682 sem—

181 721 239 755 er
260 701 440 754 ‘huius
488 720 691 772 poenae
739 711 1140 755 monumentum
1190 702 1248 753 in
1299 709 1516 771 promtu
1558 700 1836 754 haberent.

171 772 257 826 *ed
294 773 540 826 dissectis
577 773 652 825 ita
686 771 1007 837 hominibus,
1055 771 1280 840 quilibet
1326 771 1544 823 alteram
1594 771 1676 824 sui
1712 790 1838 841 par-

143 853 250 895 tem
275 843 584 911 quaerebat,
624 851 678 896 et
701 843 965 912 complexi
991 861 1048 895 se
1072 842 1318 906 invicem,
1357 842 1578 894 aliarum
1604 842 1839 895 omnium

140 913 527 977 rerum'obliti,
565 914 918 984 neglectoque
956 913 1076 970 cibo
1113 921 1166 965 et
1200 922 1350 983 potu,
1387 913 1590 982 passim
1616 912 1839 965 emorie-

140 982 351 1036 bantur.
412 983 488 1036 Et
529 983 654 1037 huic
692 1002 903 1053 quoque
953 983 1238 1036 calamitati
1273 982 1519 1052 Iuppiter
1564 982 1836 1045 subvenit3

141 1073 265 1106 nam
299 1055 469 1107 versis
504 1054 925 1122 uniuscuiusque
960 1052 1287 1125 genitalibus
1335 1051 1590 1105 membris
1637 1053 1694 1105 in
1742 1052 1839 1104 ad-

142 1142 353 1177 versam
387 1131 598 1195 partem
635 1123 829 1188 effecit,
879 1131 941 1175 ut
975 1141 1085 1175 non
1119 1122 1364 1191 impliciti
1398 1130 1694 1186 manerent,
1745 1122 1841 1175 sed

142 1194 288 1247 coitu
337 1195 502 1248 semel
545 1193 686 1247 facto
733 1193 913 1247 satiati
959 1193 1296 1246 discederent
1343 1192 1413 1245 ad
1459 1192 1664 1261 reliqua
1699 1192 1840 1245 vitae

141 1264 376 1336 negotia.
435 1264 642 1319 Verum
686 1263 942 1330 remansit
978 1263 1035 1315 in
1070 1263 1344 1316 hominum
1378 1262 1647 1315 mentibus
1682 1281 1838 1316 recu-

95 1385 109 1398 ,
139 1335 410 1406 perandae
445 1334 643 1389 veteris
677 1343 901 1388 naturae
941 1334 1204 1398 stimulus,
1243 1352 1350 1403 quo
1385 1334 1611 1402 quisque
1643 1334 1838 1406 agitur,

139 1413 202 1458 ut
237 1414 392 1459 vetus
431 1406 514 1459 sui
550 1406 828 1459 dimidium
862 1413 1112 1474 quaerat3
1152 1422 1256 1473 quo
1293 1404 1508 1458 invento
1543 1423 1705 1457 verus
1731 1420 1838 1457 ‘ex-

144 1477 282 1529 sistit
316 1495 478 1540 amor,
519 1483 572 1529 et
605 1477 683 1529 ita
706 1469 1011 1539 vehemens,
1048 1484 1110 1529 ut
1132 1475 1349 1538 nullius,
1385 1493 1486 1527 nec
1510 1474 1684 1544 ipsius
1711 1475 1838 1527 deo-

141 1566 278 1611 rum,
326 1547 593 1607 felicitatis
642 1547 945 1600 conditione
988 1565 1088 1600 nos
1136 1545 1295 1600 avelli
1331 1564 1394 1598 ac
1430 1544 1706 1598 dissociari
1742 1563 1838 1615 pa-

143 1617 385 1689 tiamur,
416 1618 513 1671 sed
546 1617 751 1686 potiUS,
801 1618 846 1670 si
880 1617 996 1671 fieri
1031 1617 1229 1688 possit,
1277 1616 1631 1687 conglutinari
1681 1623 1735 1669 et
1772 1634 1840 1668 ex

141 1687 352 1742 duobus
386 1687 443 1740 in
478 1707 645 1741 unum
681 1689 919 1741 animum
955 1688 1254 1758 corpusque
1291 1688 1670 1756 colliquescere
1706 1686 1838 1739 veli-

141 1777 280 1812 muS.
339 1758 532 1827 Itaque
576 1767 639 1811 ut
682 1759 910 1828 quisque
947 1758 1074 1813 olim
1108 1759 1195 1812 vel
1233 1778 1300 1812 ex
1334 1776 1442 1810 uno
1481 1775 1613 1810 sexu
1649 1756 1737 1810 vel
1773 1775 1840 1809 ex

141 1828 351 1882 duobus
388 1828 743 1900 compositum
778 1828 964 1881 habuit
1001 1847 1212 1897 corpus,
1249 1830 1325 1881 ita
1363 1847 1420 1880 se
1455 1846 1598 1879 nunc
1629 1845 1840 1895 quoque

141 1899 210 1952 ad
246 1899 463 1953 alterius
502 1918 663 1953 sexus
699 1899 972 1952 hominem
1008 1898 1247 1968 applicat
1282 1898 1594 1965 exsistitque
1630 1896 1841 1948 varium

143 1970 397 2034 studium,
435 1970 778 2023 moechorum
801 1968 1247 2036 moecharumque
1275 1987 1343 2021 ex
1367 1967 1714 2038 androgyniS,
1742 1967 1837 2019 tri-

140 2041 340 2095 badum
378 2059 446 2094 ex
481 2040 813 2116 mulieribUS,
850 2039 1289 2110 paederastarum
1327 2057 1394 2091 ex
1431 2037 1562 2091 viris
1580 2038 1654 2107 ³⁸⁵).

218 2109 490 2180 Sequitur
510 2110 751 2181 Agatho,
802 2111 894 2178 qui
938 2110 995 2162 in
1038 2110 1277 2179 priorum
1323 2107 1650 2161 orationibus
1687 2114 1841 2160 acute

142 2181 200 2233 id
234 2180 594 2252 reprehendit,
633 2181 779 2250 quod
813 2180 1160 2250 inssoperibus
1197 2178 1556 2243 amoris,›non
1581 2178 1639 2230 in
1663 2195 1841 2230 amore

141 2253 262 2323 ipso
299 2259 603 2305 consumtae
641 2259 836 2304 essent.
896 2249 1087 2319 Itaque
1131 2251 1382 2303 facultate
1427 2248 1636 2318 poetica
1670 2247 1842 2316 ipsius

140 2323 430 2393 imaginem
467 2322 661 2375 amoris
696 2321 962 2375 informat.
1024 2320 1146 2374 Non
1183 2320 1340 2384 enim,
1377 2317 1567 2387 inquit,
1605 2326 1667 2370 ut
1701 2317 1840 2369 Par-

141 2393 379 2447 menides
404 2392 786 2461 Hesiodusque
813 2392 1133 2455 cecinerunt,
1173 2389 1580 2459 antiquissimus
1605 2396 1688 2441 est
1712 2388 1839 2440 deo-

141 2482 286 2528 rum,
327 2464 422 2517 sed
455 2464 682 2527 iuvenis,
720 2463 910 2526 mollis,
950 2470 1117 2526 tener,
1155 2461 1394 2525 floridus,
1433 2458 1714 2530 pra-vitatis
1740 2458 1836 2510 de·

143 2534 533 2605 formitatisque
568 2533 833 2598 inimicus,
880 2532 1069 2586 fortior
1116 2533 1259 2585 omni
1295 2533 1351 2585 vi
1386 2539 1545 2599 atque
1581 2528 1839 2600 potentia,

142 2606 364 2658 deorum
398 2604 777 2674 hominumque
813 2604 1159 2675 gubernator,
1198 2603 1267 2656 ad
1303 2620 1486 2655 omnes
1512 2608 1650 2654 artes
1677 2599 1839 2651 disci-

141 2676 423 2746 plinasque
469 2676 793 2728 certissimus
839 2675 950 2727 dux
1000 2673 1265 2746 [adeoque
1315 2671 1573 2744 singulari
1617 2669 1839 2733 iustitia,

143 2745 511 2816 temperantia,
561 2746 887 2809 fortitudine,
927 2745 1189 2814 sapientia
1226 2744 1454 2812 denique
1490 2741 1733 2813 insignis,
1782 2747 1841 2792 ut

142 2818 329 2870 merito
365 2826 557 2870 natura
605 2836 701 2870 sua
747 2825 801 2870 et
836 2816 1186 2886 pulcerrimus
1223 2824 1278 2868 et
1312 2814 1546 2884 optimus
1586 2830 1703 2865 esse
1743 2829 1838 2862 ex-

141 2886 455 2959 istimetur].
515 2887 699 2957 Atque
744 2886 845 2940 hac
893 2887 1130 2940 oratione
1178 2886 1254 2938 ita
1301 2883 1589 2938 exsultavit
1630 2881 1841 2935 iuvenis

143 2957 436 3028 ingenium,
475 2966 536 3009 ut
570 2976 752 3010 omncs
774 2958 1034 3011 convivae
1060 2957 1248 3010 eadem
1272 2955 1464 3008 mentis
1490 2952 1840 3008 concitatione

145 3026 355 3097 abrepti
398 3027 715 3097 plauderent
765 3036 819 3080 et
865 3047 971 3080 uno
1009 3045 1118 3080 orer
1138 3027 1430 3080 clamarent
1466 3025 1683 3098 dignam
1719 3040 1840 3074 eum

148 3106 200 3150 et
237 3116 294 3151 se
329 3098 447 3167 ipso
484 3105 534 3149 et
572 3098 672 3151 deo
708 3098 962 3151 habuisse
1000 3097 1289 3152 orationem
1308 3098 1411 3167 **).

215 3253 258 3306 *)
290 3269 330 3308 p.
358 3259 447 3296 189.
470 3256 513 3296 A
536 3288 585 3295 ..
615 3259 703 3296 193.
725 3257 780 3296 D.

193 3325 259 3377 **)
289 3339 330 3379 p.
358 3331 447 3367 193.
470 3327 506 3367 E
532 3359 579 3366 0
609 3328 697 3366 197.
720 3325 770 3365 Ε.
