2158 3718
352 129 503 167 XXIV
587 159 593 167 „
971 130 1415 171 PROLEGOMENA

353 257 480 310 dum
517 256 685 310 voluit
720 275 837 310 esse
872 255 1031 319 hunc,
1068 266 1130 308 ut
1163 275 1270 311 non
1305 259 1374 311 ad
1410 277 1574 327 unum
1599 258 1816 328 aliquod
1841 277 2038 331 corpus

351 327 589 380 animum
624 327 954 390 adiiciamuS‚
993 326 1088 379 sed
1124 337 1371 398 expetere
1408 329 1671 383 discamus
1694 329 1752 382 id
1775 330 2036 402 pulcrum,

351 398 496 467 quod
530 397 775 469 pluribus
809 397 969 450 rebus
1006 415 1283 453 commune
1320 401 1401 453 sit.
1462 400 1751 455 Enimvero
1788 420 1821 453 a
1855 402 2037 455 multis

352 470 487 523 vidit
522 468 975 539 progrediendum
1012 468 1082 520 ad
1116 488 1282 522 unum
1319 489 1462 536 esse,
1510 471 1611 525 hoc
1647 480 1729 525 est
1763 472 1832 524 ad
1868 490 2038 543 genus

350 549 511 609 atque
561 539 793 610 speciem
838 538 895 591 in
931 537 1091 591 rebus
1127 538 1352 611 singulis
1389 542 1838 612 comprehensam.
1898 542 2038 596 Pru-

351 610 664 664 dentissime
700 627 827 663 vero
864 627 896 661 a
920 627 1176 679 corporea
1199 611 1554 681 pulcritudine
1578 613 1888 667 ordiendum
1914 631 2040 667 cen-

352 681 459 735 suit
493 689 653 748 atque
688 679 814 733 inde
848 680 1301 752 progrediendum
1324 682 1393 735 ad
1417 683 1665 738 animum.
1713 683 1852 737 Nam
1876 684 2041 738 animi

352 760 494 806 certe
538 750 952 821 pulcritudinem
994 751 1414 807 animadvertere
1459 754 1620 826 longe
1658 764 1739 808 est
1773 754 2042 809 difficilius

349 841 509 891 quam
547 822 801 893 corporis·
856 820 1046 891 Itaque
1082 823 1294 877 tertium
1329 825 1559 897 gradum
1595 825 1723 878 fecit
1757 843 1897 890 eum,
1935 844 2043 895 quo

348 892 594 964 neglecta
630 892 868 962 corporis
903 892 1075 947 forma
1101 894 1266 947 solam
1293 895 1454 948 animi
1478 895 1890 966 pulcritudinem
1915 914 2042 950 con-

351 973 632 1017 sectemur.
692 962 871 1031 Quam
902 964 1014 1017 fere
1048 965 1271 1018 eandem
1303 985 1417 1019 rem
1442 963 1690 1020 Socrates
1716 966 1877 1020 etiam
1901 966 2045 1037 apud

348 1033 770 1105 Xenophontem
808 1032 996 1105 Symp.
1037 1054 1083 1089 c.
1121 1037 1168 1089 8.
1209 1037 1469 1106 explicat,
1505 1036 1600 1091 ubi
1636 1037 1809 1101 docet,
1845 1045 2044 1106 quanto

350 1105 720 1177 praestabilior
768 1105 835 1158 sit
880 1124 1029 1159 amor
1076 1125 1363 1176 puerorum
1417 1127 1485 1162 ex
1530 1107 1722 1162 mentis
1775 1107 2045 1177 animique

350 1195 538 1230 eorum
590 1176 940 1230 admiratione
994 1177 1280 1242 oriundus,
1337 1197 1497 1248 quam
1543 1179 1634 1248 qui
1685 1197 1753 1232 ex
1808 1179 2045 1249 corporis

348 1248 518 1301 forma
535 1255 595 1300 et
612 1246 859 1301 obscenis
885 1247 1266 1317 cupiditatibus
1290 1250 1554 1321 originem
1587 1249 1797 1303 habeat.
1837 1247 2044 1316 Quem·-

348 1318 639 1371 admodum
690 1327 870 1372 autem
913 1317 1067 1372 Plato
1113 1319 1169 1372 in
1225 1339 1509 1391 corporum
1554 1338 1731 1374 amore
1779 1318 1847 1372 ab
1903 1319 2045 1372 indi-

342 1389 528 1444 viduis
565 1389 634 1442 ad
669 1408 868 1460 genera
901 1389 1121 1460 procedi
1157 1390 1347 1456 voluit,
1396 1392 1473 1444 ita
1517 1391 1574 1444 in
1610 1390 1710 1444 hac
1743 1389 2045 1444 animorum

350 1460 698 1514 admiratione
747 1468 868 1514 ante
915 1459 1091 1512 omnia
1135 1463 1342 1515 censuit
1388 1480 1452 1516 ea
1500 1461 1870 1533 cognoscenda
1905 1479 2042 1526 esse,

348 1549 512 1601 quae,
562 1531 813 1600 quoniam
858 1530 1136 1584 incurrunt
1177 1532 1234 1584 in
1279 1532 1487 1597 ocuIOS,
1538 1533 1607 1585 ad
1642 1532 2046 1603 intelligendum

349 1602 601 1656 facillima
637 1610 761 1654 sunt
795 1601 1020 1670 ideoque
1058 1602 1127 1654 ad
1163 1603 1326 1656 animi
1351 1603 1553 1658 cultum
1577 1603 1819 1658 adhiberi
1845 1611 2048 1673 queunt

351 1673 796 1727 commodissime.
833 1672 1029 1726 Posuit
1062 1672 1230 1742 igitur
1264 1673 1372 1727 iam
1409 1694 1531 1728 eum
1567 1674 1860 1728 animorum
1897 1692 2043 1728 amo-

349 1763 486 1809 rem,
535 1744 628 1813 qui
665 1744 734 1796 ad
771 1743 958 1796 amasii
998 1744 1313 1814 sapientiam
1350 1745 1708 1815 virtutemque
1744 1765 1813 1798 au
1855 1745 2047 1798 endam

350 1833 526 1869 mores
536 1854 551 1879 ,
605 1814 752 1887 leges
801 1822 854 1867 et
895 1814 1139 1868 instituta
1185 1816 1487 1870 considerat
1535 1823 1691 1885 atque
1734 1815 1792 1868 in
1831 1827 1867 1869 e'
1903 1816 2046 1869 vitae

352 1885 620 1956 sapienter
655 1884 924 1957 regendae
960 1895 1248 1957 praecepta
1272 1887 1432 1940 ducit.
1469 1886 1536 1939 In
1566 1904 1673 1955 quo
1705 1886 2047 1940 manifestum

350 1965 432 2010 est
478 1956 544 2010 ob
593 1957 774 2010 oculos
821 1956 1000 2026 ipsum
1046 1955 1299 2011 habuisse
1354 1957 1641 2011 discrimen
1686 1957 1845 2021 illud,
1901 1956 2047 2026 quod

349 2028 488 2080 inter
515 2026 660 2084 δόξαν
687 2036 741 2080 et
767 2028 1033 2097 ἐπιστήμην
1058 2026 1292 2097 itemque
1325 2029 1464 2083 inter
1499 2028 1751 2082 virtutem
1788 2027 2046 2082 civilem

350 2107 512 2167 atque
548 2096 1006 2169 philosopham
1046 2099 1258 2164 statuit,
1299 2099 1366 2153 de
1404 2118 1509 2169 quo
1546 2118 1596 2152 v.
1625 2117 1747 2152 ann.
1774 2098 1846 2151 ad
1867 2097 2044 2152 Phae-

350 2169 473 2222 don.
513 2189 567 2240 p.
595 2169 679 2222 85.
717 2167 780 2222 C.
818 2184 870 2239 p.
900 2169 983 2223 68.
1020 2166 1082 2225 C.
1123 2169 1249 2223 Hoc
1283 2170 1405 2241 ipso
1442 2178 1622 2223 autem
1656 2188 1845 2223 rursus
1879 2169 2045 2223 multo

351 2249 435 2294 est
470 2240 784 2312 generosior
820 2248 873 2292 et
909 2239 1093 2293 elatior
1126 2240 1240 2306 ille,
1294 2243 1386 2310 qui
1422 2261 1454 2295 a
1488 2241 1648 2294 rebus
1687 2239 2046 2313 singularibus

351 2312 420 2363 ad
455 2329 542 2364 res
578 2311 908 2364 universales
945 2329 1233 2381 earumque
1257 2312 1672 2383 pulcritudinem
1705 2310 2045 2365 convertitur.

350 2381 563 2435 Harum
608 2382 750 2435 enim
796 2382 1167 2436 observatione
1210 2392 1367 2453 atque
1411 2383 1587 2437 studio
1632 2381 1940 2452 pervenitur
1976 2382 2046 2434 ad

351 2452 634 2524 scientiam·
681 2462 734 2506 et
785 2452 1203 2524 philosophiam,
1260 2473 1397 2524 quae
1451 2471 1559 2508 una
1613 2462 1696 2507 est
1749 2452 2045 2507 certissima

350 2524 523 2593 pulcri
549 2524 806 2578 doctrina.
847 2523 1026 2591 Quam
1048 2523 1141 2594 qui
1176 2524 1233 2577 in
1268 2526 1494 2580 amando
1522 2524 1775 2593 sequitur,
1810 2523 1859 2576 is
1882 2541 2043 2593 quar-

350 2605 464 2647 tum
509 2594 616 2647 iam
660 2595 888 2666 gradum
935 2596 1130 2649 amoris
1179 2596 1382 2650 obtinet
1429 2597 1667 2666 proxime
1706 2613 1773 2647 ue
1819 2593 1970 2647 abest
2012 2612 2047 2646 a

352 2684 558 2718 summo
596 2666 792 2718 amoris
827 2665 1044 2735 fastigio
1083 2675 1134 2718 et
1171 2667 1324 2733 quasi
1361 2666 1603 2719 culmine.
1706 2683 1792 2716 am
1826 2663 1927 2717 hoc
1951 2664 2044 2733 qui

352 2744 434 2787 est
458 2745 833 2804 consequutuS‚
858 2736 906 2788 is
931 2735 1108 2788 missis
1133 2735 1294 2791 rebus
1319 2735 1565 2789 humanis
1589 2735 1695 2787 iam
1718 2751 1890 2803 usque
1916 2753 2043 2788 con-

351 2806 638 2874 templatur
683 2807 929 2874 pulcrum
974 2805 1105 2857 illud
1141 2815 1441 2870 aeternum,
1487 2805 1630 2875 quod
1664 2823 1771 2858 non
1806 2804 2045 2859 nascitur

351 2894 525 2944 neque
548 2876 744 2940 interit,
772 2894 878 2928 non
903 2885 1131 2946 augetur
1153 2895 1252 2929 nec
1275 2876 1623 2941 imminuitur,
1652 2894 1815 2946 supra
1833 2893 2044 2929 omnem

353 2955 651 3028 temporum
675 2947 1014 3015 locorumque
1040 2946 1463 3006 vicissitudinem
1499 2948 1714 3015 elatum,
1751 2965 1921 3015 neque
1945 2946 2042 2999 ho-

352 3018 553 3070 minum
589 3015 925 3087 opinionibus
971 3027 1063 3070 aut
1109 3018 1229 3072 aliis
1266 3018 1428 3073 rebus
1463 3018 1693 3072 fortuitis
1730 3017 2042 3080 continetur,

351 3107 552 3142 verum.
583 3107 678 3159 per
724 3107 781 3142 se
828 3088 1032 3157 sibique
1075 3088 1180 3159 ipsi
1228 3098 1463 3156 constat,
1511 3090 1578 3143 ab
1625 3088 1766 3143 omni
1803 3087 2042 3158 corporis

352 3158 470 3212 labe
516 3179 734 3230 purum,
784 3159 1070 3223 sincerum,
1117 3160 1505 3215 intemeratum.
1565 3160 1656 3212 Ad
1699 3158 1831 3212 illud
1875 3158 2042 3230 igitur

352 3230 597 3299 pulcrum
641 3231 932 3302 perfectum
978 3240 1263 3285 amatorem
1313 3232 1638 3286 adscendere
1676 3238 1729 3282 et
1763 3229 2040 3299 pervenire

355 3300 550 3356 debere
588 3301 888 3356 arbitratur.
947 3300 1007 3355 Si
1046 3303 1185 3356 enirn
1222 3321 1443 3373 purum,
1484 3303 1762 3364 sincerum,
1801 3299 2038 3357 divinum
