2222 3762
266 146 666 203 PLATONIS
709 145 1197 201 APOLOGIAM
1240 143 1643 200 SOCRATIS.
1740 146 1800 196 41

155 299 272 345 rato
325 299 382 344 et
429 289 651 342 inimico
699 307 830 360 erga
878 308 999 342 eum
1050 289 1253 356 fuisse,
1311 287 1406 356 qui
1455 286 1638 339 studio
1687 305 1813 339 vere

114 310 374 416 {nudabili
410 379 659 414 caussam
694 361 943 431 magistri
989 372 1086 431 pro
1123 359 1330 412 viribus
1371 365 1677 411 sustentare
1714 377 1811 411 vo-

114 433 324 501 luisset,
363 440 428 486 ut
463 433 644 502 ipsum
679 431 805 484 ideo
842 433 1005 485 etiam
1032 431 1268 484 haberet
1294 428 1531 491 ludibrio
1575 436 1631 482 et
1668 429 1812 481 iner-

115 505 225 557 tiae
262 504 484 558 crimine
524 510 787 555 oneraret.
865 502 1207 576 Quamquam
1244 502 1361 572 ipse
1397 508 1590 571 postea
1641 508 1813 552 artem

114 575 260 628 illius
295 576 671 643 ¹rationemque
710 581 1001 644 propterea
1038 572 1398 644 improbavit,
1449 571 1598 641 quod
1635 571 1815 641 philo-

115 646 385 716 sophandi
433 645 735 713 subtilitate
786 657 951 715 atque
996 645 1327 699 sublimitate
1380 662 1604 714 prorsus
1644 642 1814 695 desti-

114 724 374 770 tueretur.
417 754 421 756 -
461 718 542 770 At
589 717 841 769 nimirum
896 717 1047 769 istud
1102 715 1320 786 quidem
1359 714 1425 767 de
1463 714 1813 768 celeberrimo

114 788 328 842 rhetore
366 787 630 841 iudicium
667 789 832 859 longo
873 787 1087 841 demum
1125 796 1369 857 tempore
1405 794 1532 856 post
1569 804 1814 856 exprom-

116 860 216 926 sit,
267 879 432 930 quum
482 879 550 912 ex
597 860 784 931 primis
833 860 1119 912 itineribus
1166 859 1223 911 in
1272 858 1504 929 patriam
1562 875 1812 910 reversus

115 930 516 1002 philosophiam
554 931 609 983 in
633 930 934 984 Academia
955 930 1149 984 docere
1174 929 1568 998 constituisset,
1611 929 1815 999 quippe

117 1011 233 1055 tum
271 1003 375 1056 sibi
411 1002 720 1054 faciendum
756 1010 936 1069 ratus,
985 1009 1046 1054 ut
1092 1000 1420 1053 rhetoricam
1469 1019 1590 1052 cum
1638 999 1816 1070 philo-

118 1073 312 1143 sophia
362 1073 521 1142 quasi
567 1073 622 1125 in
675 1081 963 1125 certamen
1013 1072 1403 1138 committeret,
1462 1079 1548 1139 et,
1611 1070 1817 1142 Lysiae

118 1143 365 1215 exemplo
417 1144 486 1196 ob
537 1144 724 1196 oculos
765 1144 977 1213 posit0,
1034 1142 1363 1196 luculentius
1401 1141 1815 1208 demonstraret,

117 1228 300 1284 quam'
327 1234 470 1267 vana
523 1223 666 1268 esset
704 1223 760 1267 et
800 1215 977 1267 inanis
1016 1215 1134 1267 laus
1175 1213 1472 1267 artificialis
1510 1214 1666 1267 istius
1706 1213 1817 1265 elo-

118 1287 402 1356 quentiae,
466 1304 606 1354 quae
656 1286 786 1338 licet
835 1305 954 1339 sese
1004 1287 1198 1338 mirum
1249 1292 1510 1354 quantum
1569 1285 1824 1352 iactaret,

118 1364 299 1411 tamen
357 1357 487 1410 artis
550 1358 761 1410 ratione
827 1358 988 1427 plane
1051 1376 1234 1411 carere
1304 1355 1598 1409 iudicanda
1659 1363 1819 1409 esset.

118 1428 184 1481 Id
223 1428 372 1499 quod
407 1429 476 1481 ab
516 1448 580 1482 eo
618 1430 674 1481 in
711 1428 962 1481 Phaedro
1009 1429 1086 1482 ita
1122 1429 1327 1481 factum
1369 1446 1490 1481 esse
1528 1427 1584 1479 in
1620 1428 1820 1499 vulgus

117 1507 309 1554 notum
355 1508 470 1567 est,
522 1508 881 1570 posteaquam
932 1501 1038 1553 iam
1087 1507 1247 1552 antea
1293 1500 1349 1552 in
1400 1498 1611 1569 Gorgia
1661 1506 1716 1551 et
1764 1499 1820 1550 in

120 1571 244 1626 loco
282 1571 621 1625 nobilissimo
661 1571 943 1624 Theaetet.
979 1591 1034 1642 p.
1073 1572 1189 1624 172.
1217 1569 1493 1624 ·C-—177.
1531 1571 1598 1623 Β.
1640 1577 1822 1624 osten-

121 1644 276 1697 derat
313 1643 675 1712 eloquentiam
713 1642 880 1714 vulgo
933 1643 1002 1695 in⁴
1027 1644 1147 1696 foro
1191 1652 1244 1694 et
1281 1643 1338 1695 in
1373 1642 1562 1715 populi
1601 1642 1819 1695 concio-

118 1715 279 1768 nibus
317 1722 636 1786 regnantem
674 1734 783 1768 non
824 1713 894 1766 ad
921 1715 1250 1785 probitatem
1276 1721 1441 1783 atque
1480 1714 1822 1767 honestatem

119 1785 216 1840 sed
253 1785 323 1838 ad
360 1786 590 1857 gratiam
625 1796 681 1839 et
717 1785 1059 1855 voluptatem
1090 1794 1456 1856 comparatam
1491 1804 1625 1841 esse.
1666 1783 1824 1852 Quae

119 1877 284 1927 quum
323 1856 402 1909 ita
436 1857 564 1924 sint,
609 1877 710 1911 nos
749 1856 972 1926 quidem
1014 1865 1201 1928 aperte
1231 1858 1466 1919 fatemur
1503 1857 1559 1909 in
1599 1876 1662 1909 ea
1700 1874 1823 1910 esse

113 1928 418 1996 sententia,
474 1937 539 1981 ut
574 1929 802 2000 Lysiam
836 1948 867 1980 a
908 1929 1136 1981 Platone
1177 1929 1472 1999 scriptione
1511 1928 1821 1999 Apologiae

117 2000 349 2072 petitum
408 2018 528 2053 esse
589 2001 740 2053 nulla
807 2019 875 2051 ex
938 2007 1094 2071 parte
1159 2000 1450 2053 verisimile
1514 2019 1632 2053 esse
1698 2018 1824 2052 cen-

119 2090 349 2125 seamus.

260 2143 447 2210 Atque
485 2141 622 2194 haec
660 2139 880 2209 quidem
907 2141 1188 2194 hactenus·
1271 2140 1555 2212 Superest,
1594 2150 1654 2194 ut
1690 2160 1825 2211 pau-

120 2213 201 2265 cis
263 2211 632 2282 quaerendum
704 2212 776 2263 sit
858 2210 925 2264 de
1001 2220 1279 2285 tempore,
1367 2232 1474 2282 quo
1547 2213 1827 2284 Apologia

121 2283 370 2336 Platonis
434 2283 630 2336 litteris
695 2283 1016 2354 consignata
1081 2293 1135 2336 et
1193 2287 1248 2339 in
1312 2284 1488 2337 lucem
1548 2284 1823 2356 publicam

123 2355 320 2409 emissa
361 2355 448 2407 sit.

267 2424 537 2478 Videntur
587 2442 739 2477 verox
765 2426 1004 2497 origines
1052 2426 1167 2479 eius
1205 2425 1443 2480 incidere
1481 2427 1536 2479 in
1573 2434 1823 2498 tempora

122 2517 230 2551 non
279 2497 358 2549 ita
399 2496 568 2549 multo
618 2503 743 2566 post
775 2494 1019 2550 Socratis
1059 2498 1266 2550 obitum
1311 2497 1575 2551 insecuta.
1651 2497 1823 2551 Cuius

123 2568 426 2623 sententiae
465 2575 784 2639 argumenta
821 2568 985 2637 siqui
1021 2569 1320 2637 requirant,
1361 2577 1491 2621 sunt
1526 2570 1618 2621 illa
1653 2575 1824 2640 prope

124 2641 180 2692 in
215 2639 393 2692 medio
433 2639 631 2709 posita.
706 2639 849 2692 Nam
897 2640 1127 2710 primum
1171 2641 1389 2710 quidem
1439 2641 1530 2693 vix
1579 2648 1664 2693 est
1711 2660 1826 2694 cre-

128 2710 311 2778 dibile,
354 2710 638 2763 Platonem
675 2710 782 2763 tale
807 2710 1028 2780 pietatis
1055 2718 1480 2780 monumentum,
1523 2713 1682 2782 quale
1720 2712 1825 2765 hoc

129 2792 238 2851 est,
286 2783 531 2853 longiore
575 2780 788 2834 demum
837 2789 1079 2853 tempore
1176 2782 1262 2837 ost
1319 2783 1527 2836 obitum
1577 2782 1823 2838 Socratis

130 2855 314 2924 elapso
364 2852 709 2907 conditurum
755 2853 957 2920 fuisse,
1009 2804 1170 2922 quod)
1203 2863 1349 2908 certe
1399 2863 1824 2908 consentaneum

130 2933 214 2979 est
248 2925 354 2977 iam
393 2932 510 2977 tum
561 2923 627 2977 ab
681 2942 745 2978 eo
785 2924 955 2978 fuisse
994 2927 1384 2997 compositum,
1427 2945 1593 2995 quum
1630 2946 1823 2980 recens

133 2996 313 3049 adhuc
361 2994 518 3049 dolor
565 3002 709 3048 esset
758 3014 826 3048 ex
873 2996 1119 3067 magistri
1171 3005 1342 3050 morte
1401 3005 1689 3069 susceptus
1740 3017 1824 3050 re-

132 3084 371 3134 censque
433 3065 769 3136 indignatio,
840 3086 1002 3136 quam
1049 3068 1284 3122 fatorum
1342 3069 1600 3138 iniquitas
1660 3077 1823 3138 atque

130 3148 434 3208 temporum
483 3136 679 3190 iniuria
717 3138 1083 3192 excitavisset.
1158 3139 1373 3193 Deinde
1408 3140 1543 3192 illud
1582 3160 1821 3210 quoque,

133 3210 281 3279 quod
306 3209 672 3261 Athenienses
710 3208 860 3262 brevi
889 3217 1016 3279 post
1041 3209 1281 3265 Socratis
1321 3210 1824 3265 condemnationem

134 3282 263 3333 facti
300 3280 640 3350 poenitentia
671 3279 935 3334 invasisse
975 3289 1242 3350 narratur,
1283 3282 1350 3335 de
1389 3302 1496 3352 quo
1534 3302 1698 3354 supra
1735 3301 1824 3334 ex—

131 3351 441 3422 posuimus,
491 3359 634 3404 certe
685 3350 787 3405 fuit
838 3351 1128 3419 eiusmodi,
1187 3361 1248 3406 ut
1297 3353 1680 3425 philosophum
1728 3353 1823 3404 im-
