2158 3718
425 163 525 211 114
1041 156 1520 212 PLATONIS

421 303 708 380 φεύξομαι.
753 303 885 370 ‹iign-
931 305 1042 360 οὐδ’
1107 305 1154 360 εἴ
1194 327 1259 377 με
1302 308 1406 361 νῦν
1447 305 1602 378 ὑμεῖς
1645 306 1862 382 ἀφίετε,
1919 305 2130 377 Ἀνύτῳ

336 409 381 463 C
419 388 842 456 ἀπιστήσαντες,
886 388 948 455 ὃς
991 394 1097 464 ἔφη
1144 385 1173 456 ἢ
1221 388 1326 455 τὴν
1368 389 1549 463 ἀρχὴν
1595 391 1660 446 οὐ
1704 394 1815 445 δεῖν
1852 394 1940 462 ἐμὲ
1967 394 2130 462 δεῦρο

420 477 723 538 agam-ew,
781 471 844 540 ἢ,
903 474 1085 540 ἐπειδὴ
1133 477 1428 541 εὶςῆλθον,
1473 475 1575 546 οὐχ
1620 473 1740 531 οἶόν
1784 496 1842 530 τε
1883 472 2025 530 εἶναι
2066 474 2130 530 τὸ

418 556 494 628 μὴ
542 557 874 613 ἀποκτεῖναί
919 581 1013 630 με,
1081 563 1249 628 λέγων
1294 557 1434 628 πρὸς
1475 557 1636 630 ὑμᾶς,
1682 559 1771 623 ὡς,
1819 565 1863 614 εὶ
1907 562 2134 635 διαφευ-

420 643 640 711 ξοίμην,
700 639 804 708 ἤδη
852 640 924 697 ἂν
969 642 1126 713 ὑμῶν
1187 648 1240 698 οἱ
1289 647 1422 706 υἱεῖς
1464 643 1878 711 ἐπιτηδεύοντες
1921 640 1957 698 ἃ
2002 645 2133 697 Σω-

419 725 525 796 κρά
535 748 628 793 της
652 725 892 782 διδάσκει
917 726 1122 791 πάντες
1141 725 1467 782 παντάπασι
1504 728 2024 802 διαφθαρήσονται,
2052 761 2127 770 -—

421 810 470 864 εἴ
521 833 621 880 μοι
676 808 816 910 ποὺς
877 815 1055 866 ταῦτα
1112 812 1318 867 εἴποιτε
1357 803 1433 865 Ὦ
1480 811 1808 882 Σώκρατες,
1866 816 1969 867 νῦν
2033 815 2134 883 μὲν

413 892 622 964 Ἀνύτῳ
689 893 755 949 οὐ
821 897 1164 967 πεισιἭμεθα,
1231 893 1347 951 αλλ’
1413 895 1646 970 ἀφίεμέν
1681 917 1755 961 σε,
1818 901 1903 951 ἐπι
1950 893 2133 964 τούτῳ

419 985 622 1049 μέντοι,
684 977 760 1053 ἐφ’
827 974 931 1050 ᾧτε
984 986 1174 1051 μηκέτι
1219 988 1276 1036 ἐν
1334 980 1509 1058 ταύτῃ
1554 984 1620 1058 τῇ
1667 978 1885 1048 ζητήσει
1928 983 2136 1051 διατρί-

419 1065 538 1133 βειν
582 1067 718 1133 μηδὲ
765 1069 1126 1141 φιλοσοφεῖν·
1176 1064 1274 1121 ἐαν
1315 1068 1370 1120 δὲ
1419 1063 1568 1134 ἁλῷς
1613 1071 1690 1121 ἔτι
1732 1067 1900 1120 τοῦτο
1947 1064 2135 1135 πράτ-

537 1228 584 1268 C.
615 1225 808 1284 Ἀνύτῳ
841 1226 1277 1284 ἀπιστήσαντες]
1315 1229 1464 1283 Stepli.
1497 1223 1798 1282 ἀπειθήαιτεε.
1831 1230 1926 1271 Ald.
1959 1230 2061 1273 Bas.
2092 1229 2133 1272 1-

423 1283 738 1339 απιθήσανμες
777 1271 879 1328 ‘Bas
923 1289 964 1331 2.
1009 1301 1104 1329 cum
1149 1288 1276 1328 Bodl.
1332 1288 1425 1328 Vat.
1471 1287 1573 1328 Ven.
1617 1288 1656 1328 b.
1702 1288 1823 1328 vind.
1864 1289 1903 1332 1.
1944 1288 1986 1330 3.
2018 1286 2060 1330 4.
2092 1288 2133 1330 6.

423 1345 696 1412 Εἱοτωῃιιῐίιιῐε
719 1351 763 1385 et
795 1347 949 1386 cete-ris
985 1345 1075 1387 stre
1107 1347 1308 1386 omnibus
1343 1340 1663 1397 ἀπιστήσαντες
1697 1359 1736 1386 v.
1769 1358 1864 1388 nnn.

538 1400 635 1455 ἤδη
667 1398 737 1442 ἂν
775 1398 1539 1457 ὑμῶν-διαφθαρήσονται)
1606 1403 1688 1446 Qui
1734 1401 1788 1444 ἄν
1832 1415 1927 1443 cum
1970 1401 2134 1442 indica·-

421 1461 510 1501 tivo
551 1460 678 1501 futuri
719 1461 910 1502 iunctum
957 1474 1227 1514 concoquere
1267 1474 1350 1502 non
1393 1466 1653 1514 potuerunt,
1697 1461 1971 1502 scribendum
2004 1464 2134 1512 puta-

420 1522 534 1568 runt,
564 1517 679 1570 quod
712 1519 840 1570 vulgo
872 1520 1043 1570 legitur,
1064 1515 1457 1572 διαφθαρήσοιντο.
1504 1519 1669 1559 Verum
1691 1518 1965 1560 indicativum
1980 1530 2132 1567 magna

421 1578 707 1618 consensione.
724 1581 898 1617 tuentur
925 1576 1047 1617 Bodl.
1085 1577 1177 1618 Vat.
1207 1578 1311 1618 Ven.
1342 1578 1381 1620 b.
1417 1577 1549 1618 Coisl.
1585 1576 1708 1617 vind.
1741 1575 1781 1619 1.
1811 1575 1854 1620 3.
1886 1574 1928 1620 4.
1959 1575 2001 1619 6.
2032 1574 2133 1615 Flo-

419 1634 570 1674 rentini
611 1645 793 1684 omnesn,
836 1635 1028 1686 itemque
1058 1634 1246 1676 Bekkeri
1282 1635 1372 1676 libri
1409 1641 1581 1687 praeter
1614 1635 1720 1678 Ven.
1756 1633 1804 1678 Ξ.
1836 1639 1881 1675 et
1922 1631 2046 1674 vind.
2077 1632 2133 1673 Y.

421 1691 515 1731 sive
549 1691 595 1733 2.
642 1691 788 1743 ltaque
833 1691 1094 1733 servandum
1151 1691 1351 1733 duximus
1397 1691 1513 1745 quod
1561 1692 1690 1735 codd.
1735 1691 1937 1732 meliores
1981 1702 2134 1732 omnes

419 1748 758 1801 suppeditarunt.
818 1748 1073 1802 Quanquam
1108 1750 1346 1790 cavendum
1379 1756 1445 1790 est
1476 1763 1528 1790 ne
1561 1746 1616 1789 ἂν
1646 1751 1687 1790 in
1720 1749 1877 1791 talibus
1910 1761 2006 1790 cum
2040 1749 2133 1802 ipso

418 1806 650 1847 indicativo
698 1804 932 1847 cohaerere
971 1808 1257 1850 existimetur.
1320 1807 1442 1859 Apud
1489 1808 1712 1849 Platonem
1753 1806 1959 1860 quidem,
2021 1804 2134 1859 apud

418 1875 561 1916 quem,
597 1867 804 1915 quantum
825 1863 1028 1916 sciamus,
1066 1871 1237 1918 praeter
1268 1864 1378 1906 hunc
1412 1866 1548 1906 locum
1583 1866 1686 1905 haec
1714 1870 1877 1905 tantum
1913 1865 2134 1917 reperiun-

417 1926 486 1962 tur
513 1921 848 1962 constructionis
879 1921 1004 1962 huius
1036 1926 1257 1975 exempla·
1301 1923 1500 1977 Reipubl.
1533 1925 1587 1963 X.
1622 1936 1663 1976 p.
1695 1921 1793 1967 615.
1826 1923 1882 1962 D.
1916 1927 1961 1962 et
1993 1920 2136 1963 Phne-

1307 2037 1496 2088 εἴποιτε,
1542 2035 1584 2076 εἰ
1620 2028 1703 2077 οὖν
1747 2030 1939 2087 ἇφίοιιε,
1982 2036 2042 2076 ita
2087 2038 2134 2075 ut

1318 2095 1528 2147 particula
1561 2088 1644 2135 οὖν
1665 2093 1823 2135 indicet
1846 2092 2003 2135 reverti
2035 2105 2133 2133 ora·

1317 2154 1475 2195 tionem
1508 2153 1562 2194 ad
1595 2152 1832 2205 superiora,
1866 2151 1920 2193 «le
1947 2162 2034 2204 quo
2057 2162 2133 2191 vo·

1318 2212 1439 2252 culae
1471 2222 1551 2250 usu
1582 2211 1668 2252 vid.
1701 2209 1955 2250 Valcken.
1988 2213 2132 2251 annot.

419 2033 600 2087 βεῐσθαι
639 2039 683 2076 et
715 2031 895 2107 φεύχειν
925 2034 1008 2090 πρὸ
1043 2037 1127 2078 τῶν
1161 2051 1231 2077 κα-

420 2093 508 2133 κῶν
539 2114 593 2122 -—
627 2089 654 2134 ἃ
684 2106 740 2146 μη
770 2092 868 2134 οιδα
893 2118 944 2124 —-
971 2094 1130 2135 dictum
1164 2101 1232 2135 est

419 2163 499 2221 pro
533 2150 777 2202 φοβεῖσθαι
809 2152 967 2202 μᾶλλον
992 2149 1039 2192 τὰ
1071 2151 1178 2192 κακὰ
1204 2149 1230 2192 ἂ

421 2202 519 2249 οἶδα
554 2204 619 2248 ὅτι
640 2206 747 2250 κακά
765 2207 879 2250 ἐστιν
898 2206 925 2264 ἢ
955 2211 1085 2250 ταῦτα
1119 2207 1145 2251 ἃ
1173 2208 1229 2263 μὴ

421 2261 519 2307 οἶδα
545 2265 588 2306 εἰ
609 2262 760 2320 ἀγαθὰ
792 2265 897 2309 ὅντα
931 2265 1138 2322 τυγχάνει.
1168 2269 1230 2309 De

418 2337 503 2377 quo
538 2337 623 2377 quo
653 2337 734 2367 usu
767 2327 1103 2380 praepositionis
1145 2324 1231 2380 πρὸ

419 2394 457 2426 v.
491 2380 544 2422 ad
579 2396 619 2435 p.
653 2383 721 2427 28.

475 2435 608 2479 <flete
683 2436 802 2482 ουδ’
883 2441 939 2481 εἴ
1004 2455 1063 2491 με
1131 2442 1234 2481 νῦν

419 2491 610 2548 α’φιετε
662 2521 714 2528 --
767 2495 860 2551 τὴν
927 2495 1094 2551 ἀρχήν
1150 2500 1232 2552 —]

420 2551 496 2607 τὴν
518 2549 735 2608 ἆρχὴνθεε
771 2567 1029 2607 prorsus»,
1066 2558 1235 2598 omni-

419 2623 506 2661 no,
586 2612 842 2666 poniturque
913 2626 1086 2666 semper
1158 2615 1235 2663 sic,

418 2673 468 2709 ut
506 2669 756 2723 insequatur
793 2671 978 2722 negatio.
1022 2683 1059 2711 ν.
1094 2670 1231 2711 Her-

420 2738 586 2767 mann.
653 2725 706 2766 ad
759 2725 1024 2778 Sopliocl.
1090 2728 1230 2777 Antia.

418 2797 458 2823 v·
507 2783 578 2827 92.
631 2788 675 2825 et
731 2783 785 2824 ad
845 2783 986 2836 Viger.
1042 2798 1082 2838 p.
1135 2785 1231 2829 723,

423 2840 526 2882 Mox
557 2836 825 2890 ἀποκτεῖναι,
866 2846 914 2881 ut
947 2842 1114 2894 infrap
1160 2843 1230 2886 30.

420 2857 1229 2945 ΟΜΒΕ31ᾸἫ35Α38Ὂ.

419 2955 490 2999 39.
537 2954 586 2996 C.
630 2957 679 2997 D
723 2955 794 3000 41.
836 2954 884 2999 O.
929 2956 1034 2998 Crit.
1079 2972 1118 3009 p.
1158 2939 1227 3003 48.

421 3012 984 3057 G.a1.estsententiis
1016 3015 1227 3058 damna-

419 3082 474 3112 re
508 3072 730 3123 mortis,
767 3082 856 3138 quo
885 3083 1013 3113 sensu
1031 3076 1226 3115 αποκτει-

420 3141 510 3169 νειν
565 3129 723 3183 legitur
780 3128 910 3170 etiam
962 3131 1074 3183 apud
1124 3132 1228 3173 Xe-

419 3186 576 3240 noph.
611 3186 745 3230 Mem.
776 3185 854 3231 lV.
893 3185 934 3238 8,
966 3187 1014 3238 5,
1044 3189 1113 3230 ubi
1145 3203 1226 3244 op-

418 3243 592 3297 ponitur
633 3243 766 3286 verbo
807 3217 1027 3286 ἀπολύειν.
1091 3247 1223 3289 Prae-

417 3306 534 3343 terea
567 3300 753 3343 notanda
791 3306 859 3343 est
908 3303 1072 3370 periodi
1108 3310 1222 3346 stru-

414 3363 550 3402 ctura.
591 3358 704 3402 Nam
738 3359 778 3400 ἰιι
809 3359 968 3427 protasi
1000 3366 1067 3402 ter
1097 3375 1223 3417 repe-

414 3415 535 3457 titum
575 3423 664 3459 est.
696 3415 805 3458 εί-
825 3412 985 3469 ἀφίετε,
1017 3420 1062 3459 εἰ
1072 3433 1142 3469 μοι
1167 3445 1219 3452 -

1316 2268 1368 2310 ad
1402 2266 1452 2309 N.
1489 2266 1535 2311 F.
1569 2266 1739 2320 p..396
1772 2265 1954 2308 Sturz.
1983 2265 2133 2307 Lexic.

1315 2322 2134 2379 Xenoph.111.p.358.Scl·we=gh

1320 2383 1467 2426 Lexic.
1509 2340 1676 2436 Polybp
1709 2397 1748 2436 p.
1789 2380 1887 2425 416.
1929 2383 1985 2422 al.
2044 2379 2134 2422 Nec

1319 2454 1422 2483 vero
1450 2440 1646 2482 inchoata
1671 2453 1750 2494 per
1780 2435 1914 2479 ᾰίετε
1946 2432 2066 2478 ουδ’
2095 2437 2139 2478 εἰ

1320 2503 1539 2538 structura
1586 2497 1850 2546 absolvitur,
1898 2497 1975 2537 secl
2031 2506 2132 2547 pro-

1321 2562 1415 2610 pter
1466 2555 1679 2608 triplicem
1735 2554 1923 2607 protasis
1971 2553 2131 2606 repeti-

1322 2613 1481 2653 tionem
1516 2611 1701 2665 deniqne
1749 2611 2004 2664 relinquitur
2051 2609 2133 2651 im-

1321 2669 1535 2724 perfecta,
1563 2667 1910 2737 quandoquidem
1955 2679 2132 2710 accom-

1320 2727 1497 2768 modnte
1541 2729 1592 2767 ad
1639 2728 1836 2781 proxime
1880 2731 2132 2795 antegressa

1319 2785 1628 2837 subiunguntur
1651 2787 1757 2829 ista·
1780 2779 1934 2834 εἴποιμ’
1962 2779 2015 2824 ἂν
2033 2778 2134 2833 ὑμιν

1321 2843 1401 2883 κτλ.
1392 2874 1425 2892 .,
1480 2855 1591 2895 quae
1645 2843 1863 2884 continent
1903 2839 2128 2895 apodosin.

1319 2901 1406 2940 Cur
1438 2905 1584 2942 autem
1631 2901 1768 2953 primo
1809 2899 1963 2940 dixerit
2003 2899 2048 2938 εἴ
2080 2912 2130 2948 με

1318 2953 1504 3009 ἀφίετε,
1537 2971 1586 2999 ac
1607 2957 1764 2999 deinde
1786 2969 1888 2998 usus
1920 2956 1976 2996 sit
1997 2956 2129 2997 modo

1318 3017 1542 3069 optativo,
1591 3017 1684 3056 eius
1724 3015 1788 3057 rei
1835 3014 1948 3054 ratio
1991 3014 2128 3055 nemi-

1317 3087 1432 3123 nem,
1466 3073 1633 3126 opinor,
1665 3071 1934 3127 praeteribit.

1371 3188 1417 3228 C.
1458 3181 2124 3256 Ἀνύτῳιὶπιστήσαντες]

1310 3240 1539 3295 Ἀπιστεῑν,
1581 3230 1782 3292 ἄπιστος,
1824 3239 2015 3291 ἅπιστια,
2056 3242 2126 3283 di-

1308 3310 1465 3346 cuntur
1495 3316 1585 3345 non
1632 3307 1803 3344 tantum
1836 3302 1890 3341 de
1920 3302 2001 3351 iis,
2047 3302 2124 3353 qui
2157 3335 2158 3358 3

1314 3375 1421 3404 non
1461 3362 1719 3413 credunt,
1759 3360 1998 3413 quinon
2036 3358 2158 3402 lia-l

1309 3422 1439 3462 bent
1468 3420 1634 3462 fidem
1662 3417 2121 3470 aliis,verumetiam
