2158 3718
489 124 998 176 SYMPOSHJM.
1037 141 1088 190 p.
1126 124 1232 173 203
1272 123 1346 175 St.
1670 124 1773 173 129

94 276 304 337 θυσίας
347 275 440 327 καὶ
482 269 583 334 τὰς
622 266 844 332 τελετὰς
882 271 974 325 καὶ
1003 263 1106 332 τὰς
1133 263 1351 337 ἐπῳδὰς
1379 269 1470 320 καὶ
1500 264 1604 333 τὴν
1626 286 1767 337 pean-
1803 272 1908 322 2023

93 361 247 413 τείαν
289 359 479 412 πᾶσαν
521 357 612 409 καὶ
653 357 926 424 γοητείαν.
973 348 1113 416 θεὸς
1154 353 1212 406 δὲ
1254 345 1547 419 ἀνθρώπῳ
1577 350 1644 406 οὐ
1678 355 1767 421 μί·-

93 462 308 512 γνυται,
349 435 496 494 ἀλλὰ
541 434 632 493 διὰ
678 436 879 491 τούτου
922 433 1077 491 πᾶσά
1117 441 1264 491 ἐστιν
1294 432 1342 502 ἡ
1385 431 1572 505 ὁμιλία
1614 437 1707 491 καὶ
1732 432 1767 501 ἡ

93 523 374 588 διάλεκτος
413 526 578 587 θεοῖς
612 518 753 594 πρὸς
772 518 1136 593 ἀνθρώπους,
1177 521 1271 575 καὶ
1311 517 1633 591 ἐγρηγορόσι
1676 521 1770 574 καὶ

91 608 445 664 καθεύδουσι.
490 610 582 661 καὶ
625 604 654 660 ὁ
700 608 801 678 μὲν
846 608 968 679 περὶ
1010 601 1081 659 τοὶ
1140 605 1375 659 τοιαῦτα
1431 600 1606 676 σοφὸς
1650 605 1769 657 δαι-

97 689 292 765 μόνιος
328 688 495 764 ἀνήρ,
538 688 567 746 ὁ
614 693 669 744 δὲ
713 687 852 744 ἄλλο
898 710 952 743 τι
995 683 1170 763 σοφὸς
1211 683 1290 741 ὢν
1331 683 1365 753 ἢ
1414 708 1537 758 περι
1575 691 1768 758 τέχνας

89 773 131 844 ἢ
162 780 508 847 χειρουργίας
551 796 708 838 τινας
748 771 1051 844 βάναυσος.
1098 764 1254 827 οὗτοι
1296 768 1362 839 δὴ
1413 775 1467 826 οἱ
1510 773 1768 840 δαίμονες

93 862 294 916 πολλοὶ
339 862 431 914 καὶ
474 861 826 913 παντοδαποί
860 863 1007 921 εἰσιν,
1050 855 1125 920 εἷς
1170 858 1225 910 δὲ
1268 853 1482 910 τούτων
1521 858 1630 910 ἐστὶ
1673 857 1767 910 καὶ

89 942 120 999 ὁ
155 940 348 1015 Ἔρως.
431 939 668 1014 Πατρὸς
710 944 780 1007 δέ,
824 932 895 1009 ἦν
939 939 987 995 δ’
1038 940 1158 1008 ἐγώ,
1209 943 1359 1003 τίνος
1401 941 1513 993 ἐστὶ
1547 941 1640 993 καὶ
1663 961 1770 1009 μη-

87 1026 252 1102 τρόςς
295 1024 668 1100 Μἀκρότερον
708 1032 834 1096 μέν,
879 1030 1011 1100 ἔφη,
1056 1021 1475 1091 διηγήσασθαι·
1522 1021 1670 1092 ὅμως
1712 1025 1770 1078 δὲ
1818 1034 1860 1083 Β

89 1131 179 1167 σοι
219 1113 343 1184 ἐρῶ.
400 1107 493 1166 ὅτε
534 1107 641 1180 γὰρ
686 1115 896 1177 ἐγένετο
943 1106 977 1175 ἡ
1015 1105 1345 1181 Ἀφροδίτη,
1389 1109 1669 1162 εἱστιῶντο
1714 1110 1773 1162 οἱ

87 1197 249 1261 θεοί,
313 1198 374 1253 οἵ
419 1214 477 1249 τε
519 1188 680 1248 ἄλλοι
723 1196 816 1248 καὶ
852 1190 881 1247 ὁ
926 1194 1026 1260 τῆς
1069 1189 1326 1258 Μήτιόος
1380 1187 1499 1256 υἱὸς
1557 1188 1771 1264 Πόρος.

22 1361 26 1362 ’
90 1359 201 1402 coni.
232 1356 479 1413 Eunai-'7203
504 1373 553 1398 το
590 1359 703 1406 πᾶν,
734 1354 836 1403 (fiete
866 1354 974 1397 αι’τό
1009 1353 1128 1412 αυτῷ
1157 1355 1451 1401 ξινδεὸἐσθαι.

25 1437 28 1439 -
199 1416 252 1458 P.
270 1415 372 1460 203.
422 1432 444 1466 η
476 1414 603 1468 περὶ
633 1413 847 1468 τέχνας]
882 1413 956 1454 Sic
978 1398 1112 1455 Bodl.
1126 1414 1220 1455 Vat.
1236 1412 1287 1456 A.
1310 1413 1442 1455 Coisl.
1461 1411 1568 1455 νειι.
1581 1413 1628 1453 Ξ.
1648 1411 1772 1454 vind.

90 1472 234 1518 12..7
254 1474 355 1516 Par.
370 1471 472 1514 DK.
496 1472 642 1513 Ambr.
662 1471 894 1525 A1ng.u.w
920 1471 1168 1526 Vatnflpr.
1198 1470 1361 1513 Florffa
1377 1471 1419 1512 b.
1435 1471 1566 1511 c.i..n
1627 1470 1775 1523 Lege-

87 1531 214 1573 batur
245 1527 272 1583 ἧ
307 1529 409 1584 περὶ
437 1527 516 1574 τὰς
546 1530 714 1580 τέχιας.
772 1528 879 1569 Mox
910 1528 1040 1568 Coisl.
1070 1529 1144 1568 καὶ
1174 1526 1344 1583 μητρὸς
1372 1528 1489 1573 τίιος
1518 1529 1659 1579 &oum

202 1587 257 1629 Β.
318 1590 611 1629 daumero
642 1586 694 1624 οἱ
726 1585 880 1640 θεοί]
914 1583 1070 1637 ἡστιῶν
1074 1602 1124 1626 το
1157 1585 1284 1627 Bodl
1318 1584 1414 1626 Vat
1439 1583 1491 1628 Δ.

86 1701 156 1755 qui
186 1705 287 1743 ante
321 1699 569 1756 Ξυμπληροῖ
593 1700 722 1743 inseri
752 1699 889 1740 voluit

85 1759 327 1814 nuperrime
351 1757 404 1799 τὰ
428 1757 524 1799 δ’λα.
579 1758 792 1799 Videlicet
810 1756 889 1797 viri

87 1817 236 1870 optimi
276 1816 403 1858 nimis
442 1816 568 1858 anxie
597 1815 777 1857 Ficini
814 1827 890 1854 ve-

87 1874 213 1926 stigia
254 1879 529 1927 presserunt,
576 1874 648 1926 qui
688 1872 792 1914 haec
827 1872 890 1912 ita

86 1930 296 1972 reddidit:
358 1931 412 1972 ln
463 1931 739 1973 amborum
778 1941 890 1970 me-

87 1988 177 2030 dio
208 1990 520 2030 constituta
550 1993 724 2029 totum
751 1999 891 2027 com-

88 2047 228 2100 plet,
273 2050 332 2086 ut
366 2046 683 2086 universum
715 2056 894 2085 secum

90 2104 219 2156 ipso
272 2102 374 2144 tali
420 2103 648 2144 vinculo
698 2113 894 2142 conne-

89 2164 296 2210 ct-atur.
326 2179 383 2190 —-
440 2158 498 2199 τὸ
533 2164 650 2212 πᾶν,
683 2158 894 2200 univer-

89 2230 150 2258 sa
179 2228 364 2258 rerum
397 2222 624 2268 natura,
671 2215 708 2259 h.
744 2228 783 2258 e.
815 2213 894 2255 dii

89 2278 146 2316 et
187 2274 449 2315 homines.
518 2274 586 2315 De
627 2272 806 2326 reipsa
850 2283 917 2311 v.-

0 2375 1 2378 ,
89 2331 352 2372 Creuzer.
386 2331 561 2384 Dionys.
594 2331 627 2372 l.
657 2343 698 2384 p.
719 2328 775 2372 73
799 2341 891 2382 sqq.

0 2417 1 2427 ,
148 2387 202 2429 Ρ.
233 2386 335 2431 203.
393 2388 495 2428 oea
520 2403 539 2435 ς
577 2388 631 2428 δὲ
672 2385 892 2440 ἀνθρώ-

88 2459 162 2497 πῳ
199 2443 261 2486 οὗ
303 2445 602 2499 μίγνυται]
644 2445 754 2485 Sunt
783 2444 896 2485 enlm

89 2502 327 2544 daemones
366 2503 478 2544 inter
508 2502 615 2544 deos
645 2506 782 2554 atque
813 2499 892 2541 ho-

90 2560 228 2602 mines
254 2559 400 2604 medii.
421 2581 477 2591 ·-
519 2560 639 2611 ,καὶ
669 2561 894 2613 ἒνρηνθ-
925 2558 943 2573 “

90 2614 214 2667 ρόσι
255 2616 374 2658 ude&
395 2615 763 2658 κἰἱθεύδουσι.
821 2615 892 2656 ln·-

91 2674 272 2727 geniosa
318 2679 387 2715 est
424 2675 674 2715 coniectura
714 2672 891 2714 Heus-

93 2731 196 2782 dii,
226 2732 297 2784 qni
319 2731 511 2784 Specim.
536 2732 643 2773 Crit.
667 2744 710 2784 p.
733 2730 800 2774 65.
835 2731 896 2770 le·

92 2788 278 2841 gendum
310 2794 481 2830 censet:
511 2787 534 2840 ἦ
569 2787 792 2835 διάλεκτος
814 2790 896 2827 θε-

56 2871 59 2878 ,
94 2849 161 2890 οῖς
191 2845 304 2899 πρὸς
333 2843 596 2896 ἀνθρώπους
619 2845 691 2884 καὶ
720 2841 897 2895 ἀνθρώ-

93 2914 194 2946 ποις
223 2900 333 2954 πρὸς
361 2900 513 2954 θεούς,
543 2901 613 2942 καὶ
641 2899 897 2955 ἐγρηγορόσι

93 2957 165 2998 καὶ
204 2955 485 3001 καθεύδουσι.
563 2958 692 3001 Quod
741 2958 898 3010 legisse

94 3020 171 3057 aut
209 3019 328 3056 certe
374 3019 552 3068 optasse
585 3015 715 3055 etiam
762 3014 896 3054 Pro-

96 3074 178 3114 clu
191 3085 211 3112 s
235 3071 404 3112 videtur
419 3071 710 3112 Commentar.
726 3071 769 3112 in
785 3070 898 3112 Par-

95 3141 209 3171 men.
240 3128 295 3170 T.
324 3129 396 3170 lv.
429 3130 473 3182 p.
506 3127 577 3171 60.
615 3127 683 3170 ed.
720 3126 896 3168 Cousin.

98 3188 358 3240 Quanquam
414 3184 583 3231 defendi
637 3189 785 3238 potest
832 3184 899 3225 le-

99 3244 185 3286 ctio
216 3244 388 3296 vulgata
432 3243 517 3295 ita,
574 3246 622 3282 ut
663 3241 897 3283 verborum

98 3301 462 3342 constructionem
499 3298 692 3339 dicamus
720 3297 898 3340 confor-

99 3363 256 3401 matam
276 3370 376 3400 esse
394 3357 537 3411 potius
558 3355 613 3397 ad
637 3354 896 3398 sententiam

169 3444 281 3485 Plat.
314 3444 430 3497 Opp.
460 3442 555 3486 Vol.
590 3442 620 3484 1.
652 3441 768 3485 Sect.
805 3440 875 3482 lll.

973 1700 1135 1754 ipsam,
1185 1710 1313 1754 quam
1352 1699 1408 1740 ad
1446 1699 1773 1752 grammaticam

973 1756 1252 1801 subtilitatem
1268 1768 1318 1798 ac
1335 1756 1613 1809 diligentiam.
1629 1756 1774 1799 Quum

975 1815 1087 1856 enim
1116 1814 1282 1856 dicatur
1314 1812 1479 1868 ὁμιλεῖν
1508 1829 1595 1853 τινι
1614 1818 1661 1855 et
1678 1813 1775 1854 δια-

974 1872 1184 1925 λέγεσθαί
1220 1885 1328 1922 τινι,
1371 1871 1496 1912 etiam
1535 1869 1686 1924 ὁμιλΙα
1729 1875 1776 1912 et

978 1926 1206 1974 διάλεκτός
1236 1943 1322 1968 τινι
1350 1932 1471 1970 recte
1502 1927 1584 1969 dici
1617 1929 1771 1981 potuit.

975 1987 1036 2028 Et
1080 1997 1213 2039 quum
1261 1990 1390 2026 antea
1434 1997 1520 2026 non
1569 1985 1774 2027 dixissete

979 2043 1096 2085 πᾶσά
1126 2045 1218 2084 ἐστι
1258 2045 1387 2089 θεοῖς
1418 2040 1442 2094 ἡ
1474 2040 1624 2097 ὁμιλία
1652 2042 1723 2095 aql
1749 2041 1773 2094 ἤ

977 2100 1200 2146 διάλεκτος
1231 2098 1511 2155 ἀνθρώποις,
1555 2098 1631 2142 sed
1674 2113 1777 2154 per·

978 2159 1216 2213 spicuitatis
1236 2170 1367 2199 causa
1385 2169 1490 2198 usus
1511 2161 1628 2198 esset
1646 2168 1773 2211 prae-

978 2217 1192 2270 positione
1231 2213 1341 2267 πρὸς
1384 2214 1532 2255 addito
1571 2227 1672 2255 casu
1701 2227 1774 2256 ac-

978 2273 1195 2324 cusativo,
1256 2283 1369 2312 nunc
1424 2271 1480 2313 ad
1537 2272 1775 2325 legitimum

978 2329 1342 2372 constructionem
1392 2334 1641 2380 revertens,
1696 2341 1775 2371 ne-

974 2390 1117 2441 glecta
1137 2386 1417 2440 grammatica
1443 2385 1673 2439 diligentia,
1697 2385 1775 2427 dn-

976 2446 1112 2486 tivum
1162 2450 1262 2497 post
1314 2441 1604 2484 accusativum
1655 2449 1775 2485 recte

976 2501 1134 2543 inferre
1174 2501 1330 2554 potuit.
1388 2501 1594 2542 Ceterum
1633 2497 1776 2542 διάλε-

976 2574 1094 2611 κτος,
1125 2558 1488 2609 colloquium,
1510 2558 1637 2599 etiam
1657 2557 1776 2599 Tbe-

975 2622 1060 2658 aet.
1071 2629 1110 2668 p.
1119 2614 1211 2658 146.
1224 2615 1270 2655 Β.
1293 2615 1480 2669 DeRep
1498 2614 1545 2657 V.
1557 2626 1596 2670 p.
1609 2614 1708 2658 454.
1725 2616 1774 2656 Α.

977 2674 1037 2714 ita
1066 2671 1235 2714 dicitur.

1038 2729 1091 2771 B.
1152 2728 1244 2770 ὅτε
1285 2727 1399 2783 γὰρ
1432 2729 1656 2782 ἐγένετο
1691 2727 1774 2783 -]

979 2787 1143 2829 Multos
1175 2786 1280 2828 llaec
1313 2786 1453 2827 fabula
1487 2786 1571 2826 iam
1604 2785 1779 2838 antiqua

980 2849 1122 2886 aetate
1139 2849 1262 2885 nacta
1277 2849 1344 2885 est
1360 2844 1628 2896 interpretes.
1663 2843 1779 2884 Lau·

982 2901 1086 2942 dant
1135 2899 1420 2942 Plutarch.
1473 2899 1528 2941 de
1582 2899 1681 2943 lsid.
1734 2904 1778 2941 et

982 2956 1774 3012 Osinp.374.csqq.Maxim.Tyr.

981 3017 1037 3056 X.
1055 3015 1151 3069 4.
1160 3016 1291 3061 ..107
1346 3013 1608 3056 Themist.
1656 3013 1778 3053 Orat.

979 3071 1285 3126 xm.p.162.
1309 3072 1361 3115 Β.
1385 3072 1435 3112 C.
1483 3072 1703 3123 Origen.
1737 3081 1776 3109 c.

981 3129 1095 3170 Cels.
1117 3085 1233 3184 lV.p
1239 3127 1363 3175 ..532
1394 3128 1590 3169 Euseb.
1616 3126 1773 3178 Praep.

981 3142 1773 3230 Ev.X11.⁹1'1.Plotin.Enn.1u.

980 3242 1150 3298 lib.5.p
1154 3243 1327 3295 ..p160
1333 3241 1454 3285 .293.
1482 3243 1532 3281 Α.
1557 3238 1773 3292 p.295..c

981 3312 1020 3353 p
1035 3257 1150 3345 296p
1147 3301 1200 3346 F
1223 3314 1264 3359 p.
1272 3298 1370 3344 298
1400 3298 1536 3348 Bsq.q
1558 3309 1599 3348 p
1610 3295 1707 3339 317.
1724 3295 1772 3336 Β.

982 3356 1255 3412 Porplnyr.
1287 3370 1352 3410 ap.
1387 3354 1510 3395 Stob.
1546 3352 1695 3406 Eclog.
1719 3352 1773 3393 T.

1333 3430 1367 3475 9
