2158 3718
332 125 431 176 126

936 121 1410 177 PLATONIS

328 273 511 333 δείσας
569 268 867 334 θάνατον,
922 267 998 340 μὴ
1055 267 1294 323 ὑπείκων
1349 273 1406 324 δὲ
1464 267 1584 340 ἅμα
1641 273 1732 323 καὶ
1787 268 1887 337 ἅμ’
1954 268 2028 325 ἂν

327 351 663 423 ἀπολοίμην.

329 436 528 504 ἀληθῆ
590 441 662 492 δέ.

442 670 550 723 ἅμα
595 671 683 711 καὶ
705 668 808 722 ἅμ’
853 687 914 711 αν
952 670 1302 726 ἀπολοίμην]
1337 673 1408 713 Sic
1439 673 1587 726 optimi
1623 674 1751 714 codd.

733 355 835 422 ἐρῶ
895 355 949 407 δὲ
992 350 1158 450 ὑμτιῖν
1197 350 1437 426 φορτικοὶ
1480 357 1580 424 μὲν
1619 356 1711 408 καὶ
1757 354 2026 419 δικανικοὶ,

745 435 874 504 Ἐγώ
932 459 1066 505 γαρ,
1123 458 1162 489 ιο
1209 434 1408 508 dimoss-
1458 437 1799 508 Ἀθηναῖοι,
1856 434 2028 504 ἄλλην

240 532 289 584 Β
328 524 430 593 μὲν
475 520 652 592 ἀρχὴν
702 519 964 591 οὐδεμίαν
1009 542 1227 575 πωποτε
1272 544 1370 592 ηρ
1350 522 1408 576 *ἴα
1447 529 1503 578 ἐν
1531 525 1593 599 τῆ
1641 521 1812 586 πόλει,
1858 523 2028 592 ἐβού-

1815 674 1902 715 Sed
1934 673 2027 728 ἅμα

327 729 398 768 καὶ
437 727 681 783 ἀπολοίμην
724 729 844 769 Vind.
887 729 926 771 2.
958 729 999 772 3.
1041 729 1158 770 Flor.
1202 731 1242 770 b.
1279 743 1318 772 e.
1351 731 1374 773 i.
1403 729 1542 771 Coisl.
1573 731 1725 782 Angel.
1771 732 1883 773 Ven.
1923 734 2026 776 ΛΞ.

330 787 430 828 Par.
466 787 514 829 E.
550 787 606 827 H.
638 791 680 826 et
713 800 777 839 pr.
809 788 919 828 Ven-
953 787 994 830 6.
1025 787 1123 827 Par.
1165 786 1212 827 Β.
1253 788 1320 828 alii
1358 789 1485 828 etiam
1522 788 1592 827 καὶ
1629 790 1844 832 omittunt
1878 803 1917 832 ν.
1949 804 2026 833 ex-

330 846 494 898 plicatt.
530 845 566 884 H
587 857 769 885 erman
784 858 821 885 n
857 856 994 898 nuper
1030 843 1192 888 edidit:
1224 840 1300 888 v‘n
1334 844 1425 885 ‹53‘
1405 843 1484 898 ἅμ’
1519 844 1571 885 ὃν
1600 861 1639 884 uc
1637 846 1667 884 εὶ
1698 845 1824 888 ainai.

447 901 495 942 Β.
557 905 588 942 ὠ
623 900 812 957 ι”νδρες
840 901 967 957 ’zi-9]
1006 902 1131 944 Bodl.
1163 903 1274 944 Ven.
1307 903 1347 943 b.
1379 902 1507 946 Vind.
1541 904 1582 943 b.
1614 904 1654 946 1.
1684 903 1725 947 4.
1757 904 1876 946 Flor.
1909 905 1950 948 d.
1983 920 2025 959 g.

331 1019 512 1070 legem
544 1017 800 1070 urgebas,
821 1029 906 1069 quo
930 1016 1133 1071 designa-

330 1081 397 1116 tur
438 1074 565 1115 studii
607 1075 842 1115 contentio.
903 1074 1136 1129 Eutliyphr.

332 1147 372 1186 p.
402 1132 475 1176 15.
515 1132 569 1172 D:
610 1132 748 1186 ἄνδρα
781 1131 1026 1185 πρεσβύτην
1048 1150 1139 1186 4τια-

330 1191 433 1243 τέρα
466 1187 702 1231 διωκάθειν
743 1189 880 1243 φόνου
912 1191 1138 1243 aptissime

333 1248 487 1288 dicitnr
534 1247 587 1288 de
643 1261 720 1298 eo,
774 1248 846 1298 qui
894 1249 1047 1301 cupide
1096 1255 1140 1291 et

332 1306 609 1358 pertinaciter
650 1306 758 1359 patri
789 1305 970 1346 intendit
1002 1307 1138 1348 actio-

333 1376 451 1413 nem,
491 1363 631 1414 qualis
673 1363 801 1404 homo
842 1363 899 1403 ibi
932 1363 1138 1404 describi·

333 1426 416 1462 tnr.
493 1420 556 1461 De
601 1421 712 1474 Rep.
767 1420 818 1463 ll.
866 1433 906 1472 p.
946 1420 1046 1465 375.
1092 1424 1140 1462 A.

333 1477 522 1530 ἐλαφρὰν
567 1478 677 1532 πρὸς
727 1478 776 1518 τὸ
821 1478 1140 1533 αἰσθανόμενον

332 1533 591 1586 διωκάθειν,
635 1537 704 1576 ubi
737 1537 850 1577 male
882 1538 1011 1590 vulgo
1044 1534 1140 1577 διιό-

331 1608 431 1636 κειιι.
495 1593 558 1633 Ad
606 1592 713 1634 hunc
755 1596 896 1635 locum
940 1594 1140 1636 conferas

333 1649 491 1703 Soph.
537 1650 648 1691 Oed.
687 1650 742 1692 T.
786 1665 824 1691 r.
865 1650 964 1695 659.
1013 1651 1139 1695 Oed.

335 1708 442 1748 Col·
486 1721 524 1751 v.
570 1709 696 1754 1174.
740 1708 869 1752 1324.
914 1711 1056 1762 Antig.
1099 1723 1139 1751 ν.

334 1766 459 1810 1108.
493 1765 621 1810 1114.
657 1767 723 1809 El.
757 1781 796 1808 v.
818 1767 948 1812 1020.
981 1766 1138 1809 Trach.

334 1838 373 1867 v.
416 1823 571 1875 1193„
610 1826 763 1878 quibus
805 1826 913 1866 locis
948 1823 1140 1865 εἶκοὶθειν

334 1883 559 1935 reperitur,
595 1888 638 1924 et
669 1883 782 1924 Oed.
811 1882 906 1924 Col.
936 1895 974 1925 v,
994 1882 1138 1934 1330,

334 1941 404 1980 ubi
445 1943 589 1981 exstat
634 1938 935 1992 παρεικοῖθειν.
974 1941 1138 1984 Electr.

334 2010 373 2038 v.
405 1996 534 2047 363„
575 2010 660 2050 quo
706 1999 802 2039 loco
844 1999 944 2040 item
982 1999 1139 2050 legitur

331 2053 637 2107 ὑπεικάθοιμι
652 2079 706 2084 —-
740 2055 1140 2097 DeindeFische-

335 2126 425 2154 rus
468 2114 712 2154 rectissime
752 2112 944 2155 defendit
992 2115 1139 2165 vulga·

333 2176 448 2211 tum.
500 2167 559 2224 μὴ
612 2169 792 2210 υπείκων
845 2171 888 2210 δὲ
930 2168 1023 2210 ἆίια
1069 2171 1143 2210 καὶ

332 2223 414 2279 οἶμ’
445 2243 497 2267 αι
525 2226 795 2280 ἆπολοίμηι,
832 2229 911 2277 sic,
945 2233 991 2269 ut
1025 2229 1142 2281 prius

331 2302 423 2338 αμα
456 2284 569 2327 dicat
601 2285 817 2338 pertinere
856 2260 911 2327 ad
939 2284 1142 2335 ὑπείκων,

333 2348 517 2385 alterum
538 2357 641 2385 vero
658 2343 710 2383 ad
722 2341 980 2397 απολοίμην.
1016 2344 1138 2387 Quo—

335 2402 446 2442 circa
485 2398 579 2454 ἅμα
610 2406 729 2442 recte
765 2407 915 2442 censet
944 2402 1139 2453 gemina-

334 2465 421 2499 tum
458 2471 584 2507 esse,
625 2463 671 2499 ut
701 2459 742 2499 in
773 2459 875 2500 illis:
912 2457 1002 2513 ’ἅμ’
1038 2460 1140 2504 ἔπος

333 2513 414 2567 ἅμ’
457 2517 578 2567 ἔργον
611 2522 654 2557 et
687 2529 798 2567 qliae
831 2521 931 2557 sunt
963 2516 1135 2566 similia,

336 2575 391 2614 de
423 2575 583 2626 {uibus
627 2586 664 2613 v.
694 2575 832 2625 intpp.
873 2574 925 2614 ad
963 2573 1137 2624 Virrer.

338 2631 438 2672 VII.
468 2631 520 2680 2,
554 2629 620 2683 7.,
673 2636 716 2671 et
752 2629 994 2683 Xenoph.
1037 2631 1138 2689 Cyr.

334 2685 845 2741 ῙΙῙ.1,15εὸ’ριι,μῆ
880 2687 975 2741 ἅμα
1007 2703 1052 2728 τε
1087 2681 1138 2727 εὖ

334 2743 517 2801 ποιήσῃς
557 2743 628 2785 καὶ
668 2742 760 2798 ἅμα
798 2745 849 2785 ου’
893 2746 1020 2796 φίλον
1069 2759 1139 2783 vo·

335 2805 530 2858 μίσωσιν.
589 2801 804 2844 Nimirum
845 2804 1052 2844 Socrates
1084 2803 1138 2842 si·

335 2862 533 2915 gnificat,
573 2873 701 2900 sese
732 2861 920 2902 statim
955 2866 1010 2900 ut
1042 2872 1140 2900 non

336 2919 828 2970 obtemperaverit
861 2918 1140 2959 voluntati

335 2975 790 3024 Atheniensium,
868 2983 1141 3029 protenus

338 3035 496 3076 etiam
560 3046 687 3074 esse
756 3034 1140 3085 interiturum,

338 3091 375 3135 ln.
410 3105 447 3133 e.
487 3090 602 3132 idem
648 3096 821 3144 tempus
853 3091 946 3133 fore.
979 3092 1042 3131 sni
1076 3092 1137 3132 in·

335 3149 514 3196 teritus,
556 3161 642 3201 qno
683 3148 765 3189 illis
805 3161 888 3189 non
921 3149 975 3190 sit
1006 3149 1140 3190 mori-

335 3213 579 3259 geraturus.
650 3206 746 3247 Hoc
786 3207 856 3259 qui
900 3220 984 3248 non
1033 3207 1139 3247 satis

336 3269 653 3319 perspexerunt
700 3264 857 3314 critici,
915 3265 942 3305 ii
994 3266 1137 3306 locum

335 3329 502 3364 temere
535 3322 887 3363 sollicitaverunt.

393 3378 628 3436 φορτικὰ
669 3379 764 3432 μὲν
802 3379 891 3421 καὶ
923 3378 1139 3420 δικανι-

1223 1015 1309 1071 κά]
1361 1015 1555 1070 ‘Domina'
1597 1024 1696 1059 sunt
1735 1021 1927 1071 gravia
1983 1025 2028 1062 et

1226 1075 1481 1131 molesta3
1514 1073 1669 1116 deinde
1699 1083 2026 1126 arrooanter

1226 1133 1397 1183 dicta,
1441 1108 1488 1173 u²t
1529 1145 1638 1185 quae
1681 1133 1772 1176 fere
1803 1136 1900 1176 aliis
1931 1149 2026 1178 mo—

1226 1192 1335 1232 lesia
1376 1196 1487 1231 sunt.
1537 1191 1875 1244 Hesychius:
1916 1208 2026 1247 φορ-

1225 1246 1347 1288 τικά·
1378 1247 1430 1288 τὰ
1462 1247 1623 1302 γελοῖα.
1645 1273 1698 1279 —
1732 1250 1853 1293 Δικι
1839 1250 2027 1296 arande

1228 1312 1295 1346 est
1353 1306 1720 1357 dicentarius‚
1783 1314 1830 1349 nt
1875 1310 2025 1350 Gloss.

1223 1368 1331 1405 vett.
1373 1364 1710 1415 interpretantur
1724 1396 1736 1415 ,
1779 1380 1802 1407 c
1816 1379 1837 1406 a
1851 1379 1879 1407 u
1890 1379 1910 1405 s
1923 1380 1934 1406 ι
1924 1367 1997 1408 '·‹l
1986 1380 2024 1407 ι-

1226 1433 1339 1462 cuS.
1415 1422 1629 1464 Quoniam
1671 1436 1774 1464 vero
1824 1424 2027 1465 causidici

1225 1491 1315 1519 rem
1375 1491 1558 1532 augere,
1607 1492 1848 1531 exornare,
1897 1483 2024 1523 etiam

1226 1537 1463 1578 insolenter
1513 1535 1660 1578 dicere
1708 1541 1877 1590 solent,
1934 1539 2028 1580 hinc

1226 1594 1390 1636 factum
1440 1601 1531 1644 est,
1579 1598 1628 1635 nt
1672 1595 1863 1636 δικηνικὰ
1912 1597 2028 1638 dice-

1227 1657 1374 1694 rentur
1445 1658 1642 1704 argute
1706 1658 1760 1694 et
1826 1655 2029 1697 callide

1227 1715 1524 1759 exornata,
1558 1711 1780 1751 auribus
1814 1714 2028 1763 gravia,

1223 1768 1546 1818 insolentia,
1580 1773 1629 1808 ut
1655 1768 1837 1813 Tlicaet.
1871 1784 1912 1824 ρ.
1931 1769 2029 1815 128.

1225 1825 1274 1866 Ε.
1309 1826 1533 1867 Lucian.
1567 1826 1715 1870 Somn
1751 1828 1820 1870 17.
1857 1829 1916 1869 ὥς
1943 1845 2029 1880 μα-

1223 1881 1327 1934 κρὰν
1357 1882 1406 1923 τὸ
1446 1881 1647 1923 ἐνύπνιον
1686 1884 1757 1924 καὶ
1797 1885 2029 1929 δικανικόν,

1226 1941 1366 1992 Vulgo
1407 1946 1580 1982 vertunt
1620 1942 1912 1993 forensia,
1955 1944 2030 1984 iu-

1225 1998 1483 2039 diciaria:
1519 2001 1610 2039 sine
1644 2012 1785 2042 sensu.
1849 2001 2031 2042 Praeter

1225 2061 1387 2097 rectam
1435 2056 1640 2098 rationem
1684 2057 2030 2099 Hermannus

1226 2113 1280 2155 de
1319 2114 1563 2154 coniectura
1613 2127 1688 2155 sua
1741 2117 1911 2169 scripsit
1958 2117 2031 2156 καὶ

1227 2170 1285 2211 οὔ
1319 2169 1525 2212 δι-κανικᾰ.

1313 2229 1365 2269 Β.
1433 2226 1611 2279 αρχῆν
1659 2228 1933 2283 σι’δεμίαν
1975 2255 2030 2262 -

1229 2280 1325 2338 ιῖρ
1311 2286 1386 2339 α]
1422 2285 1458 2329 Ιι.
1494 2289 1517 2329 Ι.
1552 2289 1757 2329 nullum
1788 2301 2029 2356 iiiiqiiam

1229 2345 1614 2396 magistratum
1649 2347 1812 2394 cressi.
1830 2370 1882 2375 --
1905 2348 2030 2394 Dein-

1229 2401 1282 2442 de
1314 2404 1417 2454 βου
1410 2400 1612 2441 λειίειν
1651 2403 1865 2453 significat
1909 2418 2031 2446 esse

1228 2459 1291 2499 de
1340 2464 1538 2500 senatu
1587 2460 2029 2513 quingentorum,

1227 2520 1274 2556 ut
1303 2529 1432 2568 saepe
1463 2518 1581 2556 alias.
1646 2516 1707 2557 Ex
1740 2516 1802 2558 liis
1823 2519 2030 2571 quingen-

1226 2574 1283 2614 tis
1327 2574 1582 2625 legebantur
1631 2575 2030 2629 quinquageni,

1226 2631 1296 2683 qui
1347 2632 1515 2671 senatui
1569 2644 1646 2681 per
1693 2632 1877 2674 XXXV.
1936 2634 2031 2676 dies

1224 2694 1503 2742 praeessent:
1565 2688 1635 2741 qui
1696 2690 1866 2742 quidem
1928 2691 2030 2733 dicti

1225 2750 1327 2787 sunt
1357 2744 1598 2799 πρυτάνεις.
1659 2746 1722 2788 Ex
1767 2747 1917 2790 luorum
1952 2762 2030 2790 au-

1225 2809 1312 2845 tem
1349 2816 1527 2844 nurnero
1547 2816 1694 2844 rursus
1716 2805 1894 2859 singulis
1926 2805 2031 2849 lieb-

1226 2861 1485 2902 domadibns
1526 2861 1758 2904 decemviri
1803 2869 1922 2905 sorte
1972 2866 2030 2906 le-

1225 2919 1458 2972 gebantur.
1509 2920 1577 2972 qni
1625 2920 1921 2970 praesiderent
1960 2935 2028 2962 se-

1225 2977 1358 3017 natui.
1424 2977 1479 3018 Hi
1527 2977 1778 3020 dicebantur
1807 2977 2030 3034 πρόεδροι,

1229 3047 1466 3086 eorumque
1510 3036 1710 3089 princeps
1751 3038 1815 3078 rel
1847 3036 2031 3077 ernam?-

1227 3107 1304 3143 της
1334 3095 1400 3133 vel
1434 3091 1664 3144 ἐπιστάτης
1689 3098 1772 3134 τῶν
1792 3094 2028 3149 προέδρων,

1229 3154 1276 3190 nt
1305 3163 1374 3201 ap.
1418 3150 1668 3191 Aeschin.
1709 3150 1804 3191 adv.
1839 3151 2030 3205 Ctesipli.

1228 3221 1267 3260 p-
1306 3207 1405 3250 380.
1449 3207 1501 3251 T.
1543 3208 1630 3257 IL,
1682 3211 1744 3249 vel
1796 3208 2032 3261 ἐπιστάτης

1226 3267 1270 3304 ἰν
1301 3269 1363 3319 τῷ
1395 3264 1537 3319 δήμῳ,
1571 3266 1876 3319 utXenoph.
1896 3265 2029 3308 Mem.

1227 3322 1264 3363 I.
1296 3322 1345 3375 1,
1378 3323 1474 3375 18.,
1508 3324 1572 3364 vel
1603 3322 1835 3374 ἐπιστάτης
1864 3325 1906 3363 ἐν
1937 3329 2032 3370 ταῖς
2086 3323 2089 3324 ’

1226 3382 1481 3434 ἐκκλησίαις,
1514 3387 1561 3422 ut
1593 3381 1776 3423 Memor.
1808 3381 1883 3421 IV.
1916 3380 1957 3432 4,
1989 3383 2029 3424 2.
