2222 3762
285 145 682 200 PLATONIS
723 143 1203 200 APOLOGIAM
1244 143 1653 202 SOCRATIS.
1758 151 1824 201 39

126 289 258 358 quia
301 289 572 341 miseriam
622 288 860 359 civitatis
911 287 1106 340 studiis
1167 287 1527 342 democratiae
1590 290 1646 342 in
1707 291 1842 352 diesv

124 361 297 431 magis
357 355 628 430 adaugeri*
686 375 796 412 non
857 360 972 411 sine
1047 358 1232 411 dolore
1306 359 1820 416 animadverterunt.

125 431 283 499 Quae
333 431 553 500 quidem
603 430 783 482 omnia
843 430 889 483 si
938 430 1291 500 probabiliter
1342 439 1472 484 sunt
1522 431 1820 503 disputata,

123 510 269 555 certe
305 511 501 573 sponte
534 502 872 555 intellectum
910 502 977 553 iri
1014 501 1368 569 arbitramur,
1422 504 1517 571 qui
1566 504 1686 557 fieri
1721 524 1820 574 po-

123 573 319 641 tuerit,
375 581 437 626 ut
478 573 638 626 Plato
685 573 822 644 ipsis
872 572 1206 642 temporibus
1257 572 1328 624 ad
1367 574 1691 644 capiendum
1728 596 1820 629 ex-

121 642 568 714 sequendumque
620 645 907 697 consilium
954 643 1091 696 illud
1138 644 1485 712 invitaretur,
1542 646 1694 717 quod
1753 648 1820 700 ab

121 734 186 768 eo
235 715 512 787 Apologia
562 714 805 769 Socratis
861 714 1150 769 scribenda
1198 723 1513 786 susceptum
1561 725 1616 770 et
1665 737 1820 790 pera-

120 795 268 840 ctum
304 803 424 840 esse
460 787 835 840 iudicavimus.

179 889 183 899 “
260 887 483 946 Certum
523 900 605 946 est
642 892 813 964 igitur
841 900 904 955 ,et
942 893 1311 963 exploratum,
1365 893 1432 946 de
1482 915 1591 964 quo
1634 895 1820 949 hacte-

118 984 220 1026 nus
240 964 610 1046 exposuimuS,
651 983 916 1017 summum
949 963 1334 1034 philosophum
1372 965 1428 1017 in
1467 965 1678 1019 edendo
1717 967 1820 1020 hoc

119 1031 448 1104 defensionis
492 1035 680 1088 ⁴libello
728 1032 786 1086 id
841 1053 1010 1086 unum
1055 1035 1286 1087 maxime
1335 1036 1706 1105 spectavisse,
1759 1046 1820 1090 ut

119 1103 362 1173 Socratis
400 1126 583 1158 coram
621 1103 896 1162 iudicibus
937 1124 1186 1159 caussam
1223 1124 1377 1170 suam
1429 1107 1636 1161 orantis
1686 1109 1817 1161 ima-

115 1169 497 1250 ginemquam
532 1178 760 1247 maxime
799 1176 966 1229 fidam
1005 1175 1315 1245 exhiberet,
1376 1177 1526 1231 unde
1565 1186 1677 1231 tam
1715 1179 1817 1233 viri

115 1246 304 1319 studia
348 1268 510 1319 quam
574 1245 763 1301 iudicii
826 1246 892 1300 de
940 1252 1032 1300 reo
1099 1248 1232 1300 facti
1291 1249 1531 1303 rationes
1599 1250 1814 1322 plenius

115 1327 609 1392 cognoscerentur,
674 1325 752 1371 et·
783 1338 922 1387 quae
970 1319 1077 1389 ipsi
1121 1320 1251 1372 'cum
1299 1321 1652 1393 popularibus
1703 1323 1814 1376 suis

98 1390 517 1461 intercessisset
553 1389 898 1444 necessitudo
936 1391 1246 1459 ⁶accuratius
1285 1392 1704 1466 perspiceretur.

257 1499 443 1566 Atque
482 1497 634 1550 haec
654 1498 700 1550 si
728 1516 853 1549 vere
884 1516 916 1549 a
940 1497 1403 1568 nobisfidisputata
1426 1506 1570 1567 sunt,
1612 1509 1812 1570 sponte

115 1569 278 1621 etiam
316 1569 686 1640 appariturum
722 1587 840 1621 esse
879 1568 1277 1637 existimamus,
1333 1569 1467 1638 quid
1504 1569 1573 1623 de
1612 1572 1813 1625 oratio-

116 1641 200 1693 nis
260 1638 576 1693 Socraticae
626 1639 830 1691 'forma
885 1646 1048 1708 atque
1123 1642 1517 1711 compositione
1583 1642 1811 1696 iudicari

114 1718 380 1782 oporteat.
457 1710 676 1782 Quippe
715 1710 1077 1781 philosophus
1115 1711 1242 1764 dum
1280 1712 1468 1764 retulit
1514 1715 1813 1768 orationem

114 1782 360 1837 Socratis
416 1783 522 1850 sic,
589 1791 650 1835 ut
706 1801 878 1853 prope
942 1784 1120 1853 ipsum
1178 1784 1479 1854 sapientem
1537 1784 1809 1839 dicentem

113 1853 299 1906 audire
334 1854 643 1921 videamur,
684 1873 793 1905 una
830 1853 1127 1923 eademque
1167 1874 1332 1926 opera
1370 1856 1532 1908 etiam
1571 1859 1809 1926 speciem

113 1924 384 1994 quemdam
436 1925 648 1979 effinxit
686 1925 802 1978 eius
841 1925 1212 1994 eloquentiae,
1266 1946 1405 1995 quae
1457 1927 1673 1980 homine
1725 1949 1810 1982 sa-

111 1996 364 2067 pientiae
396 1997 643 2050 studioso
692 1996 851 2049 unice
904 1996 1072 2068 digna
1122 1997 1413 2050 videretur.
1491 1998 1651 2066 Quae
1692 2001 1808 2069 qui-

113 2068 236 2121 dem
275 2069 451 2136 qualis
491 2068 592 2135 sit,
632 2068 816 2121 statim
855 2068 909 2119 in
948 2068 1067 2138 ipso
1105 2068 1275 2121 libelli
1311 2069 1467 2122 initio
1509 2071 1641 2123 satis
1683 2092 1808 2141 per-

111 2140 301 2210 spicue>
348 2139 703 2208 significatur.
792 2142 1117 2209 Arguuntur
1164 2140 1304 2191 enim
1362 2141 1438 2193 ibi
1509 2141 1807 2195 adversarii

111 2210 397 2277 vanitatis,
458 2229 598 2278 quae
662 2210 905 2261 veritatis
968 2210 1210 2261 rationes
1274 2211 1466 2263 callide
1513 2221 1804 2282 pervertat,

112 2280 395 2334 Tribuitur
428 2280 536 2333 illis
573 2299 735 2349 porro
777 2280 950 2332 oratio
989 2280 1275 2332 verborum
1314 2301 1376 2334 ac
1416 2285 1807 2336 sententiarum

111 2359 393 2405 venustate
425 2351 719 2422 splendens
758 2359 813 2402 et
849 2351 1090 2403 artificiis
1131 2353 1381 2406 oratoriis
1418 2354 1804 2424 calamistrata,

113 2443 252 2493 quae
279 2431 462 2475 careat
489 2422 851 2493 simplicitatis
880 2421 1365 2475 commendatione.
1398 2425 1655 2493 Denique
1682 2447 1805 2496 pro-

110 2494 392 2564 prium·iis
429 2494 737 2564 assignatur
776 2512 948 2564 genus
988 2492 1206 2546 dicendi
1228 2494 1502 2564 iudiciale,
1544 2515 1651 2565 quo
1691 2505 1804 2549 tum

110 2566 402 2619 utebantur
437 2566 547 2618 fere
586 2565 896 2635 litigantes,
950 2572 1012 2616 ut
1047 2564 1124 2616 illi
1163 2565 1450 2619 videantur
1486 2568 1646 2638 plane
1686 2588 1805 2622 sese

109 2637 482 2708 composuisse
529 2636 597 2688 ad
646 2655 768 2688 eum
805 2654 1040 2703 morem,
1090 2637 1183 2704 qui
1232 2637 1287 2688 in
1330 2638 1543 2692 iudiciis
1583 2647 1638 2691 et
1675 2660 1803 2692 con-

111 2707 364 2760 ventibus
414 2708 648 2777 publicis
696 2726 924 2778 regnare
980 2716 1267 2776 coeperat,
1333 2729 1399 2761 ex
1457 2730 1563 2779 quo
1616 2709 1804 2764 Sicula

110 2779 419 2848 eloquentia
455 2779 690 2831 Athenis
746 2778 813 2830 ad
853 2796 1115 2831 summum
1153 2778 1411 2832 honorem
1447 2782 1801 2851 pervenisset.

110 2851 266 2904 Haec
303 2851 484 2902 omnia
535 2870 664 2903 vero
703 2848 966 2904 Socrates.
1009 2850 1151 2902 ultro
1192 2852 1477 2920 profitetur
1516 2853 1619 2906 sibi
1657 2853 1805 2906 nulla

110 2941 178 2974 ex
214 2929 368 2991 parte
390 2921 626 2993 probari.
679 2920 954 2987 Quocirca
979 2921 1324 2974 manifestum
1348 2931 1447 2991 est,
1490 2923 1803 2978 Socraticae

113 2993 369 3045 orationis
408 2992 660 3061 virtutem
697 2992 752 3044 in
793 3009 856 3043 co
895 2991 1015 3061 ipso
1079 2992 1272 3045 ositam
1296 3013 1434 3062 esse,
1474 3003 1535 3047 ut
1570 3000 1802 3065 primum

112 3063 329 3132 quidem
368 3064 551 3133 specie
575 3063 663 3115 vel
685 3063 870 3132 potius
896 3063 1015 3114 srau
1059 3081 1087 3114 e
1119 3065 1355 3116 oratoria
1380 3074 1589 3118 remota
1624 3067 1802 3119 omnia

112 3134 421 3187 tribua-ntur
471 3134 652 3188 studio
700 3134 974 3195 veritatis;
1041 3133 1233 3186 deinde
1289 3137 1487 3205 spretis
1542 3138 1802 3190 orationis

113 3206 443 3258 ornamentis
505 3206 720 3258 nativae
780 3203 999 3256 dicendi
1059 3205 1392 3275 simplicitati
1451 3207 1605 3260 locus
1668 3228 1799 3261 suus

112 3276 472 3340 concedatur3
523 3277 758 3345 denique
807 3294 905 3346 pro
954 3273 1195 3328 iudiciali
1242 3276 1458 3330 dicendi
1506 3298 1702 3351 genere
1752 3280 1798 3331 is

114 3367 290 3401 sermo
319 3347 668 3415 adhibeatur,
710 3347 802 3417 qui
843 3345 1147 3399 disserendi
1171 3355 1224 3401 et
1249 3350 1633 3403 confabulandi
1670 3369 1798 3403 con-
