2158 3718
370 142 442 192 34
1005 138 1424 191 PLATONlS

377 281 500 342 οὐτ’
555 307 630 340 av
674 282 793 355 ἐγὼ
821 283 857 339 ἃ
913 291 1119 346 ἐκεῖνος
1161 285 1305 354 ἔλεγε
1346 281 1566 339 πάντα·
1635 282 1673 339 ἃ
1719 288 1776 341 δὲ
1829 284 2071 358 μάλιστα
2126 293 2146 313 “

378 373 472 426 καὶ
532 361 611 426 ὧν
654 371 801 435 ἔδοξέ
855 390 951 440 μοι
1009 365 1516 439 ἀξιομνημόνευτον
1573 367 1817 448 [εἶναι],
1864 367 2076 426 τούτων

382 453 514 527 ὑμῖν
557 457 657 528 ἐρῶ
702 452 938 508 ἑκαστον
982 447 1082 506 τὸν
1126 449 1312 521 λόγον.
2155 433 2158 511 1

496 535 654 614 Cap.
699 534 806 591 Vl.
895 538 1136 606 Πρῶτον
1191 539 1292 606 μὲν
1345 534 1483 608 γάρ,
1545 534 1719 610 ὥςπερ
1762 542 1928 610 λέγω,
1974 542 2078 613 ἔφη
2157 529 2158 550 ³

393 625 678 692 Φαῖδρον,
723 618 1038 692 ἀρξάμενον
1073 622 1300 675 ἐνθένδε
1344 625 1559 687 ποθ-ἐν,
1619 625 1817 692 λέγειν,
1859 619 1948 678 ὅτι
1990 630 2082 696 μὲ-

389 729 493 778 γας
537 702 680 768 θεὸς
724 703 805 771 εἰἠ
850 702 879 760 ὁ
912 700 1090 776 ’Ἔρως
1129 705 1222 758 καὶ
1264 702 1604 776 θαυμαστὸς
1648 712 1707 762 ὲν
1749 705 2083 779 ἀνθρώποις

391 812 448 845 τε
493 791 586 844 καὶ
632 793 826 853 θεοῖς,
870 790 1121 865 πολλαχῆ
1163 791 1263 860 μὲν
1307 792 1398 844 καὶ
1441 787 1598 868 ἄλλῃ,
1643 813 1743 862 ουχ
1783 788 1981 859 ήκιστα
2018 795 2082 848 δὲ

301 879 342 927 Β
392 870 537 930 κατὰ
581 870 687 941 τὴν
725 880 950 942 γένεσιν.
1044 871 1121 927 Τὸ
1167 868 1276 947 ,ἀρ
1322 879 1381 928 ἐν
1425 883 1545 938 τοῖς
1590 873 1970 948 πρεσβύτατον
2015 876 2087 932 εἶ-

472 1063 1038 1120 ,ἀξιομνημόνευτον
1077 1065 1147 1104 [εἴ
1160 1064 1299 1119 ναι]]
1340 1063 1673 1120 αξιομιημόνειν
1711 1065 1812 1110 Par.
1852 1065 1955 1110 DK
1990 1066 2086 1108 vat.

393 1139 435 1179 p.
469 1124 607 1166 vatic.
644 1123 863 1166 Creuzeri
913 1123 959 1163 ln
993 1109 1119 1165 Boiu.
1155 1122 1289 1164 Coisl.
1323 1122 1416 1163 vat.
1453 1120 1505 1165 A.
1538 1123 1639 1164 Par.
1671 1122 1767 1166 EF.
1801 1125 1946 1167 Ambr.
1977 1125 2084 1176 Ang-

397 1195 438 1223 u.
470 1195 521 1222 W.
554 1182 649 1223 Vat.
681 1193 722 1223 ιι.
755 1194 776 1222 r
825 1194 857 1220 s.
884 1180 988 1222 Ven
1021 1185 1052 1221 t
1080 1184 1147 1220 est
1187 1179 1236 1219 ἅ
1219 1181 1331 1232 ζιομ
1333 1178 1581 1234 ημόνευντο
1585 1212 1597 1233 ,
1630 1180 1746 1234 quod
1774 1194 1936 1224 verum.
1970 1181 2087 1223 Vett.

398 1238 519 1283 editt.
558 1238 722 1279 habent
747 1235 1174 1291 αξιομιημοιεότων,
1214 1237 1339 1278 sicuti
1384 1237 1424 1278 in
1462 1238 1584 1282 Bodl
1627 1238 1966 1310 superscriptum
2010 1251 2089 1280 ex-

403 1301 504 1338 stat.
561 1295 609 1338 ld
642 1297 753 1337 male
785 1295 976 1337 defendit
1002 1295 1223 1338 Hommel.
1274 1294 1381 1336 Nam
1405 1295 1484 1336 etsi
1513 1296 1742 1348 genitivum
1777 1308 1872 1337 cum
1895 1312 1954 1336 ων
1984 1309 2090 1336 con·

400 1354 582 1405 innuere
603 1354 768 1405 liceat,
817 1359 961 1394 tamen
1003 1365 1134 1405 quum
1177 1364 1259 1393 nou
1291 1352 1374 1404 ipsi
1405 1358 1630 1404 oratores,
1671 1352 1749 1393 sed
1787 1348 2090 1395 tantummodo

403 1411 618 1453 orationes
650 1411 793 1452 vocari
831 1410 999 1464 possint
1028 1408 1052 1449 (Ξ
1059 1407 1436 1463 Ξιομιημόνειτοι,
1477 1423 1570 1451 eam
1614 1410 1843 1452 lectionem
1888 1411 2088 1453 vitiosam

404 1481 502 1510 esse
533 1473 726 1523 apparet.
787 1470 831 1511 In
865 1467 1134 1508 Bod1.v.at
1177 1466 1229 1508 A.
1277 1466 1382 1509 ven.
1435 1466 1464 1495 '·'‘
1513 1466 1638 1521 Vind.
1682 1465 1723 1510 2.
1759 1468 1865 1521 Aug.
1897 1481 1948 1511 w
1981 1467 2093 1510 εἶναι

405 1524 691 1567 desideratur.
751 1525 887 1579 Igitur
918 1524 1039 1566 uncis
1069 1524 1239 1566 seclusi.
1302 1522 1413 1565 Nam
1454 1528 1500 1565 et
1529 1529 1648 1566 recte
1678 1524 1834 1577 abesse
1864 1529 2039 1580 potest
2045 1531 2090 1569 et

402 1583 665 1638 optimorum
698 1582 902 1625 librorum
935 1581 1183 1623 destituitur
1213 1581 1482 1622 auctoritate.

521 1641 571 1683 B.
629 1641 682 1680 ἐν
725 1645 842 1687 τοῖς
881 1637 1266 1695 πρεσβύτατον
1307 1651 1350 1678 ει
1363 1654 1452 1678 ναι
1482 1643 1582 1679 τῶν
1613 1642 1785 1690 θεῶν]
1818 1638 1931 1682 veit.
1957 1639 2088 1683 editt.

400 1695 730 1754 πρεσβυτάτοις,
761 1697 879 1750 quod
911 1711 934 1739 e
970 1697 1092 1738 Bodl.
1125 1696 1221 1736 vat.
1252 1693 1304 1736 A.
1341 1695 1462 1737 Vind.
1491 1697 1528 1740 1.
1561 1696 1604 1741 2
1635 1696 1678 1750 7,
1710 1697 1811 1739 Par.
1844 1697 1945 1752 DK.
1981 1701 2090 1752 Angr,

402 1770 454 1798 w.
488 1756 583 1798 Vat.
613 1769 654 1809 p.
684 1756 879 1797 Stobaeo
911 1754 1089 1807 Eclogg.
1113 1752 1243 1805 Phys.
1263 1767 1306 1807 p.
1335 1752 1432 1796 154.
1457 1758 1706 1796 mutatum.
1705 1754 1833 1796 Pro
1855 1758 1937 1796 τῶν
1961 1757 2094 1808 θεῶν,

401 1812 518 1866 quod
559 1817 783 1865 tenemus,
826 1812 895 1853 alii
938 1825 991 1853 ex
1036 1811 1137 1853 Par.
1177 1811 1279 1852 DK.
1324 1811 1472 1853 Ambr.
1513 1811 1611 1854 vat.
1654 1825 1688 1853 r.
1734 1825 1775 1866 p.
1817 1811 1940 1856 Vind.
1983 1816 2020 1858 1.
2052 1813 2094 1856 7.

404 1871 506 1912 Vat-
542 1871 697 1912 Creuz.
732 1868 945 1911 dederunt
975 1865 1054 1910 τὸν
1087 1867 1210 1910 θεόν.
1269 1868 1356 1910 Pro
1378 1870 1522 1920 τίμιον
1555 1862 1583 1927 ἤ
1615 1867 1662 1910 δ’
1702 1885 1751 1915 ος
1770 1869 2035 1912 Stobaeusl
2056 1883 2095 1913 c.

403 1926 549 1983 τίμιον
578 1927 708 1975 εἶδος.
771 1926 876 1971 lude
911 1927 1154 1968 Creuzerus
1197 1925 1253 1968 ad
1295 1926 1453 1968 Plotin.
1491 1927 1518 1968 Ι.
1552 1939 1591 1968 c.
1632 1924 1817 1980 eleganti
1848 1928 2099 1970 coniectura

462 2067 491 2111 ἃ
522 2070 583 2112 δέ
606 2066 850 2124 μάλιστα
878 2092 935 2100 --
959 2085 1018 2112 α
1003 2067 1215 2122 '‘cogamq-

403 2127 694 2184 μόνευτον
733 2141 780 2167 ει
767 2125 907 2182 ναι]
943 2124 1073 2169 Quod
1106 2138 1217 2166 nunc

408 2185 664 2229 reduximus
723 2183 898 2226 tandem
947 2182 972 2224 ἆ
979 2182 1216 2251 Ξιομινημό-

406 2258 588 2294 νευινον·9
621 2243 664 2284 id
701 2247 914 2284 mutatum
955 2241 1008 2283 ab
1050 2241 1099 2282 iis
1131 2245 1214 2292 est,

408 2302 482 2355 qui
513 2273 759 2342 structurae
789 2312 925 2354 genus
952 2311 1036 2340 non
1067 2311 1177 2351 cogi.
1181 2299 1215 2338 i-

408 2364 502 2401 tum
533 2358 749 2401 haberent.
823 2357 905 2398 Est
933 2369 1036 2398 vero
1067 2353 1094 2396 ἃ
1125 2355 1215 2401 ἀξι-

410 2413 738 2470 ομτημόνευτον
780 2414 940 2456 dictum
984 2418 1033 2454 ut
1074 2418 1219 2454 ταῦτα

409 2473 654 2525 ἀδύνατον,
692 2472 747 2514 de
778 2485 862 2525 qua
895 2470 1097 2526 loquendi
1129 2470 1219 2511 for-

409 2545 480 2574 ma
520 2543 561 2574 v.
601 2534 711 2572 Ast.
747 2530 802 2571 ad
845 2529 981 2582 legg.
1028 2542 1068 2582 p.
1105 2528 1218 2579 177..

409 2589 451 2630 id
482 2587 600 2642 quod
632 2591 756 2629 recto
796 2586 956 2628 iudicio
998 2586 1220 2640 perspexit

411 2602 744 2696 Beqrnhardy
793 2644 976 2699 Syntax.
1037 2657 1078 2696 p.
1118 2641 1215 2685 336

411 2701 606 2755 Pergere
669 2702 974 2742 Aristodemus
1046 2703 1219 2752 poterat

413 2759 498 2799 sic·
539 2757 609 2797 καὶ
645 2760 703 2798 ὡν
742 2757 860 2801 ἔδοξέ
907 2770 988 2824 μοι
1025 2754 1217 2808 μάλιστα

412 2813 806 2883 ἆξιομνημόνειίτος
859 2810 882 2851 o‘
929 2809 1086 2864 λόγοςς
1137 2811 1218 2852 sed

412 2872 654 2940 praemisso
691 2867 722 2910 ἃ
763 2869 870 2910 dixit
908 2869 1054 2922 potius
1097 2867 1147 2912 οι>
1133 2879 1218 2908 ιο-

410 2927 726 2985 μνημόνευτον.
802 2925 926 2967 Unde
981 2925 1218 2979 repetenda

415 2991 485 3029 est
503 2990 750 3028 structurae
783 2983 947 3037 periodi
972 2983 1215 3025 insolentia.

473 3041 701 3098 Πρῶτον
742 3043 832 3094 μὲν
861 3039 985 3094 γάρ]
1047 3040 1220 3083 Laudat

414 3099 651 3144 Phaedrus
671 3103 877 3140 Amorem
902 3111 926 3138 a
949 3099 1120 3151 generis
1141 3111 1220 3139 an·-

415 3158 611 3212 tiquitate
641 3162 686 3199 et
716 3155 858 3198 multis
891 3169 943 3196 ex
977 3161 1126 3198 vetere
1157 3155 1220 3198 ΙΙΙ-

417 3216 551 3258 storia
592 3213 823 3270 propositis
874 3213 1080 3266 exemplis
1120 3226 1221 3267 pro-

415 3274 491 3315 bat
523 3272 702 3315 divinam
735 3271 828 3313 eius
859 3276 902 3310 et
927 3283 1102 3323 prorsus
1134 3272 1221 3311 sin-

415 3333 610 3384 gularem
668 3331 767 3373 esse
832 3327 915 3368 vim
969 3327 1009 3367 iu
1069 3329 1223 3369 animis

417 3387 634 3432 hominum
685 3387 738 3429 ad
793 3396 964 3427 omnem
1023 3384 1222 3426 virtutem

1301 2066 1544 2109 incitandis.
1585 2067 1726 2109 Docet
1758 2072 1981 2122 praeterea
2005 2082 2098 2120 eos,

1299 2125 1368 2178 qui
1409 2125 1558 2166 Amori
1601 2137 1649 2166 se
1700 2137 1875 2179 prorsus
1922 2125 2102 2168 dedide-

1301 2184 1407 2234 rint,
1462 2182 1662 2224 maximis
1711 2182 1914 2236 praemiis
1954 2196 1979 2224 a
2023 2183 2104 2224 diis

1301 2253 1400 2281 esse
1450 2240 1636 2282 affectos
1689 2245 1734 2280 et
1777 2245 1967 2282 ornatos.
2038 2241 2104 2282 De

1299 2297 1441 2338 forma
1482 2296 1603 2338 huius
1645 2297 1849 2339 orationis
1888 2311 1925 2339 v.
1968 2297 2024 2339 ad
2066 2311 2104 2340 c.

1362 2413 1456 2466 ἔφη
1486 2435 1536 2442 -—
1574 2412 1776 2465 λέγειν]
1844 2411 2106 2454 narrabat

1304 2470 1530 2512 dixisse.
1561 2482 1600 2510 v.
1632 2483 1672 2522 p.
1710 2469 1804 2515 172.
1836 2469 1892 2510 Β.

1361 2527 1410 2568 Β.
1472 2527 1524 2567 ἐν
1562 2531 1682 2572 τοῖς
1725 2523 2105 2582 πρεσβύτατον

1302 2584 1421 2625 εῗνα
1434 2583 1475 2637 ι]
1527 2583 1652 2625 Solet
1681 2584 1723 2623 ἐν
1753 2588 1846 2628 τοῖς
1875 2582 2106 2636 superlati-

1303 2643 1365 2683 vis
1388 2641 1502 2692 addi,
1529 2645 1575 2681 ut
1592 2640 1747 2681 Latina
1766 2641 1946 2692 longe,
1978 2640 2108 2681 mul-

1303 2703 1382 2749 to,
1437 2697 1727 2749 ΙιιιριΙιιιΙε,
1786 2698 2102 2750 praecipue,

1302 2754 1556 2803 omnium3
1599 2753 1675 2794 sed
1708 2765 1806 2795 num
1839 2754 1914 2795 tali
1947 2753 2103 2808 enimi,

1301 2811 1413 2864 quali
1453 2811 1582 2863 vulgo
1621 2810 1797 2862 ιοΙιιιιῐ,
1849 2824 1919 2852 res
1970 2812 2108 2878 expli-

1303 2867 1437 2910 canda
1471 2867 1553 2918 sit,
1600 2864 1643 2908 id
1687 2867 1861 2920 quidem
1904 2880 1988 2910 non
2029 2869 2111 2910 im-

1303 2925 1458 2968 merito
1509 2923 1722 2966 dubitavit
1764 2923 1838 2966 Fr.
1877 2926 1928 2967 Λ.
1972 2924 2113 2967 Wol-

1302 2983 1410 3025 fius
1441 2981 1496 3022 ad
1532 2981 1678 3024 Reizii
1703 2982 1858 3025 librum
1895 2982 1950 3024 de
1979 2982 2108 3025 Incli-

1303 3045 1390 3082 nat.
1424 3043 1603 3081 Accent.
1638 3053 1679 3094 p.
1709 3038 1780 3083 21.
1853 3038 1965 3081 Nam
1999 3040 2113 3081 solet

1304 3099 1346 3138 ἐν
1390 3101 1482 3142 τοῖς
1535 3097 1661 3138 etiam
1707 3096 1948 3139 nominibus
1989 3096 2115 3138 semi-

1266 3155 1389 3197 .nini
1441 3151 1613 3207 generis
1672 3166 1770 3196 cum
1845 3154 2112 3208 superlativo

1306 3212 1460 3254 iunctis
1522 3211 1751 3264 praemitti.

1842 3211 1989 3264 ltaque
2057 3210 2119 3251 sic

1308 3267 1581 3312 statuendum
1645 3268 1815 3309 videtur
1828 3282 1840 3312 x

1909 3267 2116 3322 principio

1308 3327 1482 3382 quidem
1517 3327 1558 3365 ἐν
1590 3329 1680 3371 τοῖς
1715 3324 1876 3367 dictum
1914 3337 2014 3367 esse
2055 3326 2118 3366 el-

1309 3385 1478 3439 liptice,
1527 3388 1572 3423 ut
1603 3382 1912 3435 intelligeretur
1956 3393 2114 3425 nomen
