2158 3718
370 153 784 209 APOLOGIA
828 154 1211 211 SOCRATIS
1281 158 1343 210 P.
1397 162 1480 212 39.
1533 160 1614 214 St.
1774 166 1872 218 163

153 306 244 374 ἐμὲ
301 301 659 359 ἀπεκτόνατε.
726 306 853 358 Ἰνῦν
909 302 1017 376 γὰρ
1081 308 1249 361 τοῦτο
1301 307 1568 379 εἴργασθε
1623 307 1869 380 οἰόμενοι

151 385 581 454 ἀπαλλάξεσθαι
652 389 754 443 τοῦ
811 387 1028 443 διδόναι
1081 392 1296 461 ἔλεγχον
1354 393 1456 447 τοῦ
1497 395 1642 462 βίου.
1697 391 1762 449 τὸ
1806 397 1864 450 δὲ

150 469 282 542 ὑμῖν
328 470 469 527 πολὺ
515 474 771 527 ἐναντίον
798 471 1162 543 ἀποβήσεται,
1208 472 1281 538 ὡς
1313 473 1416 542 ἐγώ
1438 497 1598 550 φημι.
1642 481 1862 544 πλείους

150 560 374 613 ἔσονται
427 554 574 627 ὑμᾶς
634 561 687 611 οἱ
742 560 1072 628 ἐλέγχοντες,
1136 555 1233 623 οὓς
1290 561 1390 614 νῦν
1435 557 1535 628 ἐγὼ
1585 572 1858 635 κατεῖχον,

149 638 302 712 ὑμεῖς
358 642 414 694 δὲ
477 638 578 695 οὐκ
632 638 996 716 ᾐσθάνεσθε·
1057 645 1151 698 καὶ
1215 642 1591 717 χαλεπώτεροι
1640 650 1857 702 ἔσονται
1894 645 1949 698 D

148 722 260 794 ὅσῳ
308 722 560 795 νεώτεροί
603 730 719 790 εἰσι,
764 728 856 780 καὶ
898 723 1050 797 ὑμεῖς
1093 730 1311 797 μᾶλλον
1337 726 1769 798 ἀγανακτήσετε.
1815 738 1861 787 εὶ

147 805 255 880 γὰρ
287 808 496 866 ,οἴεσθε
541 807 966 874 ἀποκτείνοντες
1007 809 1358 882 ἀνθρώπους
1409 811 1717 884 ἐπισχήσειν
1757 819 1858 871 τοῦ

148 890 428 960 ὀνειδίζειν
482 889 606 947 τινὰ
664 891 828 964 ὑμῖν,
884 891 974 950 ὅτι
1029 893 1129 949 οὐκ
1172 893 1370 967 ὀρθῶς
1424 899 1566 964 ζῆτε,
1612 897 1715 954 οὐκ
1760 899 1856 973 ὀρ-

149 979 276 1042 θῶς
319 980 672 1032 διανοεῖσθε·
716 975 784 1032 ού
828 976 933 1048 γάρ
973 977 1091 1033 ἐσθ’
1142 976 1287 1046 αὕτη
1329 978 1361 1047 ἡ
1397 979 1696 1051 ἀπαλλαγὴ
1726 981 1853 1040 οὔτε

148 1059 294 1116 πάνυ
337 1056 547 1126 δυνατὴ
594 1055 720 1115 οὔτε
767 1059 923 1129 καλή,
965 1060 1079 1117 ἀλλ’
1131 1066 1306 1130 ἐκείνη
1342 1067 1434 1118 καὶ
1467 1068 1729 1134 καλλίστη
1760 1072 1853 1123 καὶ

147 1143 355 1219 ῥᾴστη,
406 1141 483 1216 μὴ
529 1143 657 1208 τούς
700 1140 904 1215 ἄλλους
945 1143 1224 1211 κολούειν,
1268 1146 1381 1203 ἀλλ’
1432 1145 1635 1204 ἑαυτὸν
1678 1172 1857 1225 παρα-

142 1370 184 1414 4.
217 1370 257 1414 6.
289 1369 392 1411 Vnt.
423 1367 544 1408 Flor.
577 1381 617 1419 g.
651 1366 689 1408 h.
721 1367 792 1420 qui
825 1373 972 1408 tamen
1016 1370 1168 1421 partim
1202 1371 1412 1424 εἴργασθε
1441 1372 1480 1413 ἰη
1514 1384 1647 1425 marg.
1680 1372 1849 1418 habent.

146 1428 347 1470 Aoristns
365 1426 528 1480 placuit
558 1425 870 1466 Turicensibus
903 1430 947 1467 et
977 1426 1155 1469 Herm.
1188 1428 1300 1470 Post
1332 1427 1526 1480 οἰόμενοι
1563 1430 1738 1472 Herm.
1770 1431 1850 1481 μὲν

142 1485 322 1528 inseruit
350 1495 528 1525 narrans
559 1483 601 1523 in
618 1481 747 1524 Bodi.
780 1497 830 1533 με
857 1485 1066 1537 scriptum
1101 1491 1286 1529 exstare.
1351 1488 1414 1529 De
1451 1499 1537 1541 quo
1566 1487 1664 1529 nihil
1694 1489 1847 1531 Gais-

141 1542 280 1586 ford.
313 1547 471 1584 narrat.

257 1602 308 1642 D
371 1598 562 1640 οἴεσθε
618 1593 1084 1653 ἀποκτείνοντες]
1148 1599 1300 1654 Steph.
1350 1597 1704 1658 ἀποκτειναντεε,
1754 1606 1848 1648 sine

142 1658 340 1701 codicum
378 1657 603 1707 suffrauio,
639 1661 687 1697 ut
715 1657 896 1698 videtur.

256 1730 352 1756 ουκ
393 1710 583 1768 ὀρθῶς
621 1712 986 1769 διανοεῖσθε]
1021 1716 1075 1758 V.
1122 1710 1175 1756 οὐ
1208 1716 1346 1757 καλως
1387 1715 1448 1765 δ.,
1492 1717 1610 1770 quod
1652 1732 1676 1760 e
1718 1719 1845 1760 Bodl.

139 1774 272 1816 Coisl.
327 1774 422 1816 Vat.
475 1774 588 1814 Ven.
640 1772 682 1813 b.
735 1772 863 1814 Vind.
911 1773 951 1817 1.
1003 1773 1049 1817 4.
1096 1773 1138 1817 6.
1182 1772 1301 1817 ῈΙοτ.
1349 1787 1388 1816 a.
1430 1788 1466 1818 c.
1508 1774 1548 1819 d.
1591 1789 1633 1829 g.
1674 1775 1713 1818 h.
1754 1779 1848 1821 Par.

139 1831 402 1874 BGDHST.
440 1833 555 1884 Ang.
603 1835 772 1872 mutare
810 1843 894 1872 non
927 1831 1130 1874 dubitavi.
1191 1830 1286 1873 Non
1327 1833 1437 1874 enim
1482 1834 1523 1873 vi
1571 1846 1648 1874 suu
1681 1838 1725 1876 et
1755 1836 1849 1877 effi-

138 1892 258 1932 cacia
303 1893 423 1931 caret
460 1887 565 1929 haec
602 1888 836 1929 verborum
879 1889 1114 1931 eorundem
1162 1891 1378 1943 repetitio.
1440 1891 1674 1944 Vulgatum
1708 1892 1846 1934 tenuit

139 1949 369 1990 Bekken

253 1999 317 2045 οὐ
360 2002 458 2059 γάρ
501 1998 634 2044 ἐσθ’
674 2000 836 2057 αὕτη]
898 2004 947 2047 V.
989 2000 1111 2053 οὔτε,
1150 2004 1266 2057 quod
1307 2017 1332 2046 e
1363 2003 1491 2048 Bodl.
1533 2003 1628 2045 Vat.
1665 2004 1768 2050 Ven.
1801 2007 1841 2050 b.

137 2063 267 2107 Vind.
299 2063 340 2107 1.
371 2063 414 2108 4.
446 2062 487 2106 6.
518 2062 637 2103 Flor.
669 2074 707 2109 a,
737 2075 778 2114 g.
813 2062 851 2102 h.
885 2062 985 2103 Par.
1019 2061 1147 2103 DST.
1182 2067 1227 2103 et
1257 2074 1343 2104 rec.
1376 2062 1430 2102 B.
1460 2067 1716 2104 correctum.

251 2119 456 2163 ἑαυτὸν
495 2117 748 2172 nopotem]
808 2119 864 2162 V.
896 2114 1051 2167 αὐτόν,
1093 2119 1210 2171 quod
1241 2132 1295 2161 ex
1328 2119 1504 2173 optimis
1536 2118 1663 2163 codd.
1692 2133 1841 2163 emen·

137 2178 298 2223 datum.

136 2416 238 2447 nare
274 2410 319 2447 et
362 2403 564 2460 augurari
606 2402 769 2454 futura,
817 2403 943 2444 etiam
1036 2401 1162 2453 stis,
1204 2413 1335 2454 quum
1377 2413 1447 2441 me
1487 2402 1640 2455 capitis
1678 2403 1838 2446 conde-

135 2475 160 2504 e
211 2463 479 2506 Cicerone
525 2465 696 2504 constat
734 2461 872 2502 Divin
909 2459 942 2500 Ι.
1031 2459 1296 2503 mnaveritiS.
1359 2457 1607 2501 Notandum
1653 2465 1721 2502 est
1759 2460 1840 2502 hoc

132 2518 206 2564 30.
251 2521 324 2562 ubi
370 2533 410 2562 v.
448 2522 630 2574 interpp.
665 2519 780 2561 conf.
813 2518 943 2560 etiam
1031 2517 1239 2569 loquendi
1308 2528 1472 2570 genua,
1535 2531 1559 2559 e
1614 2517 1837 2560 brevitatis

134 2577 358 2621 Phaedon
392 2593 434 2640 p.
462 2577 531 2623 84.
565 2578 616 2620 E.
642 2590 735 2630 sqq.
795 2577 945 2628 ltaque
1031 2574 1178 2616 studio
1211 2573 1464 2622 oriundum,
1505 2588 1588 2616 nec
1617 2589 1722 2618 vero
1753 2576 1836 2618 iam

134 2636 293 2678 verba:
325 2634 372 2677 ἐν
403 2651 436 2692 ῳ
467 2629 624 2687 μάλιστ’
663 2631 943 2704 χρησμῳδοῦ-
1030 2632 1333 2685 corrigendum
1367 2626 1393 2684 ἢ
1428 2625 1481 2671 δι’
1514 2633 1624 2674 οἵαν.
1651 2657 1706 2664 -—
1740 2634 1838 2674 τοῦ

138 2705 207 2734 σιν
238 2678 504 2747 explicantur
525 2706 603 2748 per
634 2691 738 2734 ὅταν
761 2707 802 2744 μ.
835 2686 943 2732 α’πο-
1031 2686 1252 2730 διδόναι
1291 2690 1503 2743 ἔλεγχον
1541 2692 1638 2732 τοῦ
1675 2691 1836 2743 βίον,

137 2750 406 2802 θανεῖσθαι,
451 2752 494 2793 in
534 2763 619 2806 quo
663 2764 788 2794 nemo
830 2750 945 2803 quis·
1031 2747 1069 2791 h.
1102 2760 1140 2790 e.
1184 2760 1246 2790 ne
1277 2748 1394 2789 vita
1435 2754 1619 2791 vestra
1658 2751 1838 2803 explo-

135 2822 291 2863 quam,
333 2810 411 2851 nisi
459 2811 529 2862 qui
573 2809 714 2862 pravis
767 2807 945 2859 argutiis
1030 2809 1212 2857 retur,
1247 2817 1427 2858 eoque
1472 2805 1837 2860 reprehenda-

134 2867 443 2921 intempestive
475 2866 744 2918 delectetur,
777 2870 943 2907 temere
1030 2866 1132 2906 tur.
1213 2862 1462 2915 Sequuntur
1517 2865 1631 2906 enim
1692 2866 1839 2907 verba:

135 2922 341 2966 haerebit
404 2922 566 2966 Haesit
619 2929 763 2966 tamen
821 2923 942 2965 Hir-
1030 2921 1199 2968 πλείους
1225 2916 1308 2974 γὰρ
1329 2919 1500 2960 ἔσονται
1519 2914 1630 2972 ὑμᾶς
1656 2920 1703 2962 οἱ
1728 2920 1839 2976 ἐλέγ-

135 2980 411 3035 schigius,
446 2981 519 3034 qui
540 2980 646 3022 haec
663 2993 833 3033 quoque
866 2993 941 3022 ex·
1027 2989 1184 3030 χοντες.
1207 2979 1450 3019 motionem
1474 2974 1645 3020 διδόναι
1669 2980 1785 3033 ἔλεγχ
1788 2977 1839 3021 όν

135 3039 393 3082 terminavit.
456 3039 546 3080 Pro
600 3035 832 3093 ἄνθρωποι
870 3037 941 3091 qui
1029 3050 1107 3076 τινι
1130 3035 1184 3076 ad
1204 3036 1341 3090 Gorg.
1357 3048 1398 3087 p.
1415 3033 1517 3080 474.
1534 3037 1584 3081 B.
1596 3036 1836 3080 etPhaedr.

133 3091 367 3150 ἄνθρωποι
429 3096 702 3139 scribendum
758 3095 941 3146 censuit,
1029 3106 1072 3147 p.
1104 3092 1202 3137 273.
1237 3090 1287 3133 C.
1301 3049 1645 3138 giliustravimus.

132 3165 258 3196 usum
279 3154 479 3207 loquendi
509 3154 738 3207 ignoravit,
770 3152 826 3195 de
856 3165 942 3207 quo

130 3209 187 3252 ad
219 3211 451 3264 Protagor.
484 3227 529 3266 p.
557 3210 657 3256 355.
692 3213 743 3252 A.
781 3210 942 3264 Remp.
1091 3207 1140 3247 D
1205 3206 1292 3248 καὶ
1331 3206 1731 3275 χαλεπώτεροι]
1773 3209 1838 3251 De

130 3270 187 3310 X.
199 3281 262 3336 J).
308 3269 406 3315 603.
439 3269 490 3311 C.
521 3270 621 3315 619.
654 3269 706 3310 Β.
1033 3264 1196 3306 omisso
1230 3261 1424 3320 τοσούτῳ
1460 3281 1495 3309 ν.
1526 3269 1639 3320 adp
1644 3268 1756 3311 .3Ο.
1785 3269 1834 3307 Α.

192 3319 220 3378 ἢ
267 3327 390 3369 οἵαν
437 3326 528 3378 ἐμὲ
580 3322 944 3379 α’πεκτόνατε]
1032 3335 1126 3377 cap
1161 3322 1305 3364 XVII.
1335 3346 1392 3354 —
1451 3323 1559 3367 Mox
1589 3282 1835 3366 ἀποκτεί-

130 3383 174 3424 h.
207 3396 251 3430 e.
286 3397 446 3437 quam
485 3398 582 3438 qua
625 3398 702 3427 me
746 3382 942 3426 affeci-
1035 3390 1220 3421 vovtes·
1277 3374 1618 3468 ἄνθραί*πουε
1668 3387 1735 3425 est
1780 3392 1834 3422 eo

1377 3441 1483 3501 11*
