2158 3718
729 131 810 174 AD
852 130 1267 176 PHAEDONEM.
1841 130 1874 181 9

115 284 222 335 tua,
260 276 378 327 nihil
403 275 609 341 amplius
635 276 834 325 viveret.
885 273 989 324 Hoc
1021 275 1168 339 igitur
1194 280 1482 337 argumento
1509 273 1626 322 mihi
1651 278 1875 323 constare

118 349 304 399 videtur
340 349 524 398 animos
557 347 810 396 hominum
846 351 1002 395 morte
1043 360 1142 395 non
1177 345 1391 402 absumi,
1429 344 1515 394 sed
1554 359 1755 393 manere
1792 359 1875 393 eos

122 419 266 470 aliam
291 421 459 476 vitam,
487 419 538 467 in
564 432 659 482 qua
684 416 825 466 bonis
851 416 1049 474 melius,
1078 415 1216 466 malis
1240 417 1379 481 peius
1404 416 1622 466 futurum
1647 413 1770 480 sitl).

255 491 380 542 Tum
414 488 590 540 Cebes:
631 488 734 553 Ego
770 503 910 545 verO,
951 504 979 537 o
1016 489 1240 544 Socrate,
1285 488 1573 537 sententiam
1608 492 1741 536 tuam
1777 491 1876 535 toto

114 568 315 627 pectore
350 560 635 625 amplector.
689 558 843 617 Quam
877 568 929 608 ut
964 574 1054 623 pro
1092 575 1202 609 vera
1236 558 1467 615 habeam,
1513 558 1699 607 faciunt
1735 559 1875 607 etiam

118 649 170 683 ea
186 673 198 690 ‚
229 647 352 697 quae
378 633 633 696 superiore
659 635 882 695 tempore
903 631 962 680 de
984 646 1040 680 eo
1062 630 1375 694 disputavisti,
1406 629 1535 693 quod
1561 634 1717 678 toturn
1742 628 1876 684 illud,

116 703 246 770 quod
290 703 533 753 discere
573 716 824 760 vocamUS,
869 701 937 750 nil
982 701 1110 752 aliud
1154 704 1217 750 sit
1259 702 1352 750 nisi
1386 700 1724 750 reminisci.
1775 699 1880 748 Hoc

116 775 244 825 enim
270 775 312 823 si
336 789 505 825 verum
534 779 627 830 est,
666 773 879 823 animum
905 774 1001 822 iam
1027 787 1230 822 necesse
1258 778 1352 829 est,
1391 777 1650 836 antequam
1675 772 1726 819 in
1751 771 1880 820 hanc

116 847 260 896 vitam
285 847 514 902 intraret,
552 845 760 910 viguisse
798 851 941 910 atque
976 859 1145 894 rerum
1181 843 1375 892 notitias
1399 844 1451 891 in
1477 843 1743 891 humanum
1771 857 1878 891 cor-

116 932 209 982 pus
246 931 413 966 secum
449 915 680 967 attulisse.
733 915 818 964 His
854 916 1029 965 auditis
1066 916 1315 964 Socrates:
1358 914 1452 963 Sed
1486 929 1548 963 ne
1592 914 1718 962 forte
1757 913 1879 962 Sim-

117 989 236 1037 mias
261 987 374 1037 huic
398 988 575 1037 rationi
602 986 801 1042 diffidat,
832 987 1000 1036 eadem
1028 986 1171 1035 etiam
1198 984 1302 1034 aliis
1329 985 1628 1047 argumentis
1656 999 1880 1048 compro-

114 1059 222 1109 bari
263 1064 433 1122 potest,
485 1058 618 1116 Quae
667 1055 825 1122 qualia
870 1059 992 1113 sint,
1042 1071 1172 1105 nunc
1214 1056 1431 1119 accipite.
1484 1054 1709 1113 Quotidie
1755 1056 1884 1103 enim

114 1130 395 1194 experimur
436 1143 526 1178 nos
572 1144 631 1179 ex
676 1127 814 1176 unius
858 1129 910 1176 in
946 1126 1144 1177 alterius
1179 1128 1254 1176 rei
1298 1126 1642 1189 cogitationem
1687 1125 1882 1175 deferri.

116 1200 286 1251 Solent
328 1201 458 1250 enim
501 1214 582 1250 res
626 1197 803 1254 oculis,
842 1198 1065 1256 auribuS,
1112 1197 1221 1248 aliis
1258 1196 1481 1247 sensibus
1525 1201 1788 1260 perceptae
1833 1197 1883 1244 in

115 1272 289 1322 animis
314 1271 493 1321 nostris
529 1272 741 1320 excitare
779 1270 1122 1333 cogitationem
1148 1283 1317 1318 rerum
1344 1267 1404 1318 ab
1432 1267 1525 1317 illis
1550 1267 1695 1333 plane
1723 1267 1882 1318 diver-

115 1357 294 1393 sarum.
345 1341 407 1392 Ut
441 1344 483 1392 si
520 1343 626 1407 quis
660 1347 922 1406 conspecta
956 1341 1097 1389 amici
1142 1339 1241 1406 lyra
1282 1338 1355 1388 vel
1389 1344 1521 1389 veste
1555 1340 1708 1404 ipsius
1744 1339 1885 1388 amici

114 1413 427 1472 recordatur,
465 1420 547 1462 aut
582 1414 623 1463 si
656 1413 916 1476 imaginem
955 1413 1059 1460 eius
1091 1412 1288 1461 intuens
1323 1410 1467 1459 tacite
1501 1424 1668 1459 secum
1704 1409 1886 1459 iudicat

114 1485 195 1534 illa
233 1499 378 1551 quam
413 1499 568 1549 prope
604 1483 665 1533 ad
700 1484 803 1534 eius
845 1481 1212 1533 similitudinem
1239 1481 1439 1531 accedat
1465 1479 1540 1530 vel
1568 1496 1713 1546 quam
1739 1480 1885 1544 longe

116 1556 176 1607 ab
214 1571 270 1606 ea
309 1555 447 1606 absit.
507 1554 675 1620 Neque
709 1570 824 1605 vero
861 1554 921 1604 ad
957 1570 1013 1604 ea
1047 1553 1230 1610 solum,
1276 1567 1401 1618 quae
1437 1551 1663 1602 sensibus
1698 1552 1886 1616 percipi

115 1633 346 1693 possunt,
372 1627 632 1677 referimus
658 1624 763 1684 illa,
793 1641 916 1691 quae
947 1625 1185 1682 videmuS,
1214 1624 1463 1681 audimus,
1503 1624 1761 1681 sentimuS,
1799 1622 1885 1673 sed

117 1700 261 1749 etiam
298 1698 357 1748 ad
393 1698 581 1763 species
617 1696 850 1763 quasdam
878 1702 924 1746 et
958 1696 1139 1745 formas
1165 1694 1267 1745 solo
1294 1697 1457 1744 animo
1485 1694 1885 1758 comprehensaS,

117 1784 236 1835 quas
270 1770 321 1818 in
355 1768 448 1819 hac
483 1783 652 1818 rerum
688 1774 860 1818 natura
894 1782 1136 1831 nusquam
1172 1771 1364 1816 exstare
1402 1773 1710 1832 compertum
1734 1765 1883 1815 habe-

116 1857 240 1891 muS.
291 1840 536 1891 Tenemus
574 1839 702 1889 enim
740 1840 899 1889 animo
935 1844 1103 1888 nostro
1141 1839 1354 1902 speciem
1392 1839 1520 1894 eiuS,
1560 1837 1691 1901 quod
1716 1852 1807 1901 per
1833 1851 1886 1886 se

116 1913 275 1975 ipsum
313 1917 384 1961 est
415 1911 678 1961 honestum
717 1917 764 1961 et
798 1917 966 1974 turpe,
1006 1912 1188 1959 iustum
1214 1915 1261 1964 et
1285 1910 1541 1966 iniustum,
1582 1922 1811 1971 magnum
1840 1913 1887 1956 et

115 1997 342 2048 parvum,
378 1981 534 2032 simile
573 1988 620 2030 et
654 1981 907 2038 dissimile,
947 1981 1006 2031 ad
1042 1995 1246 2044 eamque
1283 1981 1498 2044 speciem
1532 1979 1723 2028 referre
1760 1977 1884 2027 sole-

119 2070 228 2103 mus
255 2068 334 2111 ea,
374 2069 498 2118 quae
534 2053 758 2104 sensibus
785 2053 964 2102 nostris
990 2052 1303 2117 percipimus.
1345 2050 1440 2100 Sed
1467 2050 1712 2098 undenam
1739 2050 1886 2098 animi

118 2125 271 2173 nostri
308 2124 434 2173 hanc
468 2123 801 2173 absolutarum
842 2124 1113 2172 formarum
1155 2123 1253 2171 sive
1292 2121 1514 2171 idearum
1559 2121 1883 2184 cognitionem

118 2195 416 2245 hauserunt?
455 2195 597 2245 Certe
631 2194 853 2244 sensibus
890 2195 1110 2258 corporis
1145 2208 1243 2242 non
1282 2198 1604 2256 acceperunt3
1646 2191 1719 2240 his
1756 2192 1884 2241 enim

119 2281 215 2315 non
250 2267 434 2316 utimur
469 2266 562 2315 nisi
591 2266 645 2314 ‘in
679 2280 846 2315 rerum
884 2264 1204 2328 singularium
1240 2264 1557 2328 perceptione
1585 2267 1632 2311 et
1668 2262 1883 2311 animad-

121 2338 356 2387 versione.
406 2336 574 2400 Itaque
600 2336 909 2401 relinquitur,
941 2343 993 2385 ut
1019 2337 1211 2384 animus
1236 2349 1405 2384 rerum
1431 2349 1520 2398 per
1555 2349 1607 2383 se
1641 2332 1884 2382 absoluta-

119 2424 227 2458 rum
261 2408 455 2456 notitias
489 2422 587 2456 non
621 2408 671 2456 in
707 2406 799 2456 hac
836 2408 1031 2457 demum
1066 2408 1162 2456 vita
1199 2406 1469 2469 acceperit,
1509 2404 1593 2454 sed
1622 2410 1883 2467 antequam

119 2495 228 2529 cum
256 2479 350 2529 hoc
376 2493 584 2543 corpore
610 2484 910 2528 nasceretur.
961 2477 1032 2526 Ex
1069 2476 1247 2541 quibus
1282 2475 1508 2542 omnibus
1534 2482 1740 2540 apparet
1766 2490 1883 2524 eun-

120 2552 229 2601 dem
255 2551 351 2600 iam
378 2548 493 2599 olim
520 2556 630 2599 ante
655 2550 782 2599 hanc
808 2550 953 2598 vitam
980 2547 1237 2597 mortalem
1262 2548 1470 2610 viguisse
1482 2546 1536 2611 2).

259 2621 414 2670 Finita
449 2621 542 2670 hac
578 2621 907 2685 disputatione
934 2620 1184 2676 Simmias‚
1222 2618 1338 2684 quid
1373 2617 1532 2668 adhuc
1568 2617 1884 2673 desideraret,

120 2699 287 2758 aperte
322 2692 571 2755 professus
607 2697 692 2741 est.
745 2692 866 2741 Nam
901 2691 993 2741 hac
1020 2689 1218 2756 quidem
1243 2690 1432 2739 ratione
1460 2690 1649 2739 censuit
1674 2688 1767 2737 sibi
1795 2688 1885 2738 uti-

121 2779 214 2829 que
241 2762 288 2811 id
314 2761 467 2812 videri
493 2763 641 2820 effici,
667 2768 720 2812 ut
747 2764 958 2812 animum
987 2762 1158 2819 fuisse,
1195 2761 1479 2826 priusquam
1508 2775 1688 2824 corpus
1714 2774 1885 2810 nasce-

119 2841 284 2890 retur,
311 2838 524 2883 statuere
552 2848 814 2898 cogamur;
852 2833 937 2883 sed
964 2832 1082 2882 illud
1108 2831 1325 2882 nondum
1352 2847 1458 2881 esse
1485 2831 1885 2886 demonstratum,

121 2920 232 2955 eum
268 2911 378 2968 post
411 2909 619 2953 mortem
658 2920 851 2970 quoque
886 2905 992 2953 fore
1029 2904 1354 2967 superstitem.
1407 2903 1542 2961 Quae
1578 2902 1773 2968 quidem
1801 2901 1886 2950 du-

120 2976 286 3025 bitatio
323 2976 467 3023 etiam
503 2973 730 3025 Cebetem
769 2976 1030 3039 permovit,
1070 2981 1123 3024 ut
1158 2974 1412 3024 dimidium
1446 2979 1634 3022 tantum
1672 2973 1887 3037 disputa-

121 3047 264 3096 tionis
299 3044 573 3095 absolutum
625 3061 730 3096 esse
779 3047 988 3105 diceret,
1040 3046 1291 3095 dimidium
1338 3044 1657 3094 contenderet
1701 3044 1886 3093 deesse.

121 3117 193 3167 Ad
230 3132 313 3166 eos
350 3118 495 3180 igitur
523 3115 772 3175 Socrates,
811 3117 942 3182 quod
968 3132 1099 3167 nunc
1127 3117 1439 3172 desideratis,
1478 3131 1506 3164 o
1532 3114 1678 3173 boni,
1716 3115 1885 3178 inquit,

121 3188 169 3237 id
195 3189 390 3238 iamiam
417 3186 632 3244 habetis,
671 3188 711 3236 si
750 3188 945 3253 quidem
971 3189 1227 3253 superiora
1254 3187 1358 3245 illa,
1397 3202 1522 3252 quae
1561 3186 1886 3241 concessistis,

123 3275 234 3309 cum
282 3259 357 3308 his
407 3258 547 3307 dictis
591 3259 927 3323 coniungenda
969 3266 1095 3309 sunt.
1147 3259 1269 3310 Nam
1312 3260 1352 3308 si
1396 3273 1565 3307 verum
1617 3262 1711 3313 est,
1758 3256 1886 3320 quod

237 3426 668 3475 1)P.7oc—=

237 3482 687 3536 2)P.72D—77
