2158 3718
285 144 351 198 10
871 146 1358 194 PROLEGOMENA

281 288 608 347 ostendimuS‚
643 290 768 340 hanc
803 306 893 356 per
929 298 1076 342 totam
1110 308 1277 344 rerum
1312 301 1535 346 naturam
1571 296 1733 348 valere
1766 297 1953 363 legem,
1989 306 2043 350 ut

279 360 399 410 nihil
432 362 662 420 intereat,
702 368 749 411 et
782 364 823 412 si
856 369 989 413 recte
1025 364 1371 416 affirmavimus
1406 368 1620 417 animum
1654 383 1823 418 rerum
1859 385 1948 435 per
1989 386 2043 420 se

279 430 612 482 absolutarum
657 435 849 483 notitias
892 449 990 483 non
1035 437 1257 498 corporis
1300 452 1394 502 ope
1435 438 1526 488 sibi
1571 441 1910 504 acquisivisse,
1955 442 2040 491 sed

278 505 524 567 accepisse
559 503 775 561 aliunde,
816 505 1026 555 dubitari
1063 513 1195 557 certe
1230 523 1326 557 non
1359 511 1540 573 poterit
1583 511 1796 560 animum
1843 513 2039 561 omnino

279 589 387 624 esse
411 575 736 624 immortalem
750 574 800 640 1).

418 646 514 695 Sed
549 647 778 709 quoniam
813 653 968 696 metus
1002 648 1106 706 ille,
1144 665 1205 700 ne
1240 651 1429 700 animus
1454 667 1513 701 ex
1551 668 1758 719 corpore
1785 654 2042 717 egrediens

276 721 524 780 tamquam
550 721 692 766 vento
720 718 996 782 dissipetur,
1034 719 1172 769 facile
1211 723 1399 770 animos
1423 729 1609 772 vestros
1646 725 1805 774 denuo
1834 741 2041 791 occupa-

275 788 422 844 verit,
460 801 572 849 age,
613 803 724 836 eum
751 790 848 838 iam
876 791 939 839 ita
964 790 1220 849 tollamus,
1251 799 1304 841 ut
1330 794 1602 843 animorum
1631 795 2039 846 immortalitatem

275 859 420 907 etiam
445 857 671 922 pluribus
699 862 997 924 argumentis
1024 862 1235 926 probare
1261 864 1559 914 studeamus.
1611 865 1671 915 Et
1696 867 1907 930 primum
1936 869 2040 931 qui-

274 928 386 978 dem
411 929 682 988 videamuS,
721 932 836 996 quid
873 933 933 981 sit
966 932 1086 982 illud
1124 934 1452 999 dissipari,
1491 936 1618 999 quod
1647 953 1730 986 vos
1758 937 1914 986 dicitis
1939 953 2040 987 me-

272 1005 412 1050 tuere
448 1015 510 1050 ne
545 1001 708 1051 animo
745 1003 945 1052 accidat.
996 1005 1082 1054 Est
1118 1011 1279 1054 autem
1316 1005 1436 1055 illud
1471 1005 1539 1054 nil
1574 1006 1703 1056 aliud
1731 1008 1821 1056 nisi
1848 1007 2042 1058 dissolvi

272 1073 324 1120 in
349 1076 516 1135 partes
542 1086 670 1131 suaS,
698 1074 760 1123 ita
788 1079 843 1123 ut
867 1074 959 1124 hae
986 1091 1012 1124 a
1040 1092 1092 1125 se
1118 1077 1322 1125 invicem
1360 1077 1609 1127 discedant
1644 1086 1691 1128 et
1730 1078 1874 1136 illud,
1911 1079 2039 1144 quod

273 1142 496 1207 partibus
532 1145 636 1193 istis
673 1145 1037 1203 continebatur,
1078 1155 1248 1210 pereat
1278 1152 1323 1196 et
1349 1149 1571 1197 intereat.
1623 1149 1792 1214 Itaque
1819 1149 2041 1214 dissipari

272 1211 339 1262 nil
382 1215 588 1278 poterit,
634 1217 728 1264 nisi
770 1217 900 1280 quod
946 1233 1003 1267 ex
1047 1218 1270 1282 partibus
1304 1220 1364 1267 sit
1400 1222 1739 1282 compositum.
1799 1221 2038 1279 Quocirca

273 1284 542 1343 videamuS‚
595 1301 713 1335 num
763 1287 939 1337 cadere
989 1288 1239 1339 dissolutio
1288 1291 1441 1355 possit
1501 1291 1551 1339 in
1601 1292 1748 1340 animi
1797 1299 2039 1342 naturam.

270 1355 493 1405 Discerni
541 1362 705 1406 autem
756 1360 954 1408 omnino
998 1366 1203 1424 possunt
1247 1361 1342 1409 duo
1386 1376 1552 1410 rerum
1587 1375 1786 1424 genera,
1832 1362 2039 1413 alterum

272 1428 624 1492 compositum,
665 1428 871 1494 simplex
908 1430 1132 1480 alterum.
1184 1431 1308 1480 Illud
1336 1433 1565 1482 continua
1592 1432 1750 1482 fertur
1777 1434 2040 1498 agitatione

271 1513 432 1564 neque
469 1513 680 1562 unquam
717 1509 882 1550 manet
914 1503 964 1550 in
1001 1508 1128 1552 statu
1155 1502 1328 1552 eodem
1373 1509 1521 1567 atque
1558 1504 1780 1568 corporis
1814 1503 2040 1554 sensibus

271 1569 546 1619 subiectum
583 1576 668 1620 est.
721 1570 963 1630 Alterum,
1003 1573 1131 1637 quod
1169 1573 1314 1623 nullis
1349 1574 1573 1639 partibus
1609 1581 1798 1625 constat
1834 1576 2041 1640 ideoque

271 1656 295 1689 a
335 1642 502 1705 quavis
538 1643 805 1692 mutatione
840 1642 1048 1693 liberum
1077 1650 1148 1693 est
1176 1652 1222 1694 et
1247 1646 1490 1702 immune,
1520 1661 1618 1695 non
1645 1652 1804 1710 potest
1830 1661 2040 1711 corpore

272 1727 484 1777 unquam
511 1715 829 1772 contrectari,
869 1715 953 1764 sed
982 1714 1083 1764 sola
1110 1723 1275 1765 mente
1302 1716 1749 1781 comprehenditur.
1798 1716 2039 1775 Quemad-

270 1783 471 1833 modum
495 1799 614 1833 vero
641 1784 843 1835 dubium
870 1801 969 1834 non
997 1795 1093 1844 est,
1129 1802 1307 1851 corpus
1335 1790 1450 1851 quin
1479 1788 1758 1838 habendum
1787 1789 1848 1837 sit
1873 1790 1923 1837 in
1949 1804 2038 1838 nu-

270 1869 408 1904 mero
442 1869 611 1904 rerum
648 1858 1055 1921 compositarum,
1104 1860 1168 1908 ita
1213 1860 1425 1907 animum
1463 1859 1522 1908 ad
1558 1865 1758 1909 naturas
1796 1859 2040 1925 simplices

270 1926 585 1975 referendum
613 1942 720 1978 esse
748 1928 1053 1978 evidentibus
1074 1929 1239 1978 doceri
1266 1936 1426 1993 potest
1453 1932 1765 1994 argumentis,
1792 1931 1882 1980 Hic
1909 1932 2038 1980 enim

267 1997 482 2060 primum
509 1998 704 2061 quidem
732 2014 829 2048 non
858 2005 929 2048 est
961 2000 1327 2064 adspectabiliS,
1364 2016 1515 2065 porro
1540 2003 1591 2051 in
1617 2002 1818 2051 veritate
1843 2003 2038 2051 investi-

269 2068 424 2131 ganda
453 2074 501 2117 et
527 2070 899 2135 contemplanda
927 2087 1038 2120 cum
1065 2086 1296 2121 sensuum
1325 2087 1417 2136 ope
1443 2074 1619 2129 utitur,
1649 2073 1770 2122 adeo
1800 2087 1898 2121 non
1926 2087 2038 2137 per-

269 2140 398 2187 venit
423 2139 483 2188 ad
510 2141 613 2189 eius
635 2142 986 2204 cognitionem,
1013 2148 1063 2191 ut
1086 2144 1293 2192 maxime
1314 2143 1631 2207 perturbetur
1661 2149 1708 2192 et
1737 2145 1874 2208 quasi
1894 2144 2038 2193 verti-

269 2210 379 2274 gine
408 2212 727 2275 corripiatur3
756 2212 843 2262 ubi
875 2219 1035 2262 autem
1064 2230 1115 2264 se
1147 2230 1172 2263 a
1204 2229 1411 2278 corpore
1439 2216 1575 2279 quasi
1600 2221 1885 2279 segregatus
1910 2213 1960 2264 in
1987 2230 2040 2264 se

266 2282 429 2345 ipsum
457 2281 663 2347 collegit,
691 2289 795 2333 tum
818 2299 933 2334 vero
959 2285 1152 2350 attingit
1177 2287 1499 2350 sempiternas
1525 2285 1629 2335 illas
1654 2301 1822 2335 rerum
1850 2287 2039 2350 species

269 2359 317 2401 et
351 2353 558 2411 formas,
599 2370 723 2419 quae
760 2354 893 2406 solae
928 2355 1111 2406 habent
1137 2358 1349 2406 veritatis
1385 2358 1728 2421 cognitionem.
1780 2357 2038 2406 Praeterea

268 2425 484 2474 animum
510 2424 748 2475 habemus
773 2427 1121 2492 imperantem,
1151 2430 1373 2492 corporis
1399 2430 1594 2478 servitio
1620 2429 1817 2483 utimur,
1845 2433 1899 2477 ut
1923 2428 2038 2476 hinc

269 2510 463 2560 quoque
490 2495 722 2561 intellegi
733 2499 889 2561 possit
924 2497 1059 2547 illum
1087 2514 1254 2548 rerum
1282 2499 1570 2563 simplicium
1600 2513 1757 2563 neque
1785 2499 2038 2548 mutationi

267 2565 596 2616 subiectarum
626 2570 795 2631 generi
823 2584 929 2619 esse
956 2569 1160 2618 similem
1189 2577 1334 2632 atque
1362 2576 1638 2632 cognatum.
1673 2570 1773 2619 lam
1802 2570 1839 2618 si
1868 2584 2035 2618 verum

269 2642 364 2694 est,
393 2638 522 2701 quod
550 2638 781 2698 diximus,
820 2642 1063 2702 sequitur,
1103 2647 1156 2688 ut
1183 2642 1373 2688 animus
1399 2655 1648 2704 nunquam
1676 2639 1962 2690 dissolvatur
1990 2645 2037 2689 et

265 2707 499 2764 intereat,
538 2709 625 2758 sed
664 2710 805 2758 etiam
844 2726 902 2759 ex
938 2726 1147 2774 corpore
1185 2725 1409 2775 egressus
1446 2711 1589 2759 duret
1635 2716 1681 2759 et
1721 2709 1881 2760 salvus
1923 2727 2034 2776 per-

267 2777 525 2842 maneat2).

406 2849 568 2899 Abibit
603 2856 789 2906 autem,
828 2853 868 2901 si
903 2853 1095 2916 quidem
1135 2868 1186 2901 se
1224 2859 1410 2902 castum
1448 2868 1725 2918 purumque
1754 2869 1780 2902 a
1816 2854 2036 2916 corporis

267 2922 558 2984 contagione
594 2924 879 2979 servaverit,
918 2925 965 2972 in
1004 2922 1238 2973 coelestes
1274 2939 1519 2988 purasque
1555 2926 1805 2987 regioneS‚
1854 2938 1950 2987 quo
1989 2929 2037 2972 et

267 3006 357 3053 ego
395 3007 507 3040 mox
546 2994 848 3055 perveniam,
885 2994 1050 3060 ibique
1087 3010 1279 3050 errore,
1326 2996 1626 3058 ignorantia,
1676 2994 2033 3060 cupiditatibuS,

267 3063 389 3111 vitiis
427 3061 659 3112 liberatus
697 3063 891 3114 beatum
930 3073 976 3114 et
1012 3066 1284 3115 immortale
1322 3067 1466 3130 deget
1502 3082 1688 3116 aevum,
1742 3067 1826 3115 Sin
1854 3072 2032 3121 autem,

266 3133 380 3182 dum
427 3134 553 3182 hanc
600 3135 739 3184 vitam
786 3144 977 3198 ageret,
1026 3153 1123 3185 non
1169 3138 1354 3186 studuit
1389 3153 1440 3186 se
1477 3156 1503 3187 a
1539 3138 1759 3202 corporis
1804 3137 2034 3186 societate

265 3203 478 3253 liberare
526 3206 665 3269 eique
710 3207 775 3255 ita
813 3208 1034 3260 indulsit,
1085 3215 1137 3256 ut
1173 3210 1276 3258 eius
1314 3210 1600 3272 contagione
1642 3207 1944 3273 pollueretur
1987 3212 2034 3254 et

264 3273 423 3324 labem
464 3277 799 3334 contraheret,
842 3295 899 3327 ex
935 3279 1273 3343 superioribus
1308 3279 1593 3342 regionibus
1629 3294 1717 3344 per
1745 3293 2031 3343 corpoream

379 3444 826 3497 1)P.77A—D.

377 3502 421 3554 2)
454 3504 503 3544 P.
537 3505 746 3547 77ῑ)--ν
777 3505 910 3545 sou.
