2158 3718
331 173 430 224 192
904 167 1438 222 PRAEFATIO

329 314 500 384 ipsius
541 311 836 384 discipulos
858 351 873 378 ,
913 309 1005 379 qui
1043 317 1268 379 propter
1303 310 1707 380 integerrimum
1745 328 1875 381 erga
1910 331 2019 365 ma-

330 387 559 455 gistrum
598 402 833 437 amorem
871 382 985 434 cius
1023 381 1207 452 fugam
1242 389 1528 450 parassent
1548 380 1707 449 eique
1732 381 2019 436 vehemen-

329 451 537 510 tissime
575 456 738 508 morti
777 460 1020 523 ereptum
1069 459 1359 522 cuperent,
1414 459 1592 505 tamen
1632 451 1866 521 denique
1904 455 2021 509 eius

330 528 532 581 iudicia
568 527 646 580 ita
681 526 912 596 probare
958 522 1204 590 iusserit,
1260 531 1322 575 ut
1367 524 1469 576 viri
1521 523 1787 576 voluntati
1826 543 2021 579 conce-

333 599 568 652 dendum
605 596 933 669 putaverint.

476 697 587 753 Sed
626 696 762 749 haec
802 695 1020 765 quidem
1061 694 1192 747 satis
1214 702 1374 749 erunt
1411 694 1477 747 de
1511 694 1737 750 consilio
1775 695 2024 767 scriptio-

333 771 418 824 nis
469 769 647 838 deque
696 768 784 819 via
835 775 889 820 et
942 764 1183 835 ratione,
1235 785 1342 836 qua
1375 765 1738 838 philosophus
1774 767 1911 820 illud
1944 768 2023 820 ef-

330 845 533 895 fectum
571 838 737 891 dedit.
798 839 942 892 Nam
969 839 1035 891 de
1059 837 1275 891 scenico
1301 837 1504 911 dialogi
1538 845 1823 908 apparatu,
1864 858 2026 908 quem

332 913 492 966 facile
541 917 767 982 apparet
814 917 1133 982 argumento
1181 917 1238 962 et
1284 911 1511 966 consilio
1559 909 1799 963 universi
1847 910 2025 982 operis

335 983 735 1055 elegantissime
773 1001 893 1036 esse
931 989 1376 1052 attemperatum,
1436 990 1582 1036 certe
1619 1000 1729 1035 non
1769 999 1887 1035 esse
1924 1001 2025 1051 pu-

336 1062 511 1110 tamus
550 1053 697 1124 quod
735 1053 996 1125 peculiari
1034 1072 1201 1124 opera
1235 1052 1562 1125 disputetur.

478 1168 621 1223 Sunt
657 1180 836 1221 autem
876 1167 1055 1220 omnia
1091 1168 1148 1219 in
1184 1166 1288 1221 hoc
1326 1167 1466 1222 libro
1497 1189 1759 1241 perquam
1795 1173 2027 1243 popula-

336 1243 467 1295 riter
507 1259 569 1293 ac
605 1239 818 1311 vulgari
855 1238 1135 1291 hominum
1185 1241 1369 1310 captui
1418 1242 1822 1296 accommodate
1861 1263 2027 1316 expo-

273 1358 274 1361 .
337 1315 470 1380 sita,
511 1319 573 1365 ut
610 1312 786 1382 primo
826 1310 1017 1364 saltem
1055 1310 1322 1380 adspectu
1360 1313 1416 1364 in
1454 1331 1518 1366 eo
1555 1314 1715 1383 plane
1754 1314 2029 1370 desidere-

335 1394 427 1439 tur
464 1383 660 1437 celsior
694 1383 790 1434 illa
823 1401 887 1435 ac
927 1381 1178 1434 subtilior
1213 1383 1636 1454 philosophandi
1671 1386 1829 1455 rati0,
1871 1405 2031 1456 quam

337 1459 392 1510 in
453 1455 730 1527 plerisque
788 1454 909 1506 aliis
958 1452 1206 1507 Platonis
1255 1455 1488 1528 dialogis
1537 1456 1722 1528 vigere
1761 1458 2029 1513 novimus.

338 1529 496 1597 Quae
530 1545 617 1580 res
656 1525 793 1579 adeo
832 1525 1119 1578 offensioni
1153 1525 1256 1578 fuit
1291 1527 1392 1579 Fr.
1430 1527 1643 1581 Astio
1681 1529 1769 1582 De
1806 1529 1940 1583 Vita
1979 1538 2034 1584 et

339 1599 571 1671 Scriptis
622 1598 766 1652 Plat.
816 1618 871 1668 p.
923 1599 1028 1652 292
1083 1615 1203 1667 sqq.
1253 1606 1314 1651 ut
1361 1597 1641 1652 Critonem
1691 1601 2033 1655 contenderit

337 1692 438 1743 pro
489 1671 628 1723 libro
683 1669 978 1724 subditicio
1013 1668 1323 1722 habendum
1361 1689 1479 1724 esse
1518 1678 1572 1724 et
1608 1672 1839 1726 Platone
1877 1692 2033 1744 pror-

340 1762 432 1798 sus
461 1741 718 1814 indigno,
771 1741 972 1814 quippe
1033 1740 1126 1810 qui
1173 1759 1351 1811 neque
1403 1741 1472 1794 ad
1519 1743 1650 1796 artis
1688 1743 1903 1797 laudem
1938 1764 2034 1798 ne-

341 1834 446 1885 que
485 1812 554 1867 ad
590 1832 766 1865 rerum
805 1814 1126 1884 gravitatem
1170 1831 1291 1865 cum
1329 1812 1448 1867 aliis
1472 1814 1786 1887 philosophi
1812 1816 2032 1887 scriptis

340 1884 643 1957 comparari
678 1885 871 1955 possit.
945 1886 1033 1937 ‘De
1073 1902 1180 1952 quo
1224 1884 1380 1938 nobis
1422 1885 1639 1954 quidem
1674 1887 1844 1940 multo
1881 1887 2035 1941 vide-

339 1967 428 2011 tur
466 1957 634 2009 aliter.
710 1955 854 2008 Nam
890 1956 1122 2028 primum
1179 1954 1397 2025 quidem
1434 1957 1857 2028 haudquaquam
1891 1959 2036 2012 levia

343 2036 501 2097 sunt,
561 2046 697 2097 quae
749 2046 815 2079 ex
863 2026 1500 2098 purissimis.doctrinae
1562 2030 1781 2083 moralis
1840 2029 2036 2084 hausta

341 2099 624 2172 principiis
665 2098 731 2151 de
771 2098 889 2152 iure
928 2098 1074 2152 civili
1114 2098 1290 2167 deque
1331 2098 1525 2153 officiis
1556 2100 1777 2169 pietatis
1815 2109 1870 2154 et
1906 2101 2037 2154 obe-

344 2171 581 2225 dientiae
617 2170 949 2241 reipublicae
987 2168 1331 2241 praestandis
1371 2169 1748 2241 disputantur,
1806 2191 2037 2242 quorum

341 2244 452 2297 vim
490 2250 545 2295 et
581 2241 922 2314 gravitatem,
962 2261 1100 2311 quae
1141 2249 1284 2295 certe
1326 2242 1486 2294 etiam
1529 2241 1597 2294 ad
1633 2243 1880 2298 Platonis
1915 2244 2038 2316 phi-

343 2314 654 2385 losophiam
712 2313 815 2365 fuit
863 2314 1124 2382 maxima,
1190 2313 1417 2366 multum
1466 2333 1715 2367 veremur
1769 2335 1837 2368 ne
1888 2315 2038 2370 criti-

345 2405 442 2441 cus
491 2384 865 2439 severissimus
903 2405 1012 2438 non
1063 2384 1194 2438 satis
1242 2384 1533 2456 diligenter
1585 2387 1873 2441 momentis
1925 2387 2038 2442 suis

343 2457 743 2530 ponderaverit.
817 2455 1038 2509 Deinde
1074 2457 1413 2526 popularitas
1465 2457 1600 2525 ista,
1650 2476 1787 2526 quae
1824 2477 1923 2529 per
1955 2466 2039 2512 to-

344 2538 461 2582 tum
495 2527 735 2581 libellum
782 2537 1003 2599 regnat,
1063 2528 1376 2597 neutiquam
1436 2535 1519 2581 est
1567 2528 1780 2581 abiecta
1833 2537 1887 2582 et
1938 2529 2039 2582 hu-

346 2600 508 2668 milis,
547 2617 684 2668 quae
722 2598 855 2650 artis
896 2598 1058 2650 laude
1095 2605 1279 2651 careat
1314 2606 1410 2651 aut
1439 2618 1618 2651 rerum
1641 2599 1750 2652 vim
1787 2607 1843 2653 et
1878 2601 2039 2654 uber-

347 2679 513 2724 tatem
549 2670 709 2740 plane
749 2669 950 2721 nullam
986 2668 1200 2721 habeat.
1275 2669 1394 2723 Imo
1441 2670 1498 2722 in
1536 2689 1744 2724 summa
1783 2672 2041 2744 simplici-

347 2749 460 2795 tate
507 2749 691 2794 tamen
740 2747 794 2792 et
842 2740 1125 2793 veritatem
1177 2747 1340 2810 atque
1378 2741 1700 2813 gravitatem
1739 2744 2040 2797 sententia-

348 2833 468 2867 rum
504 2817 746 2866 sectatur
796 2818 850 2863 et
886 2811 1127 2865 universi
1163 2811 1289 2866 libri
1326 2813 1628 2867 rationibus
1668 2813 2040 2869 sollertissime

349 2892 436 2938 est
484 2890 869 2951 attemperata,
923 2881 1192 2952 siquidem
1239 2902 1337 2954 per
1385 2884 1699 2955 scriptionis
1754 2886 2041 2940 consilium

347 2955 499 3009 nullo
535 2952 698 3008 modo
735 2953 855 3006 fieri
883 2954 1084 3026 potuit,
1121 2961 1183 3007 ut
1222 2962 1318 3007 aut
1355 2956 1608 3010 subtilius
1648 2964 1743 3010 aut
1817 2956 2040 3012 randius

351 3046 412 3081 ac
446 3024 730 3080 sublimius
781 3024 1098 3095 disputandi
1139 3045 1313 3099 genus
1361 3026 1708 3100 deligeretur.
1778 2977 1894 3084 {ed
1941 3049 2040 3083 no-

349 3098 527 3151 lumus
563 3097 699 3150 haec
735 3115 881 3150 nunc
917 3099 1176 3168 persequi
1202 3098 1496 3169 copiosiuS,
1536 3099 1850 3170 praesertim
1874 3120 2040 3170 quum

350 3169 475 3223 libri
510 3174 828 3240 argumento
865 3170 1171 3224 accuratius
1205 3169 1534 3241 perlustrato
1585 3177 1780 3240 sponte
1829 3171 2040 3225 intelle-

354 3248 502 3295 ctum
553 3240 620 3293 iri
665 3238 1059 3309 existimemus,
1117 3240 1247 3311 quid
1294 3240 1361 3294 de
1408 3248 1529 3295 tota
1582 3259 1776 3295 caussa
1809 3241 2040 3296 iudicari

355 3318 625 3385 oporteat.
698 3309 820 3364 Nec
856 3318 1035 3365 tamen
1071 3313 1334 3366 inutiliter
1363 3312 1709 3367 consulentur
1733 3332 1871 3384 quae
1909 3333 2039 3368 con-

356 3391 442 3437 tra
477 3383 749 3437 Astium
788 3380 1138 3452 disputarunt
1185 3383 1255 3437 Io
1274 3403 1317 3438 s.
1357 3383 1638 3439 Secher.
1678 3383 1766 3438 De
1805 3383 2040 3456 Scriptis
