2158 3718
589 163 634 216 C
672 164 720 216 R
757 163 787 214 Ι
827 162 873 214 Τ
919 161 987 213 ().
1045 160 1108 212 Ρ.
1146 161 1230 212 48.
1280 157 1359 211 St.
1743 155 1837 205 221

142 317 232 381 εἷς,
288 317 379 372 καὶ
435 310 579 377 αὑτὴ
635 308 669 377 ὴ
728 308 994 376 ἀλήθεια.
1057 304 1187 370 ὥςτε
1249 306 1615 375 πρῶτονμὲν
1672 299 1845 376 ταύτῃ

145 402 247 456 οὐκ
292 399 489 468 ὀρθῶς
532 401 741 463 εὶςηγεῖ,
788 393 1169 462 εὶςηγούμενος
1213 392 1311 456 τῆς
1358 391 1467 441 τῶν
1500 387 1720 440 πολλῶν
1757 384 1849 438 δά·-

140 486 235 551 ξης
270 487 388 541 ,δεῖν
429 479 579 551 ἡμᾶς
610 482 926 552 φροντίζειν
965 479 1086 546 περὶ
1124 477 1234 529 τῶν
1269 477 1494 527 δικαίων
1530 472 1623 524 καὶ
1666 471 1850 523 καλῶν

141 572 234 627 καὶ
293 567 542 636 ἀγαθῶν
602 568 694 617 καὶ
750 566 860 616 τῶν
904 564 1182 616 ἐναντίων.
1238 557 1382 612 ἀλλὰ
1428 558 1528 625 μὲν
1575 554 1662 619 δή,
1710 558 1850 624 φαίη

140 652 181 722 γ’
233 648 306 705 ἄν
351 672 447 713 τις,
493 646 604 703 οἷοί
648 647 685 700 τ’
740 650 874 701 εἰσὶν
918 644 1067 715 ἡμᾶς
1110 649 1160 698 οἱ
1205 645 1399 698 πολλοὶ
1429 638 1849 694 ἀποκτιννύναι.

141 737 264 791 ΚΡ.
317 738 472 801 Δῆλα
527 729 594 797 δὴ
638 735 730 786 καὶ
775 734 982 785 ταῦτα·
1041 734 1182 803 φαίη
1223 748 1331 796 γαρ
1375 721 1479 788 ἄν,
1520 715 1560 777 ὦ
1611 721 1850 793 ..Σώκρα-

140 841 244 884 τες.
291 818 421 873 ΣΩ.
462 816 680 882 Ἀληθῆ
726 820 910 882 λὲγεις.
953 811 1068 868 ἀλλ’
1087 855 1104 883 ,
1150 804 1191 865 ὦ
1239 809 1541 880 θαυμασιε,
1589 805 1752 869 οὑτός
1794 828 1849 862 τε

141 902 172 959 ὁ
217 902 410 972 λόγος,
472 898 538 956 ὃν
585 900 1026 970 διεληῑύθαμεν,
1083 902 1265 967 ἔμοιγε
1321 898 1470 952 δοκεῖ
1528 896 1606 946 ἔτι
1661 887 1855 961 ὅμοιος

143 1124 303 1177 quippe
332 1126 545 1174 nugantes
585 1121 683 1162 nihil
723 1126 958 1163 «urentem.
1021 1119 1069 1159 ln
1100 1131 1185 1171 quo
1217 1122 1336 1158 certe
1368 1118 1463 1168 ipse
1495 1116 1688 1156 critic-am
1730 1115 1854 1155 fxsti-

142 1183 252 1222 tavit
282 1180 432 1220 ieviter
461 1183 507 1218 et
537 1180 780 1229 nuoratorie,
813 1183 862 1218 ut
892 1178 988 1218 aliis
1020 1178 1126 1218 locis
1157 1175 1367 1228 piurimis

257 1237 416 1277 δοκεῖ
466 1237 540 1276 ἐτι
592 1233 819 1288 ὅμοιος]
879 1235 937 1275 ἔτι
985 1247 1079 1275 cum
1127 1233 1385 1274 Bekkero
1427 1230 1620 1272 dedimus
1670 1244 1692 1270 e
1741 1229 1854 1272 Qut»,

141 1294 864 1337 Ven.b.fluet.Par.D.F.10r
898 1292 934 1333 h.
997 1291 1162 1332 Deinde
1195 1292 1322 1343 vulgo
1361 1289 1584 1342 legebatur
1615 1288 1674 1341 τῷ
1705 1286 1854 1339 προτέ-

143 1367 226 1408 ρῳ,
269 1352 386 1405 quod
430 1365 454 1392 e
489 1324 1397 1394 Bod1.Tub.Ven.b.Huet.Pa1-T’DS
1436 1345 1556 1387 Vind.
1588 1344 1629 1387 4.
1665 1344 1781 1388 Fior.
1814 1346 1853 1386 h.

139 1414 184 1455 iu
217 1412 274 1465 τῷ
306 1411 373 1450 καὶ
405 1407 617 1461 πρότερον
647 1415 873 1450 mutatum.
914 1408 1103 1448 Temere
1134 1419 1271 1459 nuper
1313 1405 1397 1446 suit
1436 1405 1505 1456 qui
1543 1403 1601 1456 τῷ
1633 1403 1853 1444 eliminan-

141 1470 243 1511 dum
275 1473 488 1518 censeret,
519 1467 636 1519 quod
668 1473 787 1507 certe
823 1469 950 1518 longe
983 1470 1050 1506 est
1082 1465 1350 1505 verissimum
1386 1476 1422 1505 v
1457 1475 1551 1515 exp.
1545 1462 1676 1502 ’icatn

142 1638 424 1692 Phryniclium
447 1651 485 1690 p
497 1638 568 1681 57.
588 1638 650 1678 De
661 1635 838 1689 ἐροῦσιν
849 1650 944 1684 cum

143 1697 302 1750 duplici
340 1698 585 1737 accusativo
623 1702 874 1737 constiucto
907 1708 946 1735 v.

142 1755 195 1797 ad
230 1754 414 1823 Apolog.
439 1766 484 1796 c.
515 1754 598 1794 IX.
631 1765 656 1804 p
705 1752 773 1795 23.
812 1758 858 1796 Α.

201 1824 304 1852 ουκ
337 1806 523 1864 ὀρθῶς
551 1809 795 1863 ειεηγεῖ]
827 1809 947 1852 Ecs-

143 1869 407 1924 ηγεῖσθαι
436 1869 633 1911 dicuntur
664 1870 714 1920 ii,
753 1870 845 1920 qui
880 1871 950 1910 le-

141 1941 263 1980 gem.
294 1929 379 1968 vel
424 1925 807 1968 conditionem
853 1926 950 1969 ali-

141 1999 304 2038 quam
351 1985 537 2025 ferunt
587 1989 643 2023 et
691 1983 947 2024 suadent:

143 2043 347 2085 deinde
390 2043 478 2094 qui
518 2046 784 2082 auctores
823 2045 950 2082 sunt

142 2101 380 2142 alicuius
409 2099 514 2148 rei,
547 2098 634 2150 qui
669 2098 794 2150 quid
830 2111 949 2138 sua-

143 2158 304 2208 dent3
335 2169 423 2209 ‚qua
453 2156 493 2196 vi
527 2162 571 2196 et
603 2161 823 2207 potestate
854 2168 950 2196 ver-

145 2217 245 2256 bum
290 2215 565 2266 frequentant
606 2213 734 2253 etiam
776 2212 948 2264 Thucy-

143 2272 283 2323 dides,
310 2269 582 2323 Xenophon,
613 2270 948 2320 Demosthenes,

143 2331 379 2380 Isocrates,
395 2327 629 2377 Lucienus,
648 2327 747 2375 nm,-
769 2340 949 2379 usurpa-

142 2388 203 2429 vit
237 2387 426 2429 fortasse
465 2386 596 2426 etiam
637 2383 796 2438 Soph.
840 2384 951 2425 Oed.

143 2445 240 2488 Cot.
287 2457 328 2486 v
368 2441 520 2492 1284,
571 2442 642 2483 ubi
696 2442 949 2496 legendum:

144 2502 284 2547 καλῶς
322 2496 408 2555 γάρ
448 2499 637 2554 είεηγεῖ
669 2496 724 2540 σύ
764 2513 838 2550 μοι
871 2513 951 2553 pro

142 2557 473 2613 νυ18.έξηγέῐ.

164 2617 255 2661 ..Β
314 2616 483 2686 Δῆλα
506 2612 569 2670 δὴ
617 2615 706 2655 και
757 2614 950 2655 ταῦτα·

145 2680 279 2729 φαίη
319 2672 416 2729 γὰρ
456 2670 535 2721 ἄν,
577 2666 611 2712 ὦ
645 2672 727 2726 Σ.]
788 2672 840 2713 In
872 2672 953 2712 hoc

143 2733 242 2775 loco
275 2733 447 2774 mirifice
465 2731 636 2772 variant
654 2731 831 2771 codices
862 2742 951 2771 ma-

144 2792 363 2843 nuscripti.
412 2789 639 2830 Dubitntur
679 2793 823 2829 autem
860 2800 949 2827 ma·

143 2860 363 2901 mopere,
406 2853 546 2888 utrum
593 2848 721 2887 verba
764 2844 869 2898 δῆλα
901 2840 953 2897 δὴ

147 2906 276 2946 ταῦτα
316 2905 523 2947 trahenda
575 2904 659 2943 sint
698 2903 752 2944 ad
789 2904 951 2944 oratio-

145 2975 242 3004 nem
276 2962 487 3009 Socratis,
520 2972 570 3000 an
592 2962 648 3001 ad
668 2952 858 3002 Critonis
882 2973 950 3000 re-

147 3024 443 3072 sponsionem.
477 3018 595 3059 lnam
623 3020 833 3059 rationem
854 3029 950 3059 cum

147 3077 250 3119 Aid.
292 3079 390 3120 flas.
441 3075 472 3117 Ι.
531 3075 570 3117 2.
619 3076 754 3116 tenuit
792 3074 951 3116 Butt-

147 3147 393 3183 mannus;
468 3131 574 3173 hanc
643 3132 953 3179 Cornarius

149 3198 279 3245 atque
325 3192 356 3232 S
368 3198 386 3232 t
398 3205 421 3232 e
433 3205 458 3244 p
473 3188 495 3230 h
508 3203 533 3230 a
548 3202 571 3229 u
586 3202 609 3228 u
621 3201 642 3227 s
702 3189 951 3242 probarunt,

147 3251 222 3319 qui
255 3249 528 3292 scribendum
560 3245 771 3316 iudicarint:
803 3247 951 3315 Δηλα-

150 3303 203 3361 δὴ
235 3309 303 3349 καὶ
341 3307 470 3348 ταῦτα
503 3319 609 3357 φαιη
640 3300 679 3357 y'
712 3301 766 3344 ἄν
797 3316 883 3356 τις,
915 3297 951 3343 ὦ

150 3363 203 3406 Σ.
265 3366 321 3407 Et
358 3366 479 3406 iliam
515 3361 688 3416 quidem
735 3364 947 3404 rationem

147 3422 263 3475 quod
296 3423 474 3473 attinet,
506 3420 607 3462 ferri
639 3432 689 3461 ea
720 3424 952 3473 propterea.

1046 1649 1130 1677 non
1163 1649 1294 1688 posse
1327 1635 1518 1684 videtur,
1553 1632 1669 1686 quod
1702 1634 1854 1674 mirum

1045 1698 1248 1746 quantum
1283 1693 1499 1745 languoris
1541 1691 1718 1732 haberet
1755 1704 1854 1732 ora-

1047 1753 1122 1802 tio,
1155 1751 1190 1791 si
1224 1751 1403 1804 primum
1429 1749 1636 1790 Socrates
1661 1750 1855 1790 affirma-

1047 1815 1114 1850 ret
1142 1822 1229 1849 rem
1257 1822 1355 1850 esse
1381 1807 1676 1857 manifestam3
1699 1806 1855 1847 deiude

1049 1867 1171 1907 Crito
1197 1866 1310 1907 idem
1336 1866 1639 1913 confirmaret;
1670 1864 1855 1916 denique

1049 1924 1255 1965 Socrates
1305 1925 1459 1965 iterum
1510 1922 1616 1962 hanc
1673 1922 1854 1963 eandem

1051 1982 1306 2023 sententiam
1353 1980 1658 2033 comprobaret
1689 1987 1733 2020 et
1766 1981 1855 2020 lau-

1050 2041 1187 2081 daret.
1230 2039 1483 2079 Cornarii
1532 2042 1676 2079 autem
1727 2043 1856 2089 atque

1049 2095 1326 2149 Stephani
1359 2098 1587 2137 lectionem
1613 2108 1697 2135 non
1718 2099 1855 2147 magis

1049 2153 1312 2206 probandam
1337 2166 1583 2202 censemuS‚
1617 2165 1747 2204 quum
1779 2166 1855 2193 co-

1048 2211 1164 2253 dices
1176 2224 1328 2251 omnes
1339 2212 1588 2264 particulam
1612 2207 1694 2263 γάρ
1705 2216 1855 2252 tuean-

1049 2275 1119 2310 tur
1150 2273 1194 2309 et
1223 2269 1341 2309 istud
1375 2264 1536 2321 δηλαδή
1565 2268 1619 2307 ab
1651 2268 1854 2322 hocloco

1049 2327 1236 2367 alienum
1275 2327 1344 2366 sit.
1375 2326 1591 2369 Quocirca
1614 2327 1853 2379 recepimus

1051 2384 1280 2426 lectionem
1316 2383 1370 2424 ab
1403 2383 1480 2426 lm.
1503 2383 1754 2424 Bekkero
1787 2397 1859 2425 re-

1052 2442 1276 2492 stitutam,
1318 2454 1401 2494 qua
1442 2453 1594 2483 omues
1636 2441 1715 2481 ioci
1747 2441 1859 2482 diffi-

1051 2501 1236 2540 cultates
1248 2499 1476 2540 tolluntur.
1503 2502 1730 2550 Postquam
1747 2499 1858 2541 enim

1051 2557 1259 2598 Socrates
1312 2555 1418 2597 dixit
1467 2556 1558 2598 fieri
1598 2569 1753 2608 posse,
1808 2561 1858 2598 ut

1050 2614 1146 2667 quis
1183 2613 1265 2667 ipsi
1308 2614 1484 2655 obiiciat
1532 2614 1643 2667 vulgi
1683 2615 1854 2667 opinio·

1051 2685 1149 2713 nem
1196 2684 1296 2714 esse
1354 2670 1691 2725 respiciendam,
1752 2673 1854 2724 quia

1051 2735 1170 2770 tanta
1202 2732 1256 2770 sit
1283 2730 1394 2770 iliius
1413 2729 1620 2782 potentia,
1651 2735 1698 2770 ut
1716 2730 1853 2783 ipsam

1050 2788 1182 2828 vitam
1231 2787 1397 2836 eripere
1437 2788 1576 2840 possit
1616 2787 1682 2827 cui
1726 2788 1854 2843 velitr,

1053 2843 1161 2886 hanc
1175 2846 1433 2886 senteutiam
1458 2844 1613 2898 cupide
1643 2846 1854 2898 arripiens

1053 2902 1172 2944 Crito
1204 2902 1442 2955 respondet
1481 2904 1609 2943 etiam
1643 2901 1724 2943 hoc
1755 2916 1855 2945 esse

1053 2959 1350 3011 manifestum3
1400 2960 1490 3002 fieri
1548 2960 1658 3002 enim
1708 2960 1855 3014 utique

1053 3029 1205 3069 posse,
1244 3023 1290 3059 ut
1327 3017 1424 3071 quis
1466 3017 1503 3058 ei
1534 3015 1616 3058 hoc
1647 3024 1853 3071 opponat.

1051 3074 1153 3116 Quo
1203 3075 1317 3117 facto
1365 3074 1572 3116 Socrates
1616 3075 1854 3144 respondet

1047 3126 1221 3186 Ἀληθῆ
1235 3132 1383 3186 λέγεις,
1413 3131 1494 3174 hoc
1516 3135 1598 3182 est,
1628 3133 1853 3175 verissime
1925 3147 1929 3162 ¹

1050 3189 1114 3229 ais
1154 3189 1235 3235 hoc
1267 3204 1364 3232 esse
1394 3189 1692 3242 manifestum3
1728 3190 1853 3232 dein-

1049 3259 1150 3299 ceps
1170 3253 1314 3290 autem
1339 3248 1499 3289 docere
1529 3247 1710 3290 instituit
1741 3249 1852 3289 iiiam

1047 3304 1423 3357 reprehensionem
1456 3317 1608 3347 vanam
1640 3310 1770 3359 atque
1790 3306 1852 3345 in-

1046 3372 1172 3404 anem
1202 3363 1387 3405 futuram
1421 3375 1533 3405 esse.

1106 3412 1214 3459 ἀλλ’
1257 3444 1311 3451 -
1366 3418 1564 3469 ὅμοιος
1611 3412 1754 3458 εἶναι
1787 3417 1851 3469 τῷ
