2158 3718
295 202 304 209 .
356 163 430 214 86
1000 163 1410 219 PLATOle

270 310 311 360 B
357 307 559 384 φῦναι,
615 304 978 376 ἀπέθνησκον
1032 307 1141 364 ὑπὸ
1198 313 1301 365 τοῦ
1354 314 1515 383 λιμοῦ
1571 314 1663 366 καὶ
1717 315 1813 381 τῆς
1864 310 2037 384 ἄλλης

361 389 560 463 ἀργίας
592 388 699 447 »διὰ
740 389 805 448 τὸ
847 395 1019 462 μηδὲν
1062 396 1278 449 ἐθέλειν
1323 399 1490 470 χωρὶς
1540 393 1794 464 ἀλλήλων
1836 408 2035 457 ποιεῖν.

362 477 457 531 καὶ
499 472 668 532 ὁπότε
711 497 766 531 τι
791 473 1094 532 ἀποθάνοι
1135 479 1248 532 τῶν
1278 475 1526 550 ἡμίσεων,
1569 477 1634 534 τὸ
1679 483 1736 536 δὲ
1761 484 2038 559 λειφθείη,

362 555 427 615 τὸ
471 561 712 634 λειφθὲν
755 555 894 615 ἄλλο
937 559 1112 628 ἐζήτει
1153 563 1247 616 καὶ
1290 567 1656 630 συνεπλέκετο,
1700 564 1804 621 εἴτε
1848 584 2041 637 γυναι-

361 639 459 708 κὸς
504 646 606 711 τῆς
641 639 775 710 ὅλης
817 642 1036 716 ἐντύχοι
1076 642 1272 715 ἡμίσει,
1310 643 1340 702 ὃ
1398 644 1465 715 δὴ
1520 651 1637 703 νῦν-
1663 660 1899 719 γυναῖκα
1940 673 2040 707 κα-

362 730 591 798 λοῦμεν,
638 725 738 782 εἴτ’
787 724 1026 800 ἀνδρός·
1068 732 1161 785 καὶ
1204 727 1379 795 οὕτως
1421 724 1787 790 ἀπώλλυντο(
1819 732 2043 803 ἐλεήσας

362 813 420 866 δὲ
464 808 494 866 ὁ
537 806 675 875 Ζεὺς
714 805 891 878 ἄλλην
915 810 1173 885 μηχανὴν
1214 818 1512 888 πορίζεται,
1553 820 1645 872 καὶ
1669 823 2040 889 μετατίθησιν

359 892 548 952 αὐτῶν
589 897 661 950 τᾶ
694 897 883 951 αἰδοῖα
909 902 985 962 εὶς
1017 895 1080 954 τὸ
1107 899 1398 971 πρόσθεν·
1440 905 1572 965 τέως
1601 898 1710 975 γὰρ
1739 905 1833 958 καὶ
1857 907 2038 960 ταῦτα

358 975 514 1044 ἐκτὸς
556 976 720 1053 εἶχον,
764 981 856 1035 καὶ
887 986 1117 1051 ἐγέννων
1157 986 1252 1038 καὶ
1279 987 1490 1041 ἔτικτον
1516 982 1616 1040 οὐκ
1647 991 1722 1050 εὶς
1749 985 2042 1055 ἀλλήλους,

271 1078 313 1128 c
364 1062 491 1119 ἀλλ’
561 1071 638 1130 εὶς
693 1066 829 1135 γῆν,
889 1063 1070 1140 ὥσπερ
1130 1071 1183 1122 οἱ
1228 1072 1479 1139 τέττιγες.
1530 1073 1802 1141 μετέθηκε
1843 1092 1901 1128 τε
1943 1064 2044 1129 οὖν

358 1144 536 1213 οὕτως
575 1146 764 1205 αὐτῶν
793 1153 869 1214 εὶς
915 1146 979 1206 τὸ
1018 1149 1277 1225 πρόσθεν
1304 1155 1397 1209 καὶ
1440 1149 1531 1208 διὰ
1564 1151 1777 1210 τούτων
1812 1152 1917 1224 τὴν
1957 1163 2045 1228 γέ-

467 1308 837 1361 εἷπέθνησκον
874 1312 984 1357 ὑπὸ
1027 1318 1130 1356 τοῦ
1168 1315 1366 1370 λιμοῦ]
1409 1317 1646 1360 Articulum
1679 1321 1760 1359 τοῦ·
1798 1331 1882 1361 om.
1917 1319 2042 1365 Bodl.

354 1369 508 1423 (quem
551 1368 736 1413 Bekker.
776 1383 863 1414 non
901 1373 1254 1427 commemorat.)
1307 1373 1400 1415 Vnt.
1445 1373 1497 1417 A.
1532 1374 1622 1418 Ven
1676 1374 1726 1418 Ξ.
1765 1376 1892 1420 vind.
1920 1377 1963 1423 2.
2000 1379 2043 1422 7.

353 1426 453 1468 Par.
475 1426 578 1469 ΒΚ.
600 1427 705 1482 Aug.
734 1442 783 1470 w.
807 1429 900 1474 vat.
922 1443 961 1484 p.
999 1431 1279 1485 probantibus
1317 1431 1569 1475 Turicenn.
1618 1431 1696 1475 sed
1730 1445 1770 1474 v.
1805 1440 1961 1480 annot.
1995 1437 2043 1480 In

355 1484 504 1527 Ambr.
535 1488 579 1528 et
610 1484 705 1527 Vnt.
744 1499 777 1527 ι·.
811 1491 880 1530 est
906 1486 989 1529 ὑπὸ
1025 1492 1102 1541 τῆς
1132 1487 1278 1544 λιμοῦ.

471 1567 526 1611 Β.
585 1570 774 1612 αἰδοῖα
822 1571 898 1622 εἰς
944 1571 1004 1614 τὸ
1054 1571 1330 1630 πρόσθεν]
1371 1572 1542 1631 πρόσθε
1581 1573 1650 1617 hic
1689 1580 1734 1619 et
1771 1588 1873 1620 mox
1909 1577 2042 1626 CoisL

358 1626 473 1669 conf.
504 1625 560 1669 ad
591 1640 634 1683 p.
671 1627 765 1674 174.
798 1630 853 1672 A.

473 1712 525 1755 C.
586 1715 871 1768 μετέθηκε(
913 1730 969 1757 τε
1016 1710 1114 1758 οὖν
1161 1714 1340 1763 οὕτως
1388 1715 1602 1769 αὐτῶν]
1653 1716 1791 1767 οὕτως
1828 1731 1911 1762 om.
1941 1718 2042 1764 Pur.

355 1768 506 1814 EFK.
528 1773 635 1825 Ang.
654 1783 697 1814 u.
729 1771 825 1813 Vat.
854 1784 894 1814 n.
915 1785 959 1827 p.
979 1786 1015 1817 s.
1039 1774 1156 1816 Flor.
1181 1788 1219 1817 a.
1237 1774 1381 1816 b.c.i.
1434 1775 1523 1817 Pro
1557 1774 1702 1818 αὐτῶν
1739 1776 1896 1818 habent
1925 1775 2043 1818 αὐταί

355 1826 457 1870 Par.
493 1828 597 1870 DK.
629 1829 725 1872 Vat.
757 1842 798 1883 p.
837 1830 959 1874 Vind.
992 1831 1034 1874 7.
1073 1833 1285 1887 probante
1325 1833 1474 1885 Aetio,
1511 1833 1583 1885 qui
1622 1838 1847 1888 praeterea
1881 1847 1961 1888 pro
1992 1849 2040 1876 u

355 1885 532 1939 scripsit
562 1886 625 1927 δέ.
681 1886 730 1928 In
764 1887 891 1930 Bodl.
928 1886 1074 1930 αὐτῶν
1111 1890 1277 1932 omisso
1316 1890 1472 1943 spiritu
1511 1891 1741 1945 scriptum,
1782 1891 1897 1944 quod
1929 1893 2043 1934 solet

357 1954 455 1984 esse
507 1943 667 1985 erroris
704 1944 922 1987 indicium.
991 1946 1243 1990 Riickertus
1292 1947 1546 2001 pronomine
1584 1948 1724 1990 eiecto
1765 1949 2041 1993 scribendum

355 2001 544 2045 censuit:
586 1999 725 2050 οὕτως
763 2003 821 2047 εἰς
859 2002 910 2043 τὸ
946 2003 1177 2060 πρόσθεν,
1226 2004 1353 2059 idque
1391 2005 1589 2058 probavit
1627 2007 1759 2047 etiam
1798 2007 2035 2060 Creuzero,

353 2070 485 2110 quem
526 2058 624 2101 vide
655 2060 681 2102 Ι.
713 2071 750 2102 c,
786 2073 827 2114 p.
863 2059 957 2107 140.
1029 2061 1134 2104 Mihi
1175 2075 1284 2104 nunc
1323 2075 1470 2104 verum
1509 2061 1682 2105 videtur
1721 2062 1836 2116 quod
1874 2064 2039 2117 primus

354 2116 490 2157 suasit
529 2115 798 2159 Sommerus.
870 2117 912 2159 Is
952 2119 1062 2161 enim
1102 2119 1172 2162 illa
1214 2121 1444 2174 Protagor.
1476 2134 1519 2174 p.
1549 2119 1647 2165 339.
1690 2121 1740 2162 D.
1783 2133 2040 2175 comparans

350 2170 495 2214 αὐτῶν
534 2186 630 2216 cum
669 2172 722 2216 τὸ
765 2172 968 2231 πρόσθεν
997 2177 1336 2220 connectendum
1369 2177 1600 2231 iudicavit,
1643 2183 1691 2220 ut
1720 2177 1774 2220 ad
1803 2179 2042 2234 μετέθηκεν

404 2313 510 2358 ὑπὸ
544 2320 645 2358 τοῦ
673 2316 877 2372 λιμοῦ]
914 2317 1029 2361 fame
1061 2319 1153 2362 in-

349 2371 414 2415 de
446 2379 654 2417 exorta.
692 2374 970 2430 Infrap.207.
1003 2377 1060 2419 Be
1092 2380 1152 2433 τῷ·

348 2430 460 2488 λιμῷ
473 2430 832 2486 παρατεινόμενα.
847 2433 1019 2476 Menon.
1032 2434 1149 2488 p.91.

348 2487 410 2530 E:
444 2489 552 2542 ταχὺ
581 2488 635 2530 ἂν
650 2494 710 2547 τῷ
733 2492 842 2547 λιμῷ
860 2489 1148 2534 ἀποθάνοιεν.

349 2547 696 2602 Aristoph.
730 2548 836 2589 Pac.
868 2549 1027 2595 v.483.
1060 2548 1147 2592 ὑπὸ

347 2606 441 2643 τοῦ
462 2604 607 2657 λιμοῦ.
666 2607 772 2647 Avv.
808 2619 850 2646 v.
879 2605 980 2650 337.
1027 2610 1069 2648 Χ
1094 2621 1152 2650 e-

349 2671 375 2699 n
400 2673 472 2713 op
497 2660 536 2704 h.
590 2663 726 2704 Anah.
758 2662 790 2704 1.
823 2662 878 2715 5,
923 2663 974 2707 5:
1011 2663 1151 2704 πολλὰ

349 2720 433 2755 τῶν
464 2715 705 2771 ὑποζυγίων
729 2717 921 2759 ἀπώλετο
943 2719 1031 2760 ὑπὸ
1068 2724 1150 2760 τοῦ

347 2772 497 2826 λιμοῦ,
530 2775 600 2815 ubi
630 2788 671 2817 v.
704 2775 781 2816 Kr
802 2779 828 2815 1⁶1
852 2789 882 2828 g
904 2789 927 2817 e
948 2790 979 2818 ι·.
1031 2776 1148 2818 Male

350 2829 477 2871 codd.
513 2830 684 2883 quidam
734 2836 816 2872 τοῦ·
865 2845 952 2874 om.
1016 2832 1147 2876 Quod

350 2887 431 2928 etsi
475 2900 553 2941 per
598 2900 721 2931 usum
765 2889 966 2942 loquendi
1008 2891 1149 2943 potuit

346 2944 455 2995 fieri,
488 2944 615 2987 sicuti
645 2945 813 2999 patebit
847 2959 900 2987 ex
922 2959 1015 2990 ann.
1049 2948 1151 2988 Go-

348 3001 484 3044 dosr.
518 3002 820 3044 Her-manni
854 3003 908 3045 ad
932 3004 1149 3059 Aristoph.

345 3058 493 3102 Nubbe
512 3073 554 3103 v.
571 3058 688 3113 834.‚
721 3064 865 3102 tamen
890 3075 966 3115 per
998 3076 1046 3104 se
1064 3076 1149 3105 non

348 3125 416 3158 est
445 3117 668 3161 verisimile
711 3119 943 3161 lectionem
976 3121 1148 3173 elegan—

347 3175 558 3218 tissimam
602 3188 627 3217 a
655 3176 948 3229 grammaticis
996 3178 1147 3219 inven-

347 3237 435 3275 tam
467 3238 512 3275 et
540 3233 581 3276 in
601 3231 776 3276 codices
800 3233 1010 3276 invectam
1033 3248 1144 3277 esse.

347 3290 441 3332 lmo
482 3290 551 3334 hic
593 3302 764 3344 quoque
802 3290 934 3333 Bodl.
989 3296 1032 3334 et
1072 3293 1144 3346 qui

344 3359 446 3390 cum
478 3362 531 3391 eo
564 3348 722 3391 faciunt
763 3347 857 3390 iibri
893 3350 1144 3402 grammati·

347 3416 498 3450 corum
518 3406 792 3461 expertisunt
815 3406 1139 3460 correctionem,

1237 2332 1321 2374 qua
1351 2320 1409 2362 ita
1440 2319 1598 2362 factum
1625 2325 1706 2372 est,
1740 2325 1789 2362 ut
1818 2320 2038 2373 articulus,

1236 2382 1391 2432 utpote
1423 2377 1587 2419 criticis
1614 2378 1754 2420 minus
1775 2378 2037 2430 intellectus,

1236 2435 1439 2476 continuo
1471 2434 1786 2477 extruderetur.

1297 2493 1345 2534 Β.
1380 2490 1471 2532 καὶ
1500 2496 1591 2544 ‘DJ-s·
1629 2491 1791 2547 ἄλλης
1823 2490 2032 2547 α’ργίας]

1236 2563 1296 2591 ac
1330 2554 1638 2604 praeterea
1668 2550 1775 2603 ign
1796 2563 1821 2590 a
1842 2563 1864 2590 v
1886 2551 1898 2591 i
1919 2563 1960 2602 a,
1990 2562 2033 2590 v.

1235 2606 1289 2648 ad
1337 2608 1520 2660 Apolog.
1572 2607 1741 2648 Socrat.
1786 2619 1827 2659 p.
1867 2605 1941 2650 36.
1982 2607 2032 2649 C.

1236 2663 1422 2704 Phaedr.
1447 2677 1486 2716 p.
1505 2661 1604 2706 232.
1624 2663 1692 2714 E„
1711 2663 1781 2704 ubi
1796 2675 1908 2715 quae
1933 2665 2034 2705 lau-

1235 2719 1349 2770 davi,
1380 2721 1431 2760 iis
1448 2719 1560 2761 adde
1585 2724 1619 2760 A
1633 2721 1774 2760 risto
1792 2719 1868 2773 ph.
1895 2720 2034 2764 Rann.

1237 2775 1362 2819 1195.
1396 2776 1586 2830 Enrip.
1615 2776 1736 2819 Med.
1765 2775 1863 2822 298.
1896 2778 2034 2821 Usur-

1232 2838 1358 2887 patur
1373 2832 1476 2875 haec
1493 2833 1692 2887 loquendi
1714 2833 1869 2886 forma,
1900 2848 2031 2888 quum

1233 2889 1336 2943 quid
1371 2904 1424 2934 ex
1459 2890 1613 2934 eodem
1643 2904 1807 2945 genere
1839 2905 2033 2936 comme-

1236 2952 1440 2991 moratur.

1291 3006 1519 3058 ἐγέννων
1549 3004 1640 3046 καὶ
1667 3007 1892 3048 ἔτικτον
1923 3023 1965 3049 κ.
1989 3024 2030 3052 τ.

1234 3061 1271 3103 λ.
1289 3063 1303 3116 ]
1342 3065 1374 3104 Α
1389 3064 1499 3106 elia
1514 3076 1555 3104 n.
1597 3063 1711 3107 Hist.
1758 3064 1936 3108 Animal.
1971 3065 2026 3109 11.

1233 3119 1315 3163 22:
1344 3125 1443 3169 ταῖς
1472 3119 1637 3174 ἀφύαις
1663 3119 1687 3162 o‘
1706 3120 1840 3175 πηλὸς
1869 3122 2030 3176 γένεσίς

1231 3179 1322 3218 ἐστι
1336 3194 1346 3203 ·
1365 3177 1430 3220 δι’
1451 3176 1644 3230 ἀλλήλων
1666 3179 1709 3220 δὲ
1728 3177 1779 3220 οὗ
1799 3179 2028 3232 τίκτουσιν,

1231 3233 1335 3277 οὐδὲ
1347 3236 1612 3290 ἐπιγίνονται
1628 3251 1715 3276 κ.τ.
1728 3236 1768 3280 λ.
1792 3236 1856 3279 De
1876 3249 1901 3278 c
1913 3237 1925 3278 i
1939 3251 1963 3279 c
1978 3250 2028 3279 a·

1231 3292 1316 3335 dis
1346 3293 1401 3335 ad
1433 3292 1471 3335 h.
1503 3294 1530 3336 Ι.
1566 3291 1822 3338 Wolfius:
1866 3294 2028 3347 „Die-

1231 3363 1289 3393 se
1322 3349 1736 3405 Vergleichung
1767 3351 2029 3393 erkliirte
2077 3378 2090 3390 .

1232 3408 1324 3451 mir
1357 3408 1440 3451 ein
1471 3404 1765 3462 gelehrter
1793 3406 2026 3460 Freund,
