2158 3718
836 131 1098 176 PHAEDo
1130 147 1177 190 p.
1200 135 1269 176 87.
1838 134 1942 187 199

153 277 392 342 Ιθρωπος
439 275 552 334 σῶς
599 273 780 346 ἐστιν,
831 269 1022 341 ἐπειδὴ
1060 271 1124 325 τό
1151 291 1223 339 »γε
1260 268 1796 343 ὀλιγοχρονιώτερον
1833 273 1939 328 οὐκ

156 355 436 412 ἀπόλωλε.
491 355 554 409 τὸ
593 353 665 424 δ’,
704 350 876 425 οἶμαι,
917 350 962 409 ὦ
999 353 1372 426 Σιμμία,”οὐχ
1410 355 1589 419 οὕτως
1626 359 1761 425 ἔχει·
1804 357 1940 411 σκό-

153 459 254 513 πει
296 437 404 510 γὰρ
453 441 546 493 καὶ
592 437 664 492 σὺ
711 438 748 493 ὀὶ
784 441 951 509 λέγω·
1012 445 1119 503 πᾶς
1156 438 1226 493 ἂν
1263 437 1568 509 ὑπολάβοι,
1608 439 1695 494 ὅτι
1734 439 1939 510 εὔηθες

153 527 310 594 ,λέγει
348 524 377 578 ὁ
414 527 580 578 τοῦτο
620 524 823 592 λέγων·
869 522 897 579 ὁ
935 523 1042 595 γὰρ
1083 523 1335 594 ὑφάντης
1360 518 1524 587 οὗτος
1548 524 1729 578 πολλοὶ
1765 545 1938 578 κατα-

91 608 94 611 “
158 612 359 679 τρίψας
393 612 624 662 τοιαῦτα
663 609 849 678 ἱμάτια
875 610 967 662 καὶ
993 607 1352 680 ὑφηνάμενος
1379 609 1614 663 ἐκείνων
1638 609 1743 679 μὲν
1769 609 1936 663 ὔστε-

94 742 100 747 .
159 713 259 763 ’ρος
302 690 560 747 ἀπόλωλε
604 696 833 746 πολλῶν
879 692 1089 763 ὄντων,
1129 697 1230 747 τοῦ
1269 694 1330 747 δὲ
1367 697 1722 763 τελευταίου,
1762 690 1933 764 οἶμαι,
1956 707 1991 747 D

159 776 456 846 πρότερος,
506 777 599 830 καὶ
635 775 805 831 οὐδέν
841 798 893 831 τι
938 781 1153 848 μᾶλλον
1189 779 1395 831 τούτου
1430 778 1595 831 ἕνεκα
1633 776 1936 848 ἅνθρωπός

158 861 315 915 ἐστιν
354 861 574 930 ἱματίου
613 862 985 932 φαυλότερον,
1025 860 1150 915 οὐδ’
1187 861 1613 932 ἀσθενέστερον.
1690 861 1794 932 τὴν
1832 861 1937 915 αὐ-

152 942 263 1014 τὴν
300 944 363 999 δὲ
399 946 627 1015 ταύτην,
666 942 837 1016 οἶμαι,
880 947 1071 999 εἰκόνα
1108 945 1310 1009 δέξαιτ’
1347 946 1419 999 ἂν
1455 945 1604 1015 ψυχὴ
1644 945 1784 1015 πρὸς
1820 950 1934 1000 ‹505-

155 1049 253 1099 μα,
292 1032 391 1083 καί
421 1049 504 1093 τις
541 1030 721 1097 λέγων
758 1028 901 1083 αὐτὰ
937 1033 1113 1083 ταῦτα
1149 1031 1276 1100 περὶ
1315 1028 1504 1083 αὐτῶν
1539 1028 1715 1099 μέτρι’
1743 1028 1815 1083 ἄν
1839 1051 1937 1101 μοι

147 1116 415 1182 4φαίνοιτο
462 1113 677 1182 λέγειν,
729 1111 870 1183 15ςὴ
909 1113 1012 1183 μὲν
1057 1112 1206 1183 ψυχὴ
1245 1113 1626 1185 πολυχρόνιόν
1673 1114 1820 1183 ἐστι,
1871 1112 1934 1168 τὸ

149 1197 220 1251 ’δὲ
258 1201 416 1267 σῶμα
454 1195 861 1267 ἀσθενέστερον
900 1197 993 1250 καὶ
1031 1196 1581 1268 ὀλιγοχρονιώτερον.
1648 1195 1790 1251 ἄλλα
1826 1197 1934 1269 γὰρ

102 1293 104 1296 ’
147 1280 228 1347 ἂν
266 1284 403 1351 φαίη
443 1281 679 1351 ἑκάστην
716 1286 829 1335 τῶν
865 1286 1064 1351 ψυχῶν
1089 1279 1270 1335 πολλοὶ
1295 1282 1522 1352 σώματα
1556 1284 1932 1353 κατατρίβειν,

269 1432 480 1494 ἐπειδὴ
503 1432 564 1481 τό
592 1437 667 1494 γε]
692 1453 744 1494 γε
766 1441 892 1492 vulgo
916 1441 1120 1481 omissum
1142 1441 1236 1481 libri
1257 1440 1343 1481 fere
1364 1452 1512 1481 ornnes
1532 1426 1818 1484 reddiderunt.

258 1509 380 1558 πᾶς
421 1501 453 1551 ἅ
463 1508 509 1563 ν]
554 1505 642 1565 γάρ
672 1512 715 1551 111
746 1511 860 1552 editt.
891 1511 1087 1552 omnibus
1114 1519 1212 1564 post
1239 1509 1333 1559 πᾶς
1363 1511 1661 1564 interpositum
1692 1522 1775 1554 om.
1801 1509 1929 1553 Coisl.

152 1567 255 1609 Vat.
278 1566 382 1609 Tub.
406 1567 585 1608 Vind.&
606 1567 702 1608 Par.
726 1566 918 1608 GEHIL
940 1568 1087 1608 Ambr.
1112 1569 1225 1621 Aug.
1249 1567 1357 1611 Flor.
1382 1581 1406 1609 a
1426 1568 1453 1608 b
1476 1580 1498 1606 c
1520 1567 1547 1607 d
1567 1568 1581 1607 i
1602 1580 1644 1607 111
1676 1573 1715 1607 et
1748 1579 1772 1606 a
1792 1579 1928 1621 pr.m.

152 1623 262 1663 Ven.
285 1622 346 1664 Π.
374 1623 505 1675 Eieci,
528 1636 623 1664 cum
644 1623 836 1663 videatur
857 1636 953 1664 esse
976 1624 1318 1677 supplementum
1339 1624 1709 1677 grammaticorum
1730 1624 1930 1677 asyndeti

150 1679 409 1732 elegantiam
431 1691 513 1720 non
534 1680 885 1759 percipientium.
914 1681 1156 1721 Tenuerunt
1178 1693 1277 1721 vero
1302 1681 1451 1734 nuperi
1475 1681 1674 1721 editores.

266 1749 315 1792 D.
349 1741 453 1802 τὴν
482 1742 669 1802 αὐτὴν
697 1744 759 1791 δε
781 1743 1091 1803 ταυτην]ὃὲ
1114 1751 1242 1803 vulgo
1266 1751 1470 1791 omissum
1492 1763 1514 1789 e
1535 1751 1655 1794 Bodl.
1681 1751 1807 1793 Coisl.
1830 1751 1927 1791 Vat.

156 1806 261 1847 Tub.
292 1807 400 1846 Ven.
421 1806 522 1847 ΛΠ
547 1808 656 1858 Aug
689 1806 796 1849 Flor
821 1819 845 1845 a
869 1807 891 1846 b
914 1821 936 1846 c
958 1807 983 1847 d
1005 1809 1018 1846 i
1040 1819 1081 1846 m
1111 1782 1213 1850 pare
1229 1805 1462 1847 CEGHIL
1491 1809 1635 1849 Ambr.
1668 1808 1722 1850 al
1756 1807 1930 1848 restitu-

154 1871 243 1901 tum
265 1868 341 1905 est.
382 1855 563 1915 ταύτην
591 1875 672 1902 om.
694 1862 814 1902 Bodl.
846 1862 954 1904 Ven.
978 1863 1028 1904 H
1052 1864 1157 1903 Tub.
1201 1863 1305 1903 Dein
1334 1869 1435 1907 vett
1459 1863 1577 1906 editt
1602 1856 1631 1916 ἡ
1655 1856 1787 1916 ψυχὴ
1810 1855 1929 1916 πρὸς

146 1917 301 1983 σῶμα,
325 1918 561 1958 Articulum
583 1931 692 1958 unus
712 1918 801 1958 fere
821 1919 930 1959 Ven.
953 1918 998 1965 ,Ξ
1016 1925 1170 1972 tuetur,
1194 1920 1383 1973 plerique
1405 1931 1551 1960 omnes
1572 1928 1685 1959 recte
1707 1920 1924 1970 omittunt,

152 1976 345 2025 sequitur
366 1975 478 2014 enim
499 1967 615 2027 πρὸς
638 1974 785 2028 σῶμα.

266 2037 449 2099 μέτρι’
473 2058 542 2085 αν
564 2043 674 2098 μοι]
698 2045 751 2085 V.
773 2038 940 2098 μέτριοί
960 2057 1056 2098 μοι,
1082 2045 1194 2095 quod
1215 2046 1482 2085 emendatum
1507 2058 1529 2084 e
1550 2045 1668 2085 Bodl.
1688 2043 1816 2087 Coisl.
1828 2045 1927 2085 Vat.

148 2102 258 2145 Tub.
282 2102 391 2143 Ven.
415 2101 514 2147 ΞΠ
535 2111 576 2141 et
603 2102 814 2154 plerisque
836 2102 944 2145 aliis.
986 2102 1090 2141 Dein
1114 2110 1214 2141 vett.
1239 2102 1357 2142 editt.
1389 2096 1449 2149 ὡς
1471 2094 1500 2155 ἡ
1523 2097 1655 2156 ψυχὴ
1676 2097 1778 2155 μέν,
1802 2114 1929 2153 quem

148 2158 343 2198 ordinem
366 2158 620 2197 recentiores
643 2157 822 2197 editores
847 2169 868 2196 e
889 2157 1007 2198 Bodl.
1021 2158 1127 2200 Tub.
1137 2158 1246 2197 Ven.
1258 2156 1361 2204 ΞΠ
1377 2158 1504 2200 Vind.
1522 2158 1562 2198 'I'
1587 2159 1682 2200 Zitt.
1697 2165 1929 2202 mutarunt.

153 2213 232 2254 Pro
261 2207 710 2278 πολυχρονιώτερον,
743 2213 855 2264 quod
883 2213 980 2252 olim
1013 2227 1034 2253 e
1055 2214 1149 2254 Vat.
1181 2214 1291 2254 F101.
1315 2215 1341 2253 d
1373 2214 1467 2253 Zitt.
1490 2214 1582 2256 Par.
1604 2214 1637 2253 L
1668 2227 1927 2265 revocamin,

154 2282 266 2309 nunc
285 2271 399 2310 tenui
419 2264 747 2323 πολυχρόνιον,
766 2271 1013 2322 praesertim
1037 2281 1131 2309 cum
1149 2270 1386 2310 Bekkerum
1404 2271 1569 2310 videam
1587 2271 1762 2310 alteram
1784 2271 1931 2311 lectio-

153 2338 250 2366 nem
282 2338 334 2365 ex
353 2337 437 2366 uno
467 2333 627 2367 tantum
649 2325 742 2367 Par.
766 2326 1020 2366 enotavisse.
1063 2326 1147 2366 Nec
1170 2327 1324 2366 desunt
1344 2326 1427 2367 alia
1449 2327 1725 2380 comparativi
1748 2335 1788 2367 et
1808 2327 1926 2381 posi-

150 2383 227 2422 tivi
248 2383 307 2422 ita
328 2383 560 2422 consociati
582 2382 787 2434 exempla.

267 2442 334 2493 ὂὶν
375 2450 536 2505 φαίη]
578 2452 630 2494 V.
676 2450 845 2505 φαίην,
889 2452 1002 2501 quod
1043 2465 1064 2491 e
1104 2452 1223 2494 Bodl.
1264 2451 1393 2495 Coisl.
1426 2453 1524 2492 Vat.
1554 2453 1663 2493 Tub.
1692 2454 1799 2496 Ven.
1831 2451 1932 2494 ΛΠ

152 2508 282 2548 Vind.
306 2508 345 2549 Φ
366 2508 459 2548 Par.
484 2506 601 2549 CHL
629 2508 759 2551 Vind.
786 2510 806 2547 1
830 2509 855 2548 2
876 2509 903 2548 4
924 2508 949 2548 6
977 2508 1086 2551 Flor.
1110 2521 1135 2548 a
1156 2510 1180 2548 b
1204 2521 1225 2547 c
1246 2509 1259 2548 i
1282 2510 1377 2548 Zitt.
1402 2517 1443 2549 et
1463 2521 1569 2550 corr.
1591 2510 1698 2552 Ven.
1720 2508 1767 2555 Ξ
1784 2522 1930 2549 emen-

148 2565 313 2607 datum.

149 2713 251 2760 ἔστι
281 2719 467 2772 positum
498 2719 623 2759 etiam
660 2719 788 2772 Soph.
819 2720 883 2759 Αἱ.
915 2719 996 2759 778

148 2767 259 2816 ἀλλ’
301 2772 430 2842 simp
474 2770 590 2816 ἔστι
619 2773 746 2842 τῇδε
787 2767 994 2829 θήμέρᾳ,

154 2823 262 2894 τάχ’
295 2845 355 2872 αν
382 2824 631 2885 γενοίμεθ’
663 2825 813 2873 αὐτοῦ
834 2853 889 2860 —-
910 2843 995 2872 σω-

150 2899 347 2956 τηριοι
339 2893 378 2926 et
405 2888 507 2930 ibid.
534 2890 614 2929 783
645 2880 732 2929 οὐκ
763 2883 920 2929 ἔστιν
942 2901 997 2928 α-

156 2955 245 3012 νηρ
266 2944 438 3007 κεῖνος,
463 2939 507 2983 εἰ
526 2938 719 3008 Κάλχας
742 2937 904 2997 σοφός
935 2944 996 2983 De

148 2995 265 3046 ἴσως
283 2998 325 3036 111
349 3009 393 3036 re
410 3006 520 3038 certa
567 3000 674 3039 osito
695 3013 735 3039 v.
754 3000 854 3052 adp
861 3001 997 3040 .67A.

212 3054 266 3094 D
293 3050 393 3094 καὶ
414 3012 591 3095 οὐδξν
613 3069 665 3095 τι
686 3054 904 3108 μᾶλλον
924 3054 994 3109 -]

155 3111 283 3150 Recte
312 3109 551 3150 Fieinus:
588 3122 755 3161 neque
782 3118 998 3165 propte-

155 3179 243 3207 rea
269 3166 437 3218 magis
464 3166 710 3217 sequitur
738 3166 999 3207 hominem

155 3235 276 3264 esse
296 3230 443 3262 veste
466 3223 707 3262 viliorem
729 3229 882 3274 atque
903 3224 993 3264 de·

156 3279 415 3321 biliorem.
453 3278 553 3319 Mox
573 3279 922 3320 Heindorfius
943 3280 996 3319 de

154 3336 393 3375 coniectura
433 3335 604 3389 scripsit
631 3334 719 3375 καί
750 3348 820 3382 τις
851 3331 997 3389 λέγων

157 3383 308 3432 ταύτὰ
331 3390 499 3443 ταῦτα,
521 3392 696 3431 eadem
717 3390 845 3430 haec
858 3391 996 3442 ‚libris

153 3447 316 3489 invitis.
335 3448 387 3487 Et
408 3447 506 3488 ferri
525 3455 668 3501 potest
684 3439 808 3488 αὐτοὶ
830 3446 999 3498 ταῦτα,

1715 2571 1721 2595 Ι

1082 2718 1210 2759 haec
1239 2719 1396 2772 ipsa,
1410 2732 1660 2771 quamquam
1689 2719 1795 2760 illud
1827 2732 1928 2759 sen-

1082 2776 1238 2816 tentiae
1257 2776 1394 2842 magis
1416 2776 1780 2817 accommodatum
1803 2783 1879 2818 est.

1138 2824 1320 2886 μέτρι’
1344 2825 1414 2872 ἄν
1436 2845 1530 2886 μοι
1563 2845 1613 2885 φ.
1637 2833 1676 2875 λ.
1682 2830 1697 2886 ]
1719 2838 1860 2872 recte
1882 2840 1930 2871 et

1081 2890 1280 2929 rationi
1310 2890 1696 2929 convenienter
1732 2889 1927 2932 dicere.

1082 2957 1124 2984 v.
1146 2945 1199 2985 ad
1221 2943 1380 2987 Criton.
1402 2956 1442 2997 p.
1464 2946 1519 2985 46
1545 2945 1590 2987 C

1141 2994 1285 3042 ἄλλα
1314 2994 1419 3054 γὰρ
1450 3015 1515 3042 αν
1545 2998 1731 3072 φαίη]
1739 3000 1873 3040 Intell.
1899 2992 1924 3040 ὁ

1086 3051 1231 3110 λέγων
1271 3056 1422 3098 ταῦτα
1462 3055 1568 3110 περὶ
1605 3050 1777 3098 αὐτῶν.
1819 3055 1926 3096 Nam

1085 3114 1198 3164 quod
1238 3113 1364 3166 vulgo
1406 3114 1623 3166 legebatur
1664 3112 1840 3177 φαίην,
1880 3112 1926 3151 id

1083 3171 1302 3236 perturbat
1339 3171 1570 3210 sententiae
1605 3169 1823 3210 rationem.
1864 3168 1926 3208 De

1081 3218 1201 3266 αλλα
1229 3239 1341 3279 γαρ,
1381 3227 1611 3276 atenim,
1645 3225 1738 3265 sed
1767 3226 1924 3274 enim,

1081 3293 1164 3331 quo
1193 3283 1373 3322 causalis
1401 3282 1609 3322 sententia
1644 3286 1690 3320 ut
1717 3281 1926 3321 contraria

1082 3339 1373 3391 superioribus
1412 3338 1604 3386 affertur,
1647 3338 1788 3377 omnia
1827 3343 1925 3376 suut

1082 3395 1125 3433 in
1163 3394 1322 3447 vulgus
1362 3400 1475 3434 nota.
1532 3394 1676 3444 Itaque
1715 3392 1925 3432 sententia

1082 3448 1185 3489 haee
1208 3457 1291 3490 est:
1324 3451 1387 3489 At
1415 3450 1569 3500 enim,
1596 3449 1696 3489 etsi
1717 3449 1922 3488 animus
