2158 3718
518 132 1032 184 SYMPOSIUM.
1073 152 1123 200 p.
1160 136 1264 184 2⁰³)
1303 136 1378 191 St.
1687 139 1788 188 151

114 282 237 342 κίας
288 280 499 337 τίκτειν>
543 298 599 332 τε
641 279 746 338 Δκιιιὶ
799 280 1000 345 γεννᾶν
1045 274 1149 346 ἤδη
1195 282 1473 350 ἐπιθυμεῖ.
1518 281 1663 347 ζητεῖ
1705 280 1787 350 δή,

117 361 299 433 οἶμαι,
357 364 449 418 καὶ
501 354 664 425 οὗτος
719 359 941 432 περιιών
975 359 1039 417 τὸ
1085 360 1257 418 καλὸν
1290 369 1354 418 «ἐν
1395 353 1438 432 ᾧ
1481 359 1554 419 ἂν
1597 363 1788 434 γεννή-

114 462 284 501 σειεν·
329 451 386 500 ἐν
431 447 506 514 τῷ
549 441 655 517 γὰρ
719 448 923 517 αἰσχρῷ
980 443 1238 503 οὐδέποτε
1291 443 1553 518 γεννήσει.
1605 444 1698 505 τά,
1732 471 1790 505 τε

115 520 216 585 οὖν
259 525 486 600 σώματα
545 526 613 583 τὰ
671 527 811 584 καλὰ
858 533 1072 601 μᾶλλον
1114 527 1148 598 ἢ
1192 527 1262 585 τὰ
1307 527 1506 602 αἰσχρὰ
1552 529 1790 599 ἀσπάζε-

114 634 207 669 ται
249 609 348 667 ἅτε
390 614 563 679 κυῶν,
616 619 709 668 καὶ
764 611 863 669 ἐὰν
922 613 1116 691 ἐντύχῃ
1160 617 1310 692 ψυχῇ
1352 617 1491 691 καλῇ
1534 619 1624 671 καὶ
1667 637 1790 686 γεν-

99 701 245 767 ναίᾳ
284 699 379 751 καὶ
419 694 634 772 εὐφυεῖ,
690 695 837 753 πάνυ
882 695 947 766 δὴ
991 696 1296 766 ασπάζεται
1339 697 1399 755 τὸ
1444 699 1788 775 ξυναμφότε-

109 801 241 852 ρον,
287 783 382 835 καὶ
424 777 564 854 πρὸς
606 784 807 837 τοῦτον
850 779 951 838 τὸν
992 779 1329 866 ἄνθρωπον
1347 779 1526 848 εὐθὺς
1567 782 1787 856 εὐπορεῖ

107 857 287 935 λόγων
330 867 452 934 περὶ
495 864 696 937 ἀρετῆς
738 868 830 920 καὶ
875 869 996 938 περὶ
1043 865 1165 922 οἶον
1202 864 1310 939 χρὴ
1355 863 1495 923 εἶναι
1540 865 1640 924 τὸν
1685 865 1786 923 ἄν·

108 951 214 1023 δρα
257 944 358 1004 τὸν
400 946 636 1020 ἀγαθὸν
663 953 754 1005 καὶ
785 946 822 1005 ἃ
859 949 1208 1019 ἐπιτηδεύειν,
1254 953 1348 1006 καὶ
1375 957 1629 1024 ἐπιχειρεῖ
1655 974 1784 1009 παι-

936 1059 950 1085 Ι

103 1111 278 1154 Bastius
307 1116 467 1157 narrat.
526 1111 583 1155 Et
613 1113 675 1154 sic
708 1113 836 1155 etiam
866 1112 983 1157 Flor.
995 1113 1076 1156 b.i.
1090 1101 1132 1155 ιι.
1194 1115 1240 1166 ln
1271 1113 1389 1156 Flor.
1411 1127 1450 1156 a
1469 1128 1507 1156 c
1542 1121 1610 1158 est
1639 1133 1662 1168 η
1696 1127 1785 1170 ψυ-

106 1167 185 1220 χὴν
214 1173 340 1216 θεῖος
369 1167 440 1209 ὧν.
499 1168 589 1211 Pro
629 1172 839 1223 ἐπιθιιμεῖ
874 1169 1022 1223 steph.
1065 1172 1174 1213 coni.
1216 1163 1437 1226 ἐπιθυμῇ,
1479 1177 1572 1215 tota
1600 1172 1783 1228 periodo

105 1226 166 1268 sic
193 1225 460 1267 conformata
489 1249 548 1257 —-
576 1226 658 1280 ἤδη
686 1229 910 1280 ἐπιθυμῇ,
945 1226 1061 1281 ζητεῖ
1088 1226 1143 1281 δή
1172 1244 1207 1269 κ.
1239 1244 1278 1269 τ.
1313 1229 1350 1272 λ.

168 1280 175 1289 '
218 1283 272 1325 B.
329 1284 382 1323 ἐν
411 1287 480 1339 τῷ
509 1281 605 1338 γὰρ
643 1283 864 1340 αἰσχρῷ]
895 1285 938 1324 ἐν
967 1283 1048 1339 γὰρ
1079 1290 1137 1326 τῶ
1167 1287 1326 1341 αἰσχρῷ
1357 1285 1457 1327 Par.
1470 1285 1523 1326 K.
1546 1285 1642 1328 Vat.
1652 1299 1696 1339 p.

99 1395 137 1440 V
216 1325 524 1390 ἀσπάζεται
561 1340 654 1382 ἅτε
693 1341 851 1396 κυῶν]
894 1341 1006 1382 κύων
1036 1327 1163 1386 Bodl.
1185 1343 1283 1385 Vat.
1299 1328 1351 1386 A.
1371 1341 1588 1388 Par.DK.
1611 1346 1721 1398 Aug.
1735 1357 1785 1387 w.

140 1402 196 1439 at.
214 1411 257 1452 p.

213 1452 350 1495 πάνυ
386 1451 443 1506 δὴ
491 1452 821 1508 ἀσπάζεται]
860 1454 1106 1498 Schleierm
1151 1457 1335 1499 malebat
1364 1457 1437 1509 δέ,
1479 1470 1564 1510 quo
1602 1457 1784 1500 manife-

103 1513 212 1567 stius
241 1512 364 1554 fieret
391 1511 655 1564 gradationis
698 1513 934 1554 artificium.
997 1513 1263 1555 Adversatus
1301 1519 1368 1556 est
1397 1515 1542 1556 Astius
1588 1514 1653 1556 his
1682 1529 1781 1558 ver-

101 1571 177 1612 bia'
198 1568 408 1625 apodosin
437 1570 640 1611 contineri
669 1582 862 1611 monens.
924 1570 1078 1620 Abest
1091 1569 1143 1623 δή
1173 1585 1197 1613 a
1228 1572 1389 1613 Ven.'‘
1353 1586 1400 1614 .,.
1435 1585 1499 1627 pr.

215 1627 300 1668 καὶ
329 1623 448 1679 περὶ
480 1622 601 1668 οἷον
629 1624 759 1682 χρή]
785 1625 941 1681 Steph
962 1632 1075 1681 post
1105 1629 1203 1681 περί
1230 1629 1409 1682 putabat
1439 1629 1652 1672 excidisse
1682 1635 1780 1671 τοῦ.

105 1686 195 1727 Ast.
227 1684 330 1740 περί
358 1682 586 1726 delendum
618 1684 836 1726 censebat.
868 1685 1079 1726 Sommer
1114 1686 1225 1727 coni.
1254 1685 1351 1740 περὶ
1381 1685 1478 1727 οἱόυ
1504 1685 1604 1742 χρή.
1663 1687 1782 1730 Voe-

101 1743 268 1798 gelinus
301 1742 393 1781 οἷον
423 1753 502 1795 pro
534 1743 769 1784 masculino
807 1746 851 1783 et
879 1742 1073 1784 subiecto
1106 1742 1226 1784 verbi
1256 1742 1367 1783 εἶναι
1395 1742 1538 1785 habet.

102 1899 208 1939 γμα.
290 1879 623 1923 'transferuntur
673 1880 785 1923 enim
834 1881 902 1923 hic

102 1942 244 1984 omnia
273 1938 326 1982 ad
368 1939 583 1990 animum,
623 1951 735 1991 quae
775 1944 903 1981 antea

104 1999 161 2041 de
205 2009 420 2050 corporea
473 1998 756 2048 generatione
802 2001 901 2037 sunt

97 2056 314 2109 exposita.
387 2052 622 2106 Superest,
673 2059 722 2094 ut
767 2055 900 2095 verbo

106 2123 361 2156 moneamus
405 2109 460 2152 de
501 2111 746 2152 coniectura
782 2111 902 2152 Ste-

103 2170 200 2226 pha
214 2183 290 2221 ιιι,
340 2167 411 2220 qui
460 2168 686 2220 legendum
736 2168 903 2222 putavit

103 2230 332 2279 ἐπιθυμῇ,
376 2226 437 2266 ita
477 2231 524 2266 ut
553 2225 756 2279 apodosis
787 2225 904 2266 ordi-

104 2291 223 2327 retur
241 2283 341 2325 lude
371 2295 397 2322 a
428 2282 567 2323 verbis
598 2282 715 2335 ζητεῖ
735 2281 805 2335 δή,
837 2282 880 2322 οῗ
881 2307 903 2313 -

106 2358 211 2398 μαι,
247 2357 284 2382 κ.
313 2356 352 2380 τ.
384 2339 421 2381 λ.
480 2344 539 2380 At
579 2341 689 2381 enim
730 2353 784 2382 ne
824 2339 902 2380 hac

105 2400 274 2453 quidem
294 2396 535 2449 indigemus
558 2397 810 2449 mutatione,
842 2398 902 2438 si-

103 2457 276 2511 quidem
327 2457 400 2494 καί
444 2461 543 2496 ante
594 2452 777 2507 ἡκούσης
818 2466 903 2495 ιιοιι

103 2514 238 2556 habet
274 2512 359 2553 vim
403 2513 656 2565 copulandi,
699 2512 774 2554 sed
806 2525 901 2552 cum

106 2577 228 2623 tota,
274 2582 384 2622 quae
416 2571 629 2622 sequitur,
675 2570 904 2611 verborum

106 2626 486 2682 comprehensione
526 2627 760 2669 arctissime
800 2639 904 2668 con-

106 2685 362 2728 nectendum
390 2689 474 2736 est,
505 2685 627 2737 quasi
657 2684 807 2726 Latine
837 2683 904 2724 di-

108 2756 203 2785 cas:
249 2741 430 2783 horum
481 2741 652 2795 igitur
692 2742 736 2783 si
780 2741 905 2794 quis

109 2815 134 2842 a
167 2812 338 2853 puero
377 2811 687 2851 praegnans
728 2805 812 2840 est
840 2797 905 2839 ad

110 2858 367 2905 animum,
412 2857 614 2909 quippe
667 2855 905 2907 divinus,

111 2913 278 2955 etiam
311 2913 791 2965 appropinquante
823 2927 906 2953 ne-

110 2974 243 3019 tate,
272 2981 408 3020 quae
438 2969 709 3022 pariendo
741 2974 794 3010 et
822 2983 906 3022 ge-

110 3025 368 3069 nerando
407 3025 608 3066 idonea
650 3031 735 3067 eet
778 3028 907 3075 (nam

112 3084 194 3126 hoc
223 3088 288 3124 est
319 3085 394 3132 τῆς
427 3081 603 3134 ἡλικίας,
633 3084 816 3124 articulo
847 3083 909 3124 rei

113 3141 312 3182 indicium
345 3139 565 3191 faciente),
597 3153 793 3193 parere
823 3154 908 3192 ge-

113 3199 706 3250 stitatquegenerare.
731 3197 906 3240 Quae-

113 3256 189 3298 rit
243 3254 405 3307 igitur
444 3259 526 3294 etc.
592 3253 729 3294 Erunt
765 3259 907 3296 tamen

113 3312 183 3366 qui
213 3315 283 3352 καί
313 3310 541 3353 delendum
574 3317 791 3353 censeant.

107 3399 112 3402 -
167 3367 408 3419 noivv‘d't}
442 3366 765 3422 ἀσπάζεται]
799 3373 902 3410 tum

989 1895 1118 1924 vero
1157 1883 1319 1936 plane
1360 1889 1679 1938 utrumque,
1732 1889 1783 1927 et

987 1953 1196 1994 corpus
1268 1945 1321 1981 et
1379 1940 1609 1983 animum
1669 1943 1786 1995 pul-

987 2011 1154 2049 crum,
1196 1997 1573 2051 amplectitur.
1632 1998 1787 2052 Neque

987 2056 1097 2097 enim
1141 2052 1194 2107 δή
1231 2056 1272 2096 in
1316 2053 1377 2095 his
1419 2059 1487 2096 est
1539 2056 1785 2108 scilicet,

986 2126 1208 2166 nempe,
1261 2117 1307 2153 ut
1359 2113 1536 2166 putabat
1576 2114 1784 2164 Astius,

986 2169 1063 2211 sed
1097 2170 1283 2223 positum
1323 2174 1391 2210 est
1427 2175 1476 2210 ut
1514 2170 1557 2211 in
1586 2170 1784 2211 formulis

987 2230 1097 2268 ἔνθα
1128 2225 1202 2277 δή,
1233 2228 1432 2267 ἐνταῦθα
1464 2225 1545 2279 δή,
1577 2228 1680 2268 τότε
1712 2226 1783 2279 δή,

988 2290 1116 2337 atque
1145 2283 1327 2325 refertur
1347 2284 1400 2324 ad
1419 2297 1677 2338 praegressa
1709 2285 1785 2327 ina

986 2341 1059 2383 ἐὰν
1090 2339 1242 2398 ἐντύχῃ
1274 2346 1388 2395 ψυχῇ
1414 2341 1536 2394 καλῇ.

1046 2454 1132 2496 καὶ
1173 2453 1307 2505 πρὸς
1346 2459 1548 2496 τοῦτον
1576 2451 1672 2495 τὸν
1700 2454 1786 2496 ἄν·

991 2511 1239 2567 θρωπον]
1293 2512 1429 2555 lnteU.
1482 2506 1611 2558 κἀλόν
1645 2511 1699 2554 τό
1729 2522 1784 2555 ἱ’τε

989 2574 1110 2624 σῶμα
1153 2570 1226 2610 καὶ
1275 2568 1353 2622 τὴν
1391 2569 1549 2624 ψυχήν.
1615 2568 1784 2612 Deinde

989 2627 1115 2668 scribi
1164 2628 1392 2669 voluerunt
1446 2627 1517 2666 ml
1563 2626 1660 2688 περὶ
1702 2632 1785 2669 τοῦ·

988 2679 1082 2725 οἷον
1108 2683 1188 2738 χρὴ
1221 2683 1345 2735 εἶναι,
1377 2689 1451 2726 aut
1479 2684 1554 2724 καὶ
1580 2690 1672 2727 οἱον
1701 2683 1783 2739 χρῆ

989 2757 1024 2781 ε
1019 2755 1113 2783 va
1171 2740 1268 2782 Νοιι
1300 2754 1409 2795 opus
1441 2746 1507 2783 est
1530 2742 1785 2786 mutatione.

989 2799 1099 2842 Nam
1136 2797 1243 2838 εἶναι
1282 2799 1381 2850 περί
1416 2815 1460 2839 τι
1502 2805 1569 2840 est
1605 2801 1655 2841 in
1686 2801 1787 2841 ali-

990 2869 1089 2910 qua
1127 2869 1180 2897 re
1232 2856 1528 2898 tractanda
1566 2857 1789 2898 versari

991 2915 1054 2966 (v.
1090 2913 1144 2954 ad
1175 2912 1360 2956 Phaedr.
1391 2927 1433 2967 p.
1465 2912 1563 2958 261.
1596 2912 1695 2968 A.),
1739 2918 1788 2953 ut

991 2971 1201 3011 sententia
1259 2971 1487 3013 verborum
1547 2970 1659 3012 haec·
1709 2970 1786 3010 sit:

991 3028 1153 3079 quale
1184 3028 1280 3080 sit,
1325 3029 1370 3069 in
1413 3041 1512 3080 quo
1543 3030 1785 3067 tractan-

993 3084 1056 3125 do
1097 3086 1305 3127 versari
1347 3084 1550 3125 debeat
1584 3084 1653 3133 is,
1693 3082 1784 3134 qui

992 3141 1116 3182 boni
1161 3142 1264 3183 viri
1305 3153 1491 3182 nomen
1525 3144 1576 3180 et
1607 3139 1785 3190 digni-

991 3203 1155 3240 tatem
1189 3200 1450 3240 obtinere
1481 3197 1624 3238 velit.
1678 3196 1787 3237 Per-

992 3269 1135 3309 peram
1169 3251 1260 3296 οἷον
1292 3268 1370 3308 pro
1402 3253 1633 3294 masculino
1657 3265 1785 3293 acce-

991 3318 1143 3366 perunt
1184 3318 1228 3354 et
1265 3313 1303 3352 in
1345 3316 1588 3352 structurae
1635 3308 1784 3352 haese-

990 3374 1086 3411 runt
1116 3370 1407 3411 conversione.
