2158 3718
760 46 762 48 ’
836 82 1101 127 ΡΗΑΕοο
1131 98 1176 142 p.
1211 85 1306 127 108.
1822 83 1953 137 273

159 229 359 299 μέντοι
403 227 608 292 ταῦτα,
662 220 698 274 ὁὶ
743 222 806 276 σὲ
852 224 1057 275 πείθει.
1134 220 1311 291 ἡδέως
1356 220 1428 274 ἄν
1475 214 1583 274 οὖν
1630 219 1951 292 ἀκούσαιμι.

3 345 33 402 4¹
154 309 327 366 Ἀλλὰ
377 310 595 380 μέντοι,
640 299 690 360 ὀἷ
727 308 970 376 Σιμμία,
1021 305 1124 376 οὐχ
1168 302 1202 376 ἡ
1239 304 1508 359 Γλαύκου
1551 306 1620 373 γέ
1659 325 1754 375 μοι
1790 309 1953 376 τέχνη
2016 324 2020 329 ·

166 397 330 450 δοκεῖ
372 389 516 448 εἶναι
562 390 939 461 διηγήσασθαι
987 389 1024 444 ἅ
1066 389 1122 460 γ’
1172 390 1349 444 ἐστίν·
1411 387 1485 453 ὥς
1520 391 1711 459 μέντοι
1748 388 1954 460 ἀληθῆ,

167 475 560 550 χαλεπώτερόν
597 495 690 546 μοι
730 478 991 544 φαίνεται
1027 475 1064 545 ἢ
1101 473 1241 529 κατὰ
1286 473 1389 544 τὴν
1427 475 1696 528 Γλαύκου
1732 475 1953 544 τέχνην,

163 564 262 617 καὶ
300 561 413 633 ἅμα
450 562 554 631 μὲν
594 558 703 628 ἐγω
745 564 878 623 ἴσως
914 558 1041 614 οὐδ’
1083 557 1154 613 ἂν
1191 553 1310 623 οἷός
1345 579 1405 612 τε
1444 564 1586 629 εἴην,
1626 557 1739 629 ἅμα
1777 560 1865 628 δέ,
1907 560 1959 612 εἰ

163 649 261 702 καὶ
297 645 645 718 ἠπιστάμην,
696 643 724 698 6
762 647 884 713 βίος
921 665 1014 714 μοι
1053 645 1213 698 δοκεῖ
1245 643 1273 698 6
1314 644 1473 714 ἐμός,
1513 646 1556 697 ώ
1598 647 1839 714 Σιμμία,
1878 646 1955 713 τῷ

167 732 332 803 μήκει
380 735 482 784 τοῦ
533 729 708 797 λόγου
755 727 860 782 οὐκ
911 729 1185 798 ἐξαρκεῖν.
1261 727 1364 799 τὴν
1411 730 1601 799 μέντοι
1657 728 1814 782 ἰδέαν
1859 732 1956 797 τῆς

162 821 292 886 γῆς,
344 815 471 870 οἵαν
518 815 817 883 πέπεισμαι
862 810 1032 882 εἶναι,
1082 814 1175 866 καὶ
1222 811 1354 877 τοὺς
1401 813 1608 877 τόπους
1645 811 1817 883 αὐτῆς
1853 809 1953 865 οὕ-
1982 823 2016 864 Ε

167 901 267 954 δέν
303 919 372 970 με
411 899 618 953 κωλύει
657 899 858 967 λέγειν.
920 896 1089 966 Ἀλλ’,
1131 899 1237 967 ἔφη
1278 896 1306 951 6
1345 900 1606 967 Σιμμίας,
1646 897 1740 951 καὶ
1778 900 1954 951 ταῦτα

160 981 342 1054 ἀρκεῖ.

309 1068 627 1137 Πέπεισμαι
673 1069 897 1134 τοίνυν,
946 1060 983 1134 ἦ
1034 1064 1085 1118 δ’
1129 1064 1216 1134 ὅς,
1267 1065 1406 1134 ἐγώ,
1458 1086 1532 1128 ως
1569 1045 1796 1136 πρῶτον
1833 1066 1955 1134 μέν,

160 1152 219 1206 εἰ
252 1154 407 1206 ἔστιν
442 1152 506 1205 έν
543 1151 693 1222 μέσῳ
719 1155 794 1220 τῷ
822 1148 1049 1221 οὐρανῷ
1075 1148 1382 1221 περιφερὴς
1407 1142 1572 1219 οὐσα,
1611 1150 1788 1220 μηδεν
1815 1147 1958 1220 αὐτῇ

278 1295 330 1338 D.
363 1289 634 1337 Γλαύκου
640 1291 715 1361 γέ
738 1307 834 1349 μοι
857 1290 1049 1361 τέχνη]
1076 1294 1145 1335 Sic
1167 1296 1262 1337 Vat.
1290 1293 1421 1336 Coisl.
1446 1295 1572 1337 Vind.
1587 1294 1626 1335 Φ
1649 1295 1740 1334 Par.
1754 1293 1786 1336 C
1807 1295 1952 1336 Ambr

164 1353 278 1394 Flor.
299 1354 325 1394 b
347 1353 391 1393 d.
434 1353 573 1405 Vulgo
596 1349 648 1406 γέ
670 1365 750 1406 μοι
772 1360 871 1405 post
890 1349 1032 1406 τέχνη
1055 1351 1245 1400 infeitui,
1271 1352 1384 1418 quod
1405 1364 1474 1392 se(-
1479 1353 1540 1391 uti
1561 1359 1659 1391 sunt
1684 1352 1808 1391 etiam
1829 1351 1955 1391 Tmi-

160 1422 316 1450 censes
354 1418 394 1449 et
422 1410 562 1449 Herm.
605 1408 874 1448 Heindorfius
912 1410 1019 1448 coni.
1061 1400 1170 1462 οὐχὶ.
1210 1403 1448 1450 Γλαύκου.
1500 1408 1734 1448 Eusebius:
1776 1401 1884 1461 οὐχὶ
1923 1400 1953 1461 ἡ

167 1459 410 1508 Γλαύκου.
451 1466 532 1505 Pro
556 1457 588 1505 ἅ
608 1458 656 1519 γ’
687 1465 806 1507 Bodl.
837 1465 962 1506 Vind
993 1465 1033 1506 Y
1051 1466 1162 1516 Aug.
1187 1461 1242 1505 δέ
1262 1477 1329 1519 γέ

279 1514 405 1563 οὐδ’
443 1512 510 1563 ἂν
549 1517 690 1576 οἷος]
730 1512 816 1562 οὖκ
853 1512 916 1563 ἄν
948 1520 1075 1562 Coisl.
1097 1522 1195 1562 Vat.
1218 1521 1345 1565 Vind
1371 1521 1410 1562 Φ
1431 1519 1580 1565 Ambr
1603 1520 1711 1563 Flor.
1735 1520 1761 1560 d
1785 1528 1824 1559 et
1846 1532 1954 1561 coir.

163 1579 261 1621 Par.
286 1577 332 1621 G.
370 1578 470 1618 Mox
491 1578 702 1618 Eusebius
723 1577 849 1618 habet
870 1573 954 1619 καὶ
977 1574 1021 1618 εἰ
1039 1570 1328 1631 ἡπισταμην.
1354 1578 1433 1618 Pro
1457 1571 1676 1631 ἐξαρκεῖν
1698 1576 1820 1617 Bodl.
1844 1577 1950 1617 Τι11

164 1635 296 1676 Vind.
317 1633 359 1676 Τ
383 1627 579 1687 ἐξαρκεῖ
595 1635 698 1675 vitio
729 1635 831 1674 satis
853 1642 1017 1687 aperto.

277 1690 326 1735 E.
359 1689 491 1732 οιαν
511 1687 850 1745 πέπεισμαι]
880 1691 990 1733 Vett.
1017 1691 1134 1733 editt.
1158 1687 1403 1743 πέπυσμαι
1425 1691 1569 1730 invitis
1592 1689 1823 1732 codicibus.

161 1833 336 1884 Protag.
359 1844 402 1886 p.
427 1832 579 1873 361E.
613 1831 722 1872 Xen.
756 1831 851 1883 Cyr.
875 1831 949 1872 IV.
974 1832 1012 1877 2,
1103 1840 1208 1872 strat
1256 1830 1626 1882 Wyttenbaeh.
1677 1830 1733 1869 ad.
1792 1828 1948 1869 select.

162 1890 233 1931 25.
266 1887 365 1930 oec.
397 1890 428 1929 Ι.
461 1891 530 1932 23.
569 1888 622 1928 al.
659 1902 697 1928 v.
737 1887 1012 1931 Heindorf.
1102 1888 1284 1940 Princip.
1316 1888 1473 1927 Histor.
1510 1900 1554 1939 p.
1585 1886 1668 1926 384
1706 1894 1745 1925 et
1771 1887 1854 1927 452
1885 1886 1950 1928 ed.

157 1947 221 1987 ad
248 1945 291 1987 11.
311 1945 341 1985 l
381 1945 475 1985 Diei
502 1952 645 1985 autem
676 1945 799 1984 etiam
826 1944 1016 1997 pleniore
1102 1945 1192 1984 Bat.

163 2003 301 2043 forma
335 1994 485 2049 πολὺς
524 1992 622 2055 ἤδη
660 2001 819 2054 patebit
849 2013 870 2039 e
911 2000 1013 2041 locis
1159 1992 1274 2063 ἅμα
1314 2012 1418 2067 μεν
1459 1992 1582 2065 ἐγώ]
1621 1997 1732 2038 Xen.
1758 1997 1852 2048 Cyn
1876 1999 1948 2040 ΙΙΙ.

164 2059 218 2099 ab
240 2058 475 2098 Heind01
488 2057 560 2098 fio
584 2056 818 2099 adTheaet.
835 2070 877 2110 p.
889 2056 1013 2097 1510
1104 2058 1143 2108 1,
1166 2059 1190 2096 2
1233 2048 1332 2123 α’μα
1360 2068 1447 2119 μεν
1467 2051 1743 2119 διέπεμπεν
1778 2050 1950 2104 αθροί-

24 2158 26 2162 ,
160 2115 370 2156 «collectis.
1103 2112 1191 2179 ζων
1201 2108 1308 2180 τὴν
1337 2105 1487 2153 αὑτοῦ
1520 2104 1746 2176 δύναμιν,
1776 2133 1828 2138 -
1851 2106 1953 2164 ἅμα

21 2166 34 2226 ξ
223 2163 419 2236 ἡδέως
438 2161 506 2211 ὃὶν
536 2158 639 2211 οὖν
674 2161 1010 2233 ακούσαιμι]
1102 2163 1151 2210 δ’
1194 2163 1402 2221 ἔπεμπεν
1445 2164 1511 2215 εἰς
1554 2160 1611 2208 τὰ
1655 2159 1742 2221 ὅρη
1779 2180 1821 2208 κ.
1845 2179 1881 2207 τ.
1908 2167 1950 2208 λ.

27 2234 33 2242 ”
164 2228 213 2270 P.
237 2220 531 2293 11οΒἡμεῑς
552 2238 604 2294 γε
626 2219 798 2266 τούτου
820 2224 903 2267 τοῦ
925 2219 1013 2278 μύ-
1101 2226 1205 2266 Ibid.
1238 2224 1311 2267 IV.
1342 2226 1387 2275 1,
1423 2226 1487 2265 13.
1538 2225 1672 2265 Anah.
1703 2225 1773 2264 111.
1802 2224 1851 2275 4,
1883 2224 1950 2265 19.

0 2311 5 2326 2
163 2284 264 2325 θον
285 2275 492 2351 ἡδέως
462 2296 522 2323 αν
544 2276 857 2350 anmifffflghfive,
875 2281 1014 2335 Supra
1103 2282 1187 2323 Sed
1218 2281 1479 2332 frequentioi
1510 2288 1573 2320 est
1610 2279 1711 2319 haec
1751 2279 1951 2330 loquendi

18 2346 28 2366 i
164 2353 207 2394 p.
231 2341 283 2381 57
307 2341 342 2380 A
365 2335 519 2393 ἡδέως
540 2353 629 2393 »γαρ
653 2352 713 2380 αν
734 2349 1010 2392 ακουσαιμι.
1102 2339 1223 2390 ratio,
1256 2349 1383 2388 quam
1403 2343 1449 2376 ut
1472 2336 1678 2389 exemplis
1700 2334 1952 2376 illustranda

165 2396 338 2436 Theaet.
361 2409 400 2449 p.
426 2397 569 2439 143E.
603 2396 708 2437 Tim
734 2408 774 2447 p.
800 2396 852 2435 19
875 2393 920 2436 C.
953 2395 1014 2434 De
1103 2396 1170 2435 sit.
1213 2394 1363 2434 Rarior
1398 2393 1545 2433 eadem
1574 2393 1689 2446 apud
1724 2392 1950 2445 scriptores

166 2453 275 2506 Rep.
297 2452 350 2495 V.
384 2465 427 2506 p
448 2454 533 2494 470
555 2455 590 2491 A
619 2452 674 2492 al.
718 2451 822 2491 Nam
844 2452 1013 2491 creber-
1101 2451 1292 2492 Latinos.
1321 2450 1412 2490 Liv.
1444 2451 1523 2491 111.
1540 2451 1608 2499 50,
1636 2450 1687 2488 12
1716 2449 1954 2489 Decemviri

165 2510 270 2549 rime
298 2508 579 2563 philosophus
608 2507 687 2547 hae
707 2507 888 2563 formula
910 2520 1014 2548 usus
1100 2509 1220 2548 simul
1249 2508 1315 2557 iis,
1348 2519 1456 2560 quae
1486 2505 1696 2556 videbant,
1726 2507 1846 2545 simul
1871 2506 1948 2552 his,

165 2573 246 2608 est.
1102 2577 1209 2618 quae
1248 2568 1347 2603 acta
1376 2563 1532 2604 Romae
1571 2563 1818 2612 audierant,
1851 2575 1951 2613 per-

225 2614 328 2675 οὗχ
367 2613 396 2675 ἡ
440 2613 706 2662 Γλαύκου
742 2643 793 2649 -
822 2617 1011 2674 τέχνη]

116 2674 121 2678 ’
165 2678 443 2719 Proverbium
475 2678 528 2717 de
557 2679 684 2718 rebus
716 2689 800 2717 non
835 2678 1015 2717 multum

167 2735 328 2788 ingenii
369 2741 410 2774 et
449 2734 660 2774 sollertiae
700 2734 1014 2785 requirentibus

167 2796 438 2845 usurpatum.
469 2790 529 2831 De
551 2790 715 2842 origine
738 2791 826 2830 eius
850 2796 890 2830 et
911 2803 1011 2830 cau-

169 2848 230 2888 sis
279 2848 456 2887 multum
506 2849 615 2887 inter
665 2860 710 2887 se
761 2847 1017 2887 dissentiunt

167 2904 455 2956 grammatici,
496 2904 748 2955 Diogenian.
788 2903 912 2947 Prov.
942 2905 1015 2944 IV.

168 2961 215 3001 8.
245 2958 455 2999 Zenobius
487 2961 539 3000 11.
562 2961 630 3000 91.
670 2958 822 3000 Suidas
851 2961 895 2999 in
924 2972 1015 3000 voe.

171 3014 313 3057 Schol.
346 3016 399 3055 ad
422 3015 461 3059 11,
486 3016 513 3055 l.
538 3015 622 3065 alii,
647 3027 826 3066 quorum
849 3016 1012 3067 opinio-

170 3084 248 3112 nes
264 3071 657 3111 recensueruutFis
670 3070 802 3112 cher.
818 3072 902 3111 etH
915 3073 959 3110 ei
972 3085 1018 3111 n-

171 3128 302 3171 dorf.
336 3128 390 3168 ef.
421 3127 733 3180 Bernhardy
762 3128 816 3168 ad
839 3127 1014 3181 Dionys.

170 3185 377 3238 Perieget.
401 3198 443 3239 p.
468 3186 564 3225 913.

229 3233 632 3307 χαλεπώτερόν
669 3252 766 3293 μοι
808 3238 1020 3292 φαίνε-

169 3294 284 3350 ται]
310 3310 372 3343 sc
394 3291 666 3362 αποδεῐξαι,
687 3296 802 3347 quod
819 3309 871 3336 ex
893 3309 1016 3349 pr-ae

172 3366 323 3405 gresso
364 3347 694 3408 διηγήσασθαι
734 3365 809 3405 per
841 3364 1020 3405 zeugma

170 3409 412 3464 intellegas.
454 3411 674 3462 Loquendi
697 3409 901 3448 rationem
921 3408 1019 3448 illu

259 3492 394 3522 PLA'r.
426 3493 596 3523 PHAED,

1101 2621 1272 2661 turbati.
1296 2619 1400 2660 lbid.
1424 2619 1582 2658 XXXI.
1605 2619 1660 2659 46
1680 2619 1799 2659 Simul
1819 2619 1954 2658 mina-

1100 2690 1213 2729 rum,
1253 2678 1373 2716 simul
1407 2676 1730 2744 promissionum
1762 2677 1804 2714 in
1838 2674 1954 2738 futu-

1101 2748 1192 2775 rum
1222 2744 1438 2773 memoret·⁸
1470 2732 1569 2772 Mox
1591 2727 1674 2772 καὶ
1696 2729 1850 2771 ταῦτα
1874 2723 1952 2782 029-

1103 2793 1185 2832 κεῖ
1208 2797 1273 2830 est
1305 2789 1368 2830 vel
1396 2788 1524 2827 haec
1565 2787 1866 2827 sufficiunt
1911 2799 1952 2827 v.

1104 2847 1158 2886 ad
1187 2847 1247 2886 De
1278 2846 1383 2898 Rep.
1413 2846 1488 2885 V1.
1518 2858 1561 2897 p.
1594 2843 1738 2886 5061).
1772 2844 1885 2883 VIII.
1909 2855 1951 2906 p.

1104 2903 1258 2945 5481)
1295 2902 1459 2944 Menex
1484 2914 1526 2954 p.
1537 2899 1672 2941 2470.
1705 2900 1828 2953 Hipp.
1853 2901 1949 2939 mai.

1105 2973 1145 3012 p.
1170 2961 1250 3000 302
1275 2957 1320 2997 Β.
1353 2958 1463 2998 Alibi
1494 2957 1581 2996 fere
1611 2957 1758 2996 ordine
1781 2958 1949 2994 inverso

1105 3016 1258 3055 dieitur
1263 3007 1420 3080 ἀρκεῖ
1436 3010 1517 3054 καὶ
1541 3012 1710 3054 ταῦτα.

1162 3072 1211 3111 E.
1244 3064 1312 3118 ὡς
1334 3069 1559 3124 πρῶτον
1581 3091 1632 3099 —-
1698 3061 1839 3120 ηδὲν
1860 3058 1953 3106 αύ-

1106 3126 1169 3182 τῇ
1192 3124 1339 3180 δεῖν]
1359 3127 1610 3166 particulam
1633 3138 1694 3171 ως
1716 3123 1951 3162 infinitivus

1105 3190 1218 3223 recte
1257 3184 1459 3235 sequitur.
1502 3178 1874 3232 v.Xe11.Cyr.I.
1913 3179 1950 3225 6,

1108 3241 1175 3282 18.
1206 3240 1368 3282 Hellen.
1399 3240 1470 3278 Vl.
1502 3240 1546 3287 5,
1576 3239 1629 3277 42
1670 3235 1766 3277 coll.
1807 3243 1954 3275 annot.

1106 3297 1160 3337 ad
1181 3309 1223 3350 p.
1242 3294 1340 3337 630
1364 3304 1402 3335 et
1423 3294 1676 3333 Matthiae
1698 3290 1765 3332 Gr.
1790 3292 1828 3340 §-
1852 3292 1951 3331 539.

1164 3349 1216 3394 εἰ
1257 3348 1414 3393 ἔστιν
1456 3344 1514 3391 ἐν
1553 3345 1699 3403 μέσῳ
1736 3362 1774 3388 τ.
1807 3340 1948 3399 ούρ.]

1107 3410 1202 3461 „Ita
1231 3421 1320 3448 eam
1351 3405 1548 3448 collocari
1577 3405 1722 3446 statuit
1756 3403 1955 3444 Socrates

1464 3474 1613 3535 κ18
