2158 3718
475 205 992 259 SYMPOSIUM.
1032 223 1082 272 p.
1124 207 1227 256 195
1263 206 1341 260 St.
1671 211 1769 259 101

81 354 315 409 θᾶττον
369 352 509 420 γοῦν
565 351 664 406 τοῦ
723 351 946 416 δέοντος
999 349 1132 423 ἡμῖν
1187 356 1557 422 προςέρχεται.
1623 350 1653 407 ὃ
1701 349 1769 421 δὴ

86 441 327 512 πέφυκεν
365 431 541 506 ’Έρως
593 443 772 506 μισεῖν
830 438 922 490 καὶ
979 435 1098 492 οὐδ’
1164 431 1320 499 ἐντὸς
1360 437 1571 491 πολλοῦ
1628 439 1767 504 πλη-

87 518 306 587 σιάζειν.
360 515 498 590 μετὰ
553 521 610 573 δὲ
667 522 802 572 νέων
856 517 944 575 ἀεὶ
996 517 1211 587 ξύνεστί
1266 539 1323 574 τε
1365 521 1458 574 καὶ
1501 523 1681 575 ἔστιν·
1726 518 1755 576 ὁ

74 601 194 677 γὰρ
236 599 474 666 παλαιὸς
516 600 682 672 λόγος
722 593 780 657 εὖ
823 603 943 674 ἔχει,
989 602 1062 669 ὡς
1104 600 1302 674 ὅμοιον
1345 600 1521 674 ὁμοίῳ
1550 602 1638 659 ἀεὶ
1667 625 1763 660 πε-

71 685 253 756 ·λοέζει.
295 683 396 755 ἐγώ
438 688 499 741 -δὲ
549 689 777 756 Φαίδρῳ
834 683 1014 743 πολλοὶ
1075 684 1219 743 ἄλλα
1261 683 1549 758 ὁμολογῶν
1590 689 1759 744 τοῦτο

83 770 186 844 οὐχ
227 769 509 844 ὁμολογῶ,
554 767 627 835 ὡς
655 765 832 842 ’Έρως
877 768 1104 842 Κρόνου
1146 774 1239 827 καὶ
1273 769 1526 826 Ἰαπετοῦ
1567 769 1764 844 ἀρχαι-

81 854 272 929 ότερός
315 861 479 920 ἐστιν,
522 851 666 909 ἀλλά
703 875 859 928 ,φημι
884 853 1162 912 νεώτατον
1204 853 1380 912 αὐτὸν
1423 854 1564 911 εἶναι
1606 858 1763 911 θεῶν

81 943 176 997 καὶ
216 937 304 996 ἀεὶ
349 943 504 1005 νέον,
563 935 632 992 τὰ
690 940 758 993 δὲ,
803 936 1018 995 παλαιοὶ
1059 936 1364 1015 πράγματα
1403 942 1528 1014 περὶ
1570 939 1764 1005 θεούς,

71 1185 153 1228 καὶ
179 1184 252 1227 αἐί
276 1186 403 1230 ἔστιν.
470 1185 613 1230 Quam
652 1186 906 1229 sententiam
948 1186 1043 1240 ipse
1086 1190 1239 1240 postea
1270 1187 1526 1229 retractavit
1553 1188 1594 1229 in
1624 1185 1764 1241 Epist.

81 1243 140 1286 ad
179 1242 381 1286 Boisaon.
411 1256 452 1297 p.
487 1242 582 1286 175.
631 1242 966 1298 Winckelmann.
1016 1256 1094 1297 pro
1131 1246 1245 1284 ἔστιν
1299 1244 1381 1296 legi
1430 1245 1548 1286 iubet
1603 1242 1761 1286 ἕπεται.

70 1299 358 1344 Hommelins
386 1300 717 1354 interpretatur·
762 1299 829 1341 ἀεὶ
875 1299 950 1341 ουί·
945 1302 1047 1341 sart
1074 1315 1131 1341 τε
1151 1298 1264 1355 μετὰ
1302 1302 1400 1341 νέων
1433 1301 1506 1342 καὶ
1533 1302 1626 1343 ἐστὶ
1656 1305 1764 1354 νέος,

75 1359 200 1413 1111011
241 1371 327 1400 11011
368 1357 452 1399 fert
503 1357 735 1399 collocatio
777 1363 823 1399 et
861 1357 969 1399 ordo
1007 1359 1254 1400 verborum·
1322 1358 1369 1399 ln
1411 1359 1555 1412 priore
1597 1359 1764 1401 scillcet

83 1416 217 1458 verbo
249 1416 320 1462 ξεν
353 1415 393 1456 vi
424 1427 502 1455 sua
533 1415 719 1466 eminet,
752 1414 868 1457 unde
894 1416 989 1456 ἔστί
1015 1415 1235 1462 iteratur:
1279 1414 1377 1457 Mit
1418 1415 1515 1460 der
1552 1416 1765 1471 Iugend

82 1474 158 1516 ist
189 1486 245 1516 er
271 1485 579 1514 zusammen
608 1470 714 1513 und
739 1472 926 1514 weilet
956 1472 1046 1514 bei
1077 1472 1174 1515 ihr.

198 1587 249 1629 C.
319 1585 381 1627 τᾶ
423 1586 478 1627 δὲ
528 1583 733 1625 παλαιὰ
777 1583 1105 1641 πράγματα]
1147 1586 1386 1642 γράμματα
1427 1585 1555 1628 Bodl.
1596 1586 1691 1629 Vat.
1713 1584 1768 1629 A.

75 1644 210 1693 vind.
221 1643 248 1688 2
277 1643 316 1686 7.
338 1645 436 1685 Par.
446 1642 550 1684 DK.
576 1645 684 1696 Ang
701 1655 751 1683 w.
773 1641 868 1683 Vat.
879 1656 918 1696 p.
979 1643 1086 1685 Dein
1118 1642 1479 1696 Bod1.vat.A.‚
1524 1649 1570 1686 ut
1610 1647 1767 1698 solent,

86 1701 412 1760 Παρμενείδης,
446 1699 501 1743 de
531 1712 619 1753 qua
654 1700 870 1752 scriptura
899 1699 1038 1742 dicam
1068 1700 1122 1742 ad
1155 1701 1469 1744 parmenidem.

140 1902 375 1955 πέφυκεν
421 1896 581 1955 Ἔρως
626 1898 881 1954 μισεῖν]

85 1958 125 2002 11.
160 1972 198 2001 8.
227 1956 468 2000 naturali
497 1955 722 2010 quodam
755 1955 883 1998 odio

85 2015 448 2081 persequitur
487 2027 520 2054 s.
561 2019 769 2055 natura·
788 2026 883 2055 aua

85 2073 228 2124 odit,
257 2086 303 2115 v.
334 2071 511 2124 viget.
542 2084 584 2125 p.
612 2069 712 2114 321.

143 2155 260 2199 οὐδ’
314 2154 472 2204 ἐντὸς
525 2157 730 2199 πολλου
777 2155 875 2212 πλ.]

87 2228 147 2258 ac
179 2227 241 2256 ne
270 2213 520 2255 cominus
549 2215 760 2268 quidem
792 2229 878 2265 ap-

87 2272 447 2327 propinquat,
504 2285 539 2312 s.
590 2285 652 2314 118
707 2285 879 2326 prope

30 2355 38 2366 ι
84 2329 302 2384 quidem
333 2327 568 2372 88881111.
628 2329 728 2371 Hoc
757 2327 879 2375 ἐντὸς

71 2381 254 2437 ’πολλοῦ
284 2384 393 2428 1118111
414 2385 612 2439 estquod
631 2385 753 2432 ἐντὸς
773 2387 878 2428 πολ-

73 2444 166 2485 ’λοῢ
188 2441 498 2495 διαστήματος,
527 2443 642 2495 quod
663 2443 879 2485 interdum

85 2502 128 2544 in
177 2501 384 2543 similibus
440 2499 632 2542 formulis
689 2500 878 2542 additum

86 2558 263 2613 reperiri
331 2556 570 2599 docuerunt
627 2557 763 2612 intpp.
823 2557 878 2599 ad

84 2612 263 2658 Lamb.
295 2614 416 2656 Bos.
458 2613 511 2656 de
542 2614 691 2668 Ellips.
723 2628 764 2670 p.
800 2614 879 2660 103

88 2686 151 2727 sq.
213 2673 495 2726 Comparavit
525 2672 712 2713 Actius
742 2669 878 2713 Thu-

87 2729 186 2784 cyd
233 2730 286 2774 ΙΙ.
315 2729 396 2773 77·
432 2727 553 2773 ἐντὸς
589 2727 703 2788 γὰρ
714 2728 878 2770 πολλοῦ

85 2788 247 2843 χωρίου
277 2791 353 2838 τῆς
381 2784 546 2832 πόλεως
575 2784 652 2828 οὐκ
675 2790 726 2839 ἦν
750 2784 880 2827 πελά-

89 2860 175 2888 σαι.
237 2843 450 2886 Vitiosum
491 2847 558 2886 est
597 2843 711 2896 quod
752 2846 880 2898 vulgo

90 2901 363 2954 legebatur-o
343 2900 467 2949 ὄντος
505 2905 637 2952 8111118
664 2900 880 2954 indignum

91 2956 329 3012 patrocinio
359 2956 594 2997 Dor-villi
633 2956 687 2998 ad
718 2957 881 2999 Charit.

94 3028 133 3068 p.
165 3011 266 3056 254.
325 3012 526 3054 Ceterum
557 3012 613 3054 ad
642 3012 884 3066 πλησιάζειν

91 3067 482 3169 intelligaa2a13vp,
530 3081 569 3110 v.
619 3069 885 3112 Matthiae

95 3129 134 3183 ς.
164 3124 322 3171 4282

151 3210 236 3252 ἀεὶ
266 3209 485 3254 ξύνεστι
508 3224 566 3250 τε
596 3209 684 3249 καὶ
714 3209 887 3262 ἔστιν]

98 3269 334 3322 Comparat
398 3265 776 3323 wyttenbach.
834 3267 889 3308 ad

95 3323 311 3369 Plutarch.
362 3323 416 3366 de
464 3325 558 3366 Ser.
597 3323 723 3366 Num.
767 3323 890 3366 vind.

101 3397 142 3437 p.
161 3382 249 3434 36„
280 3380 352 3424 ubi
383 3380 504 3423 huius
534 3380 615 3423 loci
648 3379 751 3422 facit
768 3393 890 3422 men-

99 3442 286 3493 tionem,
330 3437 605 3481 Plutarch.
657 3438 711 3480 de
749 3437 804 3480 Is,
846 3444 889 3480 et

968 1898 1078 1940 Osir.
1108 1911 1150 1952 p.
1179 1896 1278 1943 352.
1308 1900 1368 1941 A.
1409 1897 1520 1970 παρ’
1554 1896 1664 1952 αὐτῆ
1693 1900 1765 1941 και

964 1954 1060 2009 μετ’
1112 1953 1249 2007 αυῒῆς
1306 1972 1413 1996 Ονῒα
1451 1971 1521 1995 “ab
1562 1971 1683 1997 συνοῖ
1670 1974 1764 2001 1’.ῒα

966 2012 1079 2054 conf.
1120 2013 1337 2054 Dobree
1375 2012 1428 2054 ad
1470 2013 1599 2054 Arist.
1642 2015 1760 2057 Plut.

966 2084 1007 2124 p.
1053 2069 1146 2112 117.
1190 2070 1252 2111 ed.
1297 2070 1416 2123 Lips.
1461 2075 1505 2111 et
1543 2083 1638 2114 ann.
1668 2073 1760 2113 crit.

966 2128 1032 2169 De
1049 2127 1302 2181 proverbio:
1339 2126 1495 2182 δ’μοιος
1526 2126 1661 2181 ὁμοίῳ
1695 2128 1764 2170 ἀεὶ

961 2183 1153 2235 πελάζει,
1201 2184 1316 2238 quod
1366 2184 1479 2239 apud
1528 2185 1759 2228 Platonem

911 2249 925 2270 s
962 2254 1046 2283 non
1092 2253 1179 2282 uno
1234 2245 1329 2283 loco
1383 2249 1760 2295 commemoratur,

963 2311 1262 2352 comparamus
1278 2300 1550 2348 versiculum,
1563 2300 1633 2353 qui
1654 2301 1760 2354 legi-

963 2355 1196 2408 turLysid.
1219 2369 1258 2410 p.
1275 2356 1374 2400 214-
1395 2359 1452 2398 Α·
1485 2357 1569 2397 ahl
1592 2372 1663 2398 τοι
1681 2359 1762 2398 τὸν

963 2411 1119 2465 δ’μοιον
1146 2428 1242 2468 ayn
1264 2413 1373 2461 θεὸς
1392 2413 1446 2462 ὥς
1479 2413 1559 2454 τὸν
1590 2413 1761 2470 δ’,μοιον

964 2470 1162 2512 Cicero
1202 2469 1256 2512 de
1295 2471 1467 2514 Senect.
1508 2470 1559 2516 3.
1599 2485 1761 2527 pares

963 2539 1076 2570 811111
1127 2528 1359 2581 paribus
1410 2530 1591 2571 veteri
1638 2538 1759 2584 pro-

961 2584 1155 2627 verbio
1204 2584 1475 2629 facillime
1533 2599 1759 2647 congre-

961 2646 1171 2696 gantur.

1022 2753 1088 2801 ὦς
1119 2754 1277 2810 Ἔρως
1317 2749 1535 2807 Κρόνόυ
1566 2761 1650 2807 —-]
1685 2758 1761 2799 m-

966 2818 1089 2855 xerat
1130 2814 1240 2855 enim
1285 2814 1506 2856 Phaedrus
1558 2817 1761 2859 Amorem

968 2883 1066 2912 esse
1115 2869 1295 2913 deorum
1344 2873 1471 2926 longe
1519 2872 1762 2926 antiquissi-

966 2939 1097 2970 mum.
1157 2928 1287 2971 Quod
1331 2929 1502 2983 quidem
1547 2930 1589 2971 in
1628 2931 1761 2971 risum

965 2989 1140 3026 vertens
1180 2984 1349 3038 Agatho
1392 3000 1487 3029 eum
1528 2987 1673 3028 Crono
1718 2991 1763 3028 et

966 3040 1114 3094 Iapeto
1134 3047 1262 3084 vocat
1284 3043 1584 3112 antiquiorem.
1617 3043 1700 3084 Mo
1714 3055 1761 3082 e-

964 3109 1042 3138 ΠΒ
1072 3111 1115 3151 Ρ·
1145 3097 1254 3144 200.
1286 3096 1467 3141 ’Alaun
1442 3114 1511 3146 ο·ς
1547 3099 1598 3141 ἄν
1577 3115 1643 3139 ντι
1685 3113 1762 3139 του

971 3157 1114 3208 γέρων.
1156 3156 1227 3196 καὶ
1257 3158 1406 3199 Τίθων
1389 3174 1457 3205 νος
1487 3157 1557 3196 καὶ
1586 3153 1765 3209 Κρόνος

970 3212 1040 3253 ἐπὶ
1070 3216 1152 3253 τῶν
1181 3211 1284 3269 γερό
1290 3230 1418 3266 των,
1467 3227 1502 3252 v,
1546 3214 1676 3266 intpp.
1710 3211 1764 3253 ad

973 3269 1190 3324 Aristoph.
1232 3271 1346 3313 Plut.
1390 3284 1430 3311 v.
1463 3269 1559 3313 589.
1594 3273 1638 3310 81
1668 3268 1764 3312 994.

971 3325 1347 3370 Hematerhua.
1383 3326 1438 3367 ad
1466 3326 1644 3368 Lucian.
1665 3326 1766 3367 Dia-

972 3383 1066 3483 log-1
1079 3383 1208 3428 neor.
1229 3385 1280 3427 ll.
1308 3385 1342 3427 1.
1369 3383 1579 3424 Erasmi
1600 3382 1765 3437 Adagg.
