2158 3718
0 0 316 33 ἵςτῆνΨῆ-εᾷῑιψ

360 43 362 45 .
435 51 439 55 ’
510 60 512 63 ἱ
551 44 554 46 .
576 44 578 46 ,
604 39 623 66 ..1
678 35 695 46 ι’
755 37 759 45 1
796 34 804 42 ⁴*
966 38 977 52 μ
1047 38 1050 45 v
1276 35 1284 51 4
1518 39 1524 46 .
1549 42 1562 52 ,,
1611 35 1625 54 g
1758 35 1768 60 v¹
1809 35 1816 44 ι
1884 36 1912 59 ,Γ
1934 38 1944 48 ,

994 119 1318 163 PLATONIS

263 91 369 174 168

264 256 458 339 αὐτῶν
490 256 554 312 τὸ
592 258 698 328 μὲν
735 254 908 328 σῶμά
935 258 1072 325 ἐστι,
1111 255 1174 310 τὸ
1202 256 1264 311 δὲ
1289 257 1467 328 ψυχῆς
1511 255 1698 312 Οὐδὲν
1723 255 1884 328 ἄλλο,
1915 260 2043 329 ἔφη.

207 343 498 415 ΒΠοτέρῳ
546 335 655 396 οὖν
703 339 1035 412 ὁμοιότερον
1082 344 1159 411 τῷ
1209 342 1344 395 εἴδει,
1393 349 1602 411 φαῖμεν
1649 339 1720 394 ἂν
1769 338 1916 396 εἶναι
1951 343 2048 396 καὶ

212 1014 434 1084 Οματός
484 1016 603 1068 ἐστι
639 1018 717 1085 τῷ
756 1013 958 1083 ἄειδεῖ,
1007 1012 1069 1067 τὸ
1110 1014 1171 1068 δὲ
1209 1016 1284 1083 τῷ
1324 1011 1539 1083 ὁρατῷ

263 427 703 497 ξυγγενέσι-ερον
751 423 814 480 τό
858 429 1045 495 σῶμα
1096 428 1307 495 Παντί,
1347 427 1484 494 ἔφη,
1542 425 1711 479 τοῦτό
1746 445 1812 494 γε
1849 427 2046 495 δῆλον,

265 510 350 565 ὅτι
386 515 463 582 τῷ
511 509 714 582 ὁρατῷ.
798 514 866 563 Τι’
909 509 977 564 δὲ
1016 507 1051 578 ἡ
1098 510 1250 579 ψυχή
1263 532 1275 573 ;
1335 507 1541 579 ὁρατὸν
1587 508 1624 579 ἢ
1669 507 1873 574 ἄειδές;
1925 507 2048 579 Οὐχ

263 593 363 649 ὑπ’
404 595 730 665 ἀνθρώπων
766 614 857 663 γε,
897 586 943 647 03
982 592 1301 663 Σώκρατες,
1341 596 1466 663 ἔφη.
1539 591 1705 646 Ἀλλὰ
1742 591 1853 663 μὴν
1889 592 2050 663 ἡμεῖς

262 699 329 748 γε
365 677 432 733 τοὶ
473 676 646 748 ὁρατὰ
685 679 779 731 καὶ
816 676 883 731 τὰ
919 674 993 747 μὴ
1041 680 1109 747 τῇ
1159 681 1272 731 τῶν
1310 676 1635 747 ἀνθρώπων
1674 678 1846 747 φύσει
1884 678 2047 746 λέγο-

261 783 382 832 μεν.
461 764 496 832 ἢ
543 761 687 833 ἄλλῃ
735 763 847 816 τινὶ
894 765 1027 825 οἰέι;
1092 765 1172 831 Τῇ
1226 764 1340 814 τῶν
1396 759 1736 830 ἀνθρώπων.
1819 764 1889 814 Τί
1939 754 2051 815 οὖν

262 849 392 915 περι
430 850 612 915 ψυχῆς
660 847 923 916 λέγομενς
973 843 1179 913 ὁρατὸν
1218 840 1388 914 εἶναι,
1428 845 1462 914 ἢ
1501 843 1603 913 οὐχ
1641 844 1874 915 ὁρατόνς
1928 843 2050 914 Οὐχ

265 928 490 1000 ὁρατόν.
563 929 768 994 Αειδὲς
814 928 950 998 ἄρας
999 933 1133 983 Ναί.
1205 927 1559 999 Ὁμοιότερον
1598 927 1708 999 ἄρα
1745 926 1895 999 ψυχὴ
1935 928 2050 983 σώ-

1604 1016 1773 1067 Πᾶσοι
1810 1010 2048 1083 ἀνάγκη,

263 1102 306 1152 ὠ
347 1099 666 1169 Σώκρατες.

406 1187 520 1252 Cap.
562 1186 751 1237 XXVII.
831 1180 1063 1236 Οὐκοῦν
1115 1183 1207 1234 καὶ
1246 1181 1374 1235 τόδε
1412 1181 1583 1234 πάλαι
1625 1182 1921 1251 ἐλέγομεν,
1961 1181 2051 1235 ὅτι

261 1265 296 1336 ἡ
335 1267 505 1336 ψυχή,-
546 1265 684 1320 ὅταν
721 1266 825 1336 μὲν
862 1269 939 1336 τῷ
978 1266 1191 1335 σώματι
1217 1269 1556 1335 προςχρῆται
1597 1267 1675 1328 εἰς
1711 1263 1774 1319 τὸ
1813 1273 2050 1319 σκοπεῖν

261 1369 315 1404 τι
354 1349 390 1419 ἢ
429 1348 522 1403 διὰ
559 1354 661 1404 τοῦ
701 1348 844 1420 ὁρᾶν
882 1349 915 1420 ἢ
954 1348 1060 1403 διὰ·
1084 1353 1186 1403 τοῦ
1226 1348 1456 1402 ἀκούειν
1496 1348 1530 1418 ἢ
1569 1347 1645 1402 δι’
1686 1347 1859 1418 ἄλλης
1894 1349 2054 1414 τινὸς

263 1434 581 1503 αἰσθήσεως
630 1466 691 1474 -
741 1437 908 1488 τοῦτο
957 1434 1066 1503 γάρ
1117 1435 1236 1488 ἐστι
1283 1431 1344 1486 τὸ
1385 1431 1478 1485 διὰ
1517 1435 1618 1485 τοῦ
1658 1433 1938 1503 σώματος,
1984 1431 2047 1487 τὸ

377 1598 569 1646 αὐτῶν
608 1599 669 1646 τὸ

710 1602 829 1659 μέν]
870 1607 922 1644 V.
956 1597 1115 1647 αὐτῶν
1146 1595 1177 1658 ἢ
1206 1599 1257 1645 τὸ
1288 1599 1390 1658 μέν.
1433 1603 1517 1645 Sed
1538 1613 1654 1644 recte
1681 1595 1714 1658 ἥ
1735 1616 1817 1647 om.
1837 1604 1959 1648 Bodl.
1980 1619 2045 1660 pr.

261 1660 357 1701 Par.
383 1662 417 1702 G
448 1671 488 1701 et
515 1662 612 1701 Vat..
635 1663 744 1702 Ven.
768 1661 862 1703 ΛΠ
886 1662 1015 1704 Vind.
1043 1661 1083 1702 Τ
1108 1661 1204 1703 Par.
1227 1661 1420 1700 ACHIL
1449 1661 1596 1704 Ambr

1626 1661 1736 1704 Fior.
1757 1672 1782 1700 a
1802 1673 1844 1701 m
1874 1661 1960 1703 alii.
2000 1663 2052 1702 In

262 1717 356 1758 aliis
378 1717 634 1769 quibusdam
655 1717 774 1758 libris
798 1710 831 1770 ἥ
851 1725 949 1770 post
970 1709 1085 1759 α’λλο
1107 1730 1152 1758 τι
1173 1717 1471 1770 interpositum
1494 1726 1574 1759 est.

376 1787 424 1827 Β.
457 1790 675 1840 φαῖμεν
717 1778 801 1840 ἂν]
844 1787 898 1831 V.
921 1783 1081 1841 φαμὲν
1113 1778 1186 1836 ἅν,
1211 1787 1326 1838 quod
1347 1798 1370 1825 e
1390 1786 1511 1829 Bodl.
1533 1787 1641 1827 Ven.
1655 1786 1830 1828 HTub.
1852 1787 1983 1828 vind.
2006 1788 2049 1829 Φ

262 1843 357 1886 Par.
382 1842 580 1887 CAmbr.
606 1843 889 1886 emendatum

932 1843 1130 1897 [φαῖμεν
1152 1843 1353 1891 Turneb‚
1377 1841 1522 1896 Steph.
1528 1840 1544 1896 ]

370 1907 528 1955 Ἀλλά
556 1906 670 1967 μὴν
697 1906 888 1967 ἡμεῖς]
919 1907 1014 1967 μήν
1036 1926 1118 1954 om.
1140 1913 1262 1953 Bodl.
1284 1913 1394 1954 Ven.
1419 1911 1549 1964 Hpi.
1572 1911 1669 1956 Par.
1692 1911 1727 1953 G
1747 1913 1854 1957 Tub.
1876 1913 2048 1955 Abiecit

267 1963 364 2024 μήν
384 1970 525 2011 Herm.
516 2000 542 2021 .‚
567 1970 682 2022 quod
703 1970 826 2011 nobis
849 1973 900 2010 ob
921 1971 1160 2023 pioximam
1182 1968 1389 2021 syllabam
1411 1969 1579 2009 videtur
1601 1969 1827 2011 excidisse.

376 2033 551 2093 φρσει
582 2036 850 2094 λέγομεν]
879 2041 931 2080 V.
957 2033 1197 2093 ἐλέγομεν,
1223 2039 1335 2089 quod
1357 2051 1379 2078 e
1400 2038 1519 2079 Bodl.
1541 2038 1650 2079 ven.
1666 2038 1840 2081 HTub.
1866 2041 2050 2082 correxi.

259 2096 493 2149 Vulgatum
514 2097 649 2136 tenuit
672 2096 848 2136 Bekker.
870 2097 989 2137 iuxta
1011 2109 1104 2136 cum
1128 2095 1373 2139 Turicenss.
1394 2096 1554 2135 Verum
1576 2096 1799 2136 nobiscum
1821 2095 2051 2150 amplexus

265 2160 327 2193 est
347 2153 489 2195 Herm.

376 2220 480 2275 Cap.
503 2222 681 2264 XXVII.
717 2220 763 2267 C.
792 2215 973 2263 πάλαι
1002 2215 1302 2276 ἐλέγομεν]
1343 2221 1459 2262 Libri
1490 2233 1637 2262 omnes
1668 2214 1907 2277 ἐλέγομεν,
1932 2223 2050 2275 quo&

258 2278 543 2328 Heindorfius,
565 2278 785 2320 Bekkerus
807 2291 855 2320 ac
866 2279 1003 2322 Tulic.
1018 2288 1188 2333 piaeter
1210 2279 1508 2319 necessitatem
1529 2278 1573 2317 in
1597 2273 1795 2332 λέγομεν
1815 2285 2051 2328 mutarunt

258 2344 306 2375 ut
332 2335 450 2388 apud
477 2309 789 2377 Th’eodoretum
822 2344 861 2375 et
889 2337 1119 2376 Eusebium
1148 2336 1191 2375 in
1220 2334 1339 2375 libris
1368 2333 1624 2386 quibusdam
1654 2335 1859 2388 scriptum
1889 2343 1966 2376 est.
2006 2349 2051 2376 v

260 2391 479 2444 explicatt.

314 2531 361 2571 B.
386 2530 459 2572 Τί
476 2528 536 2573 δὲ
558 2525 588 2584 ἡ
612 2525 788 2586 ψυχή]
803 2531 893 2572 scil.
904 2530 1105 2584 coneptu}

258 2599 392 2628 νεται
420 2601 447 2626 v
452 2588 489 2627 el
512 2581 665 2653 ἐστίςν

315 2636 433 2708 Ουχ
462 2637 556 2684 ὑπ’
580 2619 902 2709 ἀνθρώπων
932 2643 1008 2697 γε]
1038 2645 1102 2682 in-

255 2699 341 2739 tell.
364 2693 534 2762 ὁρᾶται
543 2693 749 2764 (ὁρατόν
771 2692 932 2748 ἐστιν).

310 2746 464 2795 Ἀλλὰ
486 2748 598 2807 μὴν
619 2749 647 2807 ἡ
703 2757 785 2802 εἷς
806 2767 867 2807 γε
889 2747 954 2794 τά
977 2748 1104 2807 ὁρα-

256 2802 394 2850 τά-
412 2806 652 2864 λέγομεν
699 2811 855 2861 Atqui
878 2823 970 2850 nos
994 2810 1103 2862 qui-

258 2866 369 2905 dem
399 2866 686 2920 loquimur
691 2867 750 2906 de
779 2866 864 2913 iis,
892 2878 1019 2915 quae
1041 2867 1102 2906 ab

254 2921 553 2963 hominibus
595 2922 801 2975 peicipi
850 2922 1103 2962 sensibus

255 2987 343 3018 aut
373 2990 470 3018 non
499 2978 709 3032 percipi
737 2988 984 3031 possunt,
1028 2991 1100 3018 ne—

257 3046 339 3085 que
369 3035 479 3074 enim
510 3047 621 3075 nnnc
647 3035 699 3074 de
729 3035 783 3074 iis
805 3035 933 3074 rebus
955 3035 1102 3088 dispu-

253 3100 409 3142 tamus,
440 3103 549 3143 quae
570 3092 622 3131 ab
643 3090 829 3130 humana
852 3099 1003 3130 natura
1025 3092 1102 3131 ab-

252 3146 427 3187 hortent
455 3156 529 3187 aut
557 3146 659 3187 nihil
687 3147 741 3187 ad
764 3158 854 3186 eam
858 3148 1102 3210 pertinent.

252 3203 419 3243 Etenim
446 3199 603 3270 λέγειν
631 3196 689 3244 τὰ
718 3196 867 3256 ὁρατά
895 3204 1007 3243 idem
1038 3213 1103 3243 est

252 3259 344 3299 fele
385 3259 500 3311 quod
541 3255 696 3314 λέγειν
723 3256 832 3311 περὶ
870 3258 963 3299 τῶν
990 3252 1102 3313 ὁρα-

253 3329 364 3358 των.
396 3329 434 3357 ν.
458 3316 512 3355 ad
531 3316 715 3380 Apolog.
732 3329 784 3382 p.
803 3317 928 3356 23A.
964 3337 1016 3343 —
1044 3315 1100 3370 τῇ

251 3370 347 3414 τῶν
375 3364 646 3442 ἀνθρώπων
675 3383 818 3425 φυσει
849 3371 1006 3411 dictum
1038 3382 1101 3412 est

251 3441 329 3480 pro
352 3430 453 3477 τοῖς
474 3424 766 3480 ανθρώποις.
790 3441 830 3469 v.
848 3428 902 3468 ad
919 3427 1099 3470 Phaedr.

1193 2531 1276 2571 248
1299 2531 1343 2571 C.
1386 2531 1651 2582 Quamquam
1690 2530 1949 2582 cavendum,
1992 2543 2051 2571 ne·

1194 2583 1340 2639 φύσις
1362 2588 1403 2625 in
1426 2587 1583 2627 talibus
1614 2587 1749 2627 otiose
1769 2588 1871 2640 poni
1894 2587 2043 2628 existi-

1190 2652 1342 2684 metur.
1383 2643 1443 2681 De
1474 2643 1614 2682 dativo
1646 2642 1757 2682 conf.
1789 2642 2009 2684 Matthia
2022 2656 2050 2683 e·

1194 2697 1263 2739 Gr.
1294 2699 1334 2748 §.
1355 2699 1453 2739 387.
1496 2699 1636 2738 Veluti
1665 2698 1707 2742 h,
1731 2698 1758 2740 l.
1793 2700 1853 2738 sic
1874 2699 2047 2750 dicitur,

1191 2755 1290 2805 quia
1319 2754 1528 2794 sententia
1555 2754 1660 2795 haec
1692 2760 1776 2794 est·
1820 2767 1950 2806 quae
1980 2757 2042 2796 ab

1192 2810 1497 2850 hominibus
1527 2822 1618 2863 pro
1659 2818 1883 2851 natutae
1914 2823 2045 2852 suae

1191 2866 1369 2906 indole
1398 2867 1653 2932 conspici
1706 2876 1947 2919 possunt.
1986 2889 2046 2897 —

1191 2915 1244 2963 τὸ
1274 2914 1449 2970 ἀειδὲς,
1482 2923 1618 2974 quod
1639 2935 1727 2962 cal
1738 2931 1784 2963 et
1803 2923 1973 2964 forma
1994 2930 2042 2964 et

1192 2990 1387 3032 specle

1248 3090 1351 3145 Cap.
1374 3090 1557 3132 XXVII.
1603 3089 1647 3132 C.
1695 3084 1877 3133 πάλαι
1917 3085 2039 3133 ἐλέ-

1189 3145 1385 3201 γομεν]
1429 3148 1670 3200 Respicitur
1701 3149 1818 3201 adp.
1841 3149 2040 3196 64--68‚

1191 3204 1330 3244 unde
1322 3204 1557 3256 impe1fect1
1587 3205 1694 3244 ratio
1715 3204 1962 3257 iepetenda‚
1986 3205 2038 3243 de

1190 3272 1272 3310 qua
1295 3273 1336 3302 v.
1358 3273 1552 3326 suprap.
1575 3261 1688 3308 72A,
1711 3260 1765 3300 ad
1786 3260 1937 3313 Remp.
1962 3260 2036 3300 v.1

1189 3329 1230 3369 p.
1252 3318 1407 3357 490A.
1452 3310 1617 3358 Πάλαι
1657 3317 1715 3355 ita
1755 3327 1847 3355 cum
1877 3317 2032 3368 imper·

1189 3375 1297 3418 fecto
1322 3373 1510 3413 iunctum
1541 3372 1671 3425 Soph.
1696 3371 1796 3412 Oed.
1823 3369 1911 3414 Col.
1935 3372 2035 3414 966

1190 3427 1254 3473 Cf,
1276 3428 1382 3469 Plat.
1405 3429 1577 3469 Laefhet.
1601 3441 1644 3481 p.
1669 3427 1750 3469 178
1772 3427 1817 3468 B.
