2158 3718
419 166 937 220 SYMPOSIUM.
977 185 1024 234 p.
1062 166 1170 217 212
1207 165 1282 215 st.

1611 170 1715 221 168

34 318 127 372 καὶ
170 313 544 391 διαφερόντως
587 311 767 378 ἀσκῶ,
812 314 903 368 καὶ
947 306 1714 383 τοῖςᾶλλοις-παρακελεύο-

33 414 201 471 μαι,
217 402 309 455 καὶ
353 402 456 454 νῦν
497 419 554 453 τε
597 399 689 453 καὶ
735 394 819 452 ἀεὶ
865 395 1170 467 ὲγκωμιάζω
1214 393 1319 465 τὴν
1343 394 1578 467 δύναμιν
1620 399 1714 452 καὶ

33 482 299 558 ἀνδρείαν
340 485 443 538 τοῦ
470 477 714 553 ’Ἑρωτος
754 479 898 535 καθ’
949 477 1083 536 ὅσον
1125 477 1244 545 οἷός
1284 478 1341 535 τ’
1387 484 1511 551 ειμί.

138 569 396 623 Τοῦτον
438 586 539 621 ουν
582 562 684 620 τὸν
727 563 938 634 λόγον,
957 556 996 618 ὦ
1034 567 1259 635 Φαιδρε,
1283 571 1348 644 1ει
1374 567 1476 636 μὲν
1506 560 1710 635 βούλει,
1759 570 1800 620 C

31 647 108 715 ὡς
143 647 408 721 ἐγκώμιον
450 655 525 714 εις
551 647 771 723 Ἔρωτα
813 645 1045 719 νόμισον
1083 651 1380 718 εἰρῆσθαι,
1440 655 1486 704 εἰ
1531 652 1615 714 δέ,
1675 645 1706 703 ὅ

31 755 89 789 τι
130 739 224 790 καὶ
266 733 377 810 ὅπῃ
416 738 626 806 χαίρεις
668 730 985 802 ὀνομάζων,
1028 735 1196 788 τοῦτο
1240 730 1494 804 ὀνόμαζε.

158 813 298 895 Cap.
343 816 548 874 XXX.
619 815 898 881 Εἰπόντος
924 819 978 872 δὲ
1008 820 1186 872 ταῦτα
1219 820 1319 873 τοῦ
1351 815 1712 888 Σωκράτους,

30 898 163 966 τοὺς
205 905 308 972 μὲν
350 908 612 966 ἐπαινεῖν,
654 898 755 957 τὸν
801 904 858 956 δὲ
899 899 1274 975 Ἀριστοφάνη

1317 904 1487 969 λέγειν
1513 923 1563 956 τι
1598 908 1714 957 ἑπι-

25 995 244 1058 χειρειῖν,
290 982 382 1042 ὅτι
423 985 683 1057 ἐμνήσθη
728 981 907 1040 αὐτοῦ
948 988 1117 1054 λέγων
1160 983 1189 1041 ὁ
1234 985 1548 1057 Σωκράτης
1588 988 1714 1056 περὶ

32 1073 135 1125 τοῦ
180 1069 382 1140 λόγου·
426 1072 519 1125 καὶ
562 1071 824 1144 ἐξαίφνης
866 1065 970 1135 τὴν
1012 1065 1235 1127 αὔλειον
1278 1066 1472 1140 θύραν
1514 1071 1712 1143 κρουο-
1793 1112 1796 1118 .-

30 1157 204 1224 μένην
247 1149 426 1208 πολὺν
468 1151 670 1230 ψόφον
695 1163 999 1225 παρασχεῖν
1033 1150 1105 1217 ὡς
1132 1155 1450 1224 κωμαστῶν,
1491 1156 1583 1208 καὶ
1612 1152 1715 1209 αὐ-

146 1314 243 1369 τὴν
273 1315 505 1358 αὔλειον
535 1315 747 1372 θύραν]
782 1314 935 1356 αὔλιον
965 1315 1092 1358 Bodl.
1126 1316 1220 1357 Vat.
1245 1314 1297 1357 A.
1329 1316 1463 1358 Coisl.
1493 1317 1589 1358 Par.
1615 1316 1713 1358 EF.

34 1375 143 1428 Ang.
168 1386 207 1415 u.
235 1387 285 1415 w.
319 1373 414 1415 Vat.
434 1388 474 1418 n.
497 1388 531 1415 s.
572 1374 811 1424 Flor.b.i.‚
842 1379 892 1414 ut
922 1373 1053 1415 edidit
1086 1373 1382 1424 Hermannus;
1416 1373 1470 1415 de
1498 1386 1580 1427 qua
1610 1374 1717 1416 scri-

33 1438 163 1487 ptura
193 1443 234 1471 v.
267 1430 467 1473 Pierson.
494 1431 551 1472 vad
584 1433 722 1473 Moer.

759 1445 800 1485 p.
823 1430 895 1474 88.
929 1429 1115 1472 Fischer.
1153 1431 1204 1471 ad
1238 1429 1454 1484 Theophr.
1486 1430 1574 1473 Ind.
1608 1444 1644 1473 s.
1673 1444 1716 1475 v.

32 1488 243 1539 Αὖλειος,
273 1487 426 1529 Iacobs
457 1489 509 1530 ad
533 1489 681 1530 Achill.
717 1488 816 1531 Tat.
850 1502 890 1542 p.
910 1488 1008 1533 820.
1042 1488 1112 1540 qui
1143 1493 1373 1540 utramque
1403 1487 1583 1530 formam
1616 1501 1718 1543 pro-

33 1546 134 1589 bam
167 1557 265 1586 esse
294 1549 458 1588 volunt.
518 1546 584 1588 De
612 1559 696 1598 quo
730 1557 808 1586 nos
839 1545 1013 1598 quidem
1038 1545 1296 1586 dubitamus.
1358 1545 1447 1586 lmo
1477 1545 1631 1586 αὔλιον
1663 1559 1719 1588 ex

35 1606 89 1646 eo
119 1602 247 1644 habet
277 1602 501 1656 originem,
533 1603 647 1656 quod
679 1603 723 1642 ῖῖ
751 1603 791 1643 ἰιι
825 1602 920 1643 cod.
958 1615 1035 1656 per
1063 1603 1151 1643 iota
1179 1600 1346 1655 μακρόν
1382 1603 1510 1643 scribi
1546 1604 1719 1645 solitum

35 1666 117 1703 est.
178 1659 343 1701 Deinde
382 1663 638 1715 κρουομένην
669 1660 765 1701 Vat.
792 1658 843 1702 A.
876 1659 970 1700 Par.
1001 1658 1100 1700 ΒΚ,
1131 1661 1242 1712 Aug.
1275 1672 1324 1700 w.
1358 1659 1558 1713 Vat.p.r.
1590 1660 1717 1702 Vind.

32 1717 184 1763 ’1.231.
213 1716 330 1758 Fior.
352 1729 394 1758 ιι.
428 1718 538 1759 Vett.
577 1718 696 1759 editt.
737 1719 1041 1770 κροτουμὲνην.
1101 1716 1214 1758 Τιιιιι
1246 1729 1471 1770 perperam
1500 1717 1720 1771 interpun-

36 1779 165 1830 guntz
195 1778 446 1830 παρασχεῖν,
472 1773 530 1822 ὡς
558 1778 791 1830 κωμαστῶν
822 1773 898 1814 καὶ
923 1772 1100 1829 αὕλητρ.
1131 1787 1171 1814 v.
1205 1778 1435 1815 comment.

38 1919 189 1963 τικῶς·
218 1918 366 1970 κροτεῖ
394 1912 436 1954 δὲ
460 1911 731 1967 Ἑλληνικῶς,
767 1915 840 1956 ubi

39 1973 77 2015 V
98 1987 121 2014 a
140 1974 152 2014 1
171 1985 195 2014 c
213 1972 240 2014 k
260 1985 284 2014 e
306 1984 345 2012 ιι.
406 1969 553 2024 κρούει
610 1971 837 2025 {egendum

40 2030 222 2072 censuit.
274 2028 524 2070 Verissime.
581 2027 690 2071 Nam
722 2029 839 2083 quod

39 2088 311 2138 Pierson.‚
342 2097 430 2138 quo
465 2090 662 2128 tueretur
690 2089 840 2140 vulga-

36 2150 130 2186 tam
177 2143 435 2193 lectionem,
484 2145 736 2196 provocavit
784 2143 837 2185 ad

41 2201 151 2244 hunc
183 2202 322 2243 locum
344 2200 558 2253 Symposii
589 2205 633 2242 et
662 2201 717 2242 ad
748 2201 841 2255 epi-

41 2271 231 2313 gramma
249 2257 410 2299 Leonis
429 2257 632 2299 Dorviilio
651 2258 704 2300 ad
727 2258 841 2300 Cha-

41 2317 169 2358 riton.
212 2329 256 2369 p.
301 2313 366 2358 31.
421 2315 670 2368 laudatum,
720 2317 841 2357 iocus

42 2372 260 2426 Symposii
303 2377 481 2426 propter
511 2373 731 2414 meliorem
765 2385 834 2413 co·

43 2430 187 2471 dicum
227 2429 455 2471 lectionem
495 2429 549 2470 ad
585 2429 838 2472 firmandam

43 2487 134 2529 eius
165 2486 420 2527 sententiam
454 2487 707 2539 nihilvalet3
735 2485 839 2528 illud

43 2545 306 2598 epigramma
347 2549 490 2584 autem
527 2557 677 2598 parum
715 2543 843 2585 habet

43 2601 317 2643 auctoritatis
356 2599 436 2642 hac
465 2602 504 2642 in
535 2615 606 2653 re,
645 2601 841 2655 quando-

43 2658 218 2712 quidem
249 2658 400 2710 optimi
433 2659 591 2712 quique
609 2659 842 2713 scriptores

45 2715 179 2758 Attici
217 2713 386 2771 κρούειν
425 2715 584 2758 dixisse
621 2716 843 2770 reperiun-

0 2805 4 2810 .
46 2778 140 2825 tur,
178 2785 220 2813 v.
262 2771 454 2814 Muret.
499 2774 595 2816 Var.
635 2774 777 2815 lectt
811 2772 843 2814 1.

50 2831 119 2872 17.
141 2830 336 2883 etintpp.
356 2829 424 2870 ad
447 2830 688 2885 Xenoph.
715 2830 846 2886 Sym-

48 2899 144 2941 pos.
168 2886 709 2928 1.11.Prox=ma1abem
742 2899 847 2928 con-

50 2947 281 2985 traxerant
332 2941 483 2996 Neque
503 2945 614 2985 enirn
635 2943 761 2985 haec.
794 2940 850 2990 ὡς

48 3003 283 3054 κωμαστῶν
303 3021 356 3029 -
380 3023 432 3030 —-
453 2999 626 3041 ἀκούειν
652 3004 753 3054 apte
774 3012 850 3040 co-

53 3057 288 3100 haerebant
326 3068 421 3097 cum
476 3056 850 3110 praecedentibus,

53 3118 287 3170 propterea
326 3112 443 3166 quod
482 3119 584 3167 post
622 3117 856 3166 παρασχεῖν

56 3176 274 3213 commate
313 3176 409 3212 erat
448 3170 712 3212 distinctum.
783 3170 854 3211 Vi-

56 3230 162 3272 tium
210 3228 461 3270 sustulimus
510 3233 677 3270 mutata
726 3227 856 3268 inter·-

923 1914 1047 1958 Nunc
1085 1912 1138 1963 ὥς
1177 1918 1409 1969 κωμαστῶν
1457 1911 1716 1956 connecten-

925 1973 1024 2014 dum
1071 1985 1165 2014 cum
1197 1971 1337 2012 πολὺν
1367 1970 1519 2025 ψόφον
1554 1988 1597 2014 π.
1636 1970 1717 2013 hoc

925 2042 1075 2071 sensu:
1135 2030 1406 2071 vestibuli
1455 2030 1511 2071 ia
1532 2041 1603 2070 nu
1624 2043 1649 2071 a
1673 2041 1715 2070 m

924 2089 1199 2142 pulsatam
1243 2087 1516 2140 ingentem
1555 2085 1716 2128 fecis-

925 2159 981 2186 se
1038 2145 1329 2197 strepitum
1381 2149 1436 2185 ut
1486 2144 1717 2185 comis-

923 2206 1201 2253 satorum,
1259 2200 1297 2242 h.
1347 2215 1384 2244 e.
1435 2202 1589 2255 quasi
1636 2213 1719 2242 co-

924 2259 1256 2301 missatores
1325 2271 1436 2300 eum
1507 2259 1719 2300 excita-

926 2321 1060 2359 rent.
1125 2316 1288 2366 Deinde
1310 2315 1365 2357 ad
1396 2314 1569 2356 ἀκούειν
1595 2316 1720 2357 intel-

925 2374 1030 2426 ligas
1078 2372 1334 2420 a1310155>et
1387 2377 1554 2415 vertas·
1613 2371 1721 2414 und

926 2443 1044 2472 man
1086 2430 1217 2472 habe
1267 2430 1366 2472 den
1409 2430 1522 2471 Ton
1565 2430 1723 2471 einer

927 2487 1398 2542 Flt'itenspielerin
1467 2501 1495 2541 g
1515 2501 1539 2529 e
1560 2486 1583 2529 h
1604 2489 1629 2527 ὅ
1652 2500 1673 2528 ι·
1693 2492 1724 2528 t.

925 2545 1039 2587 Nam
1092 2543 1235 2599 φωιήν
1282 2556 1506 2599 perperam
1564 2544 1724 2586 intelli-

928 2609 1033 2655 gunt
1062 2601 1126 2643 hic
1145 2602 1198 2643 de
1220 2615 1326 2643 voce
1349 2602 1563 2653 tibicinae,
1594 2614 1725 2654 quum

929 2661 984 2701 de
1015 2672 1123 2701 sono
1155 2660 1312 2711 tibiae,
1343 2672 1469 2712 quam
1500 2659 1570 2700 iiia
1605 2659 1726 2700 infla-

929 2718 1007 2767 vit,
1042 2716 1316 2769 cogitandum
1348 2717 1417 2757 sit.
1484 2717 1549 2758 De
1582 2731 1727 2770 κωμα-

931 2778 1052 2819 σταῖς
1082 2780 1214 2815 noctu
1256 2773 1313 2814 ad
1344 2773 1460 2815 fores
1490 2774 1727 2815 amicorum

932 2831 1159 2873 comitibus
1214 2831 1395 2872 tibicinis
1455 2831 1638 2884 aliisque
1685 2829 1728 2871 id

932 2900 1067 2942 genus
1126 2888 1366 2930 hominibus
1423 2888 1730 2930 accedentibus

934 2951 978 2987 et
1001 2946 1398 2998 παρακλαυσίθυρα
1417 2946 1668 2987 canentibus
1689 2957 1729 2987 v.

934 3001 1213 3043 Demosth.
1255 3002 1310 3045 T.
1347 3003 1401 3045 11.
1442 3016 1483 3056 p.
1522 3001 1618 3047 433.
1661 3000 1729 3043 ed.

936 3058 1086 3100 Reisk.
1117 3059 1340 3101 Lucian.
1379 3060 1452 3101 Bis
1472 3061 1629 3101 Aecus.
1662 3057 1734 3102 31.

934 3115 1211 3158 lamblich.
1246 3117 1329 3160 vit.
1368 3116 1549 3171 Pythag.
1583 3131 1623 3170 p.
1660 3114 1730 3159 94.

938 3173 1101 3214 Ciem
1157 3174 1303 3215 Alex.
1353 3173 1543 3225 Paedag.
1594 3173 1646 3214 11.
1693 3169 1734 3212 4.

941 3228 1123 3272 Schoi.
1165 3229 1349 3273 Theocr.
1394 3229 1456 3270 ld.
1501 3230 1573 3270 111.
1613 3230 1646 3271 1.
1681 3229 1736 3269 ai.

58 3285 314 3342 punctione,
354 3298 438 3338 qua
470 3287 652 3340 probata
682 3295 766 3325 non
793 3287 861 3325 est
943 3287 1038 3328 coii-
1079 3287 1334 3329 Schwarz
1377 3286 1478 3327 diss.
1519 3287 1574 3327 de
1618 3298 1739 3327 com-

61 3342 186 3396 quod
217 3355 315 3384 cum
360 3344 518 3385 Astio
559 3343 750 3393 corrigas
793 3340 865 3380 καὶ
946 3343 1265 3386 missationibus
1305 3349 1496 3384 veterum
1544 3342 1659 3385 Altd.
1700 3356 1740 3384 a.

64 3399 119 3448 ὡς
157 3404 388 3454 κωμαστῶν
421 3402 489 3444 vei
520 3417 590 3441 και
618 3414 863 3452 κωμαστων.

948 3400 1072 3445 1744.
1106 3402 1227 3446 editt.
1286 3402 1489 3442 Ceterum
1509 3405 1646 3456 κῶμος
1677 3405 1745 3443 est

1247 3474 1309 3522 ll
1350 3471 1377 3504 ¹⁶¹
