2158 3718
656 181 737 218 AD
777 180 1137 220 SYMPOSIUM.
1632 186 1740 222 XIX

57 306 241 360 tudine
264 306 540 360 rnitentem
583 307 750 360 multo
794 307 1065 361 ardentius
1101 308 1258 362 etiam
1298 308 1401 362 sui.
1417 308 1742 363 desiderium
1796 358 1805 364 „

56 377 288 435 excitare
310 376 582 442 iudicavit,
619 395 780 446 quam
805 379 1181 449 pulcerrimum
1212 379 1743 450 venustissimamque

56 467 265 512 eorum,
303 467 436 518 quos
472 466 732 512 amemus,
777 448 1032 519 figuram,
1082 450 1288 503 etiamsi
1323 451 1380 502 in
1414 450 1496 503 his
1533 469 1743 520 quoque

54 518 265 572 divinae
331 518 665 572 ulcritudinis
700 519 987 591 imaginem
1023 521 1291 589 quandam
1326 522 1533 574 elucere
1571 530 1742 574 statu-

54 589 183 653 erit3
220 609 270 644 v.
346 589 528 642 haedr.
558 609 610 660 p.
633 591 750 643 249.
771 588 844 643 D.
866 609 944 660 sq.
965 593 1085 644 250.
1105 590 1316 645 B—D.
1354 590 1542 645 Habet,
1573 592 1591 644 i
1633 592 1743 645 itur

50 659 139 714 hic
162 679 310 714 amor
332 660 684 714 arctissimam
709 679 835 714 sane
862 661 1278 716 coniunctionem
1300 681 1420 716 cum
1438 663 1557 733 ipsa
1574 613 1744 733 pffiilo-

53 730 255 800 sophia,
293 730 446 784 cuius
473 731 627 800 quasi
653 732 921 800 quoddam
944 732 1217 803 fastigium
1235 741 1316 787 est
1333 742 1496 803 atque
1515 735 1742 798 culmen,

4 809 6 811 ’
51 800 314 870 siquidem
347 801 448 855 hoc
471 820 579 855 uno
603 803 810 855 animus
833 803 1102 856 hominum
1130 812 1183 857 et
1206 823 1332 858 vera
1355 823 1531 858 rerum
1557 805 1742 877 cogni-

50 871 192 925 tione
237 870 519 937 imbuitur,
577 880 628 926 et
670 874 883 927 virtutis
927 875 1194 945 perfectae
1242 884 1743 944 consummataeque

47 941 350 999 incenditur
384 961 588 1008 amore,
639 951 693 997 et
728 963 825 1014 per
858 963 1037 997 rerum
1083 945 1381 998 divinarum
1418 947 1742 1016 contempla-

51 1012 248 1066 tionem
294 1013 364 1066 ad
410 1013 748 1067 beatissimae
791 1015 1185 1084 tranquillitatis
1230 1016 1743 1086 limpidissimaeque

50 1083 336 1154 voluptatis
372 1083 606 1137 fructum
639 1084 967 1154 perducitur.
1015 1084 1258 1138 Pertinet
1295 1087 1435 1138 enim
1473 1087 1543 1138 ad
1566 1105 1745 1139 rerum

49 1154 360 1207 coelestium
381 1153 778 1208 meditationem
803 1163 963 1224 atque
989 1155 1409 1220 admirationem,
1435 1174 1570 1225 quae
1589 1175 1741 1210 men-

47 1232 156 1278 tem
189 1243 222 1277 a
255 1243 436 1278 rerum
485 1225 585 1279 sub
622 1243 809 1278 sensus
847 1225 1150 1278 cadentium
1189 1226 1516 1297 spectatione
1553 1237 1743 1280 avocat

47 1302 427 1365 avocatamque
480 1296 551 1348 ad
604 1295 878 1350 absolutae
931 1297 1306 1367 perfectaeque
1366 1297 1743 1368 pulcritudinis

48 1366 547 1436 contemplationem
584 1367 859 1432 convertit,
896 1385 1002 1436 quo
1038 1368 1157 1438 ipso
1193 1368 1252 1420 id
1288 1367 1533 1433 efficitur,
1571 1377 1631 1421 ut
1655 1387 1740 1422 se-

47 1437 174 1489 data
200 1455 380 1490 rerum
405 1437 731 1491 terrestrium
766 1446 926 1507 atque
962 1457 1219 1492 vanarum
1256 1439 1549 1510 cupiditate
1585 1440 1741 1493 unice

45 1506 104 1560 in
138 1507 350 1561 virtutis
387 1516 441 1562 et
477 1507 770 1579 sapientiae
806 1509 1154 1564 admiratione
1192 1518 1243 1563 et
1272 1510 1574 1581 cognitione
1613 1529 1740 1564 con-

48 1577 307 1648 quiescat.

118 1646 337 1720 Quippe
385 1668 532 1703 amor
574 1649 815 1704 Platonis
867 1650 1079 1705 omnino
1135 1643 1352 1720 quidem
1406 1650 1538 1704 nihil
1593 1650 1742 1704 aliud

45 1727 127 1772 est
160 1737 322 1789 quam
355 1719 625 1773 infinitum
667 1720 801 1774 illud
843 1719 1006 1773 animi
1052 1721 1350 1791 mentisque
1396 1721 1739 1786 desiderium,

44 1789 276 1844 humano
300 1790 488 1863 generi
513 1791 771 1845 divinitus
794 1791 1186 1861 ingeneratum,
1213 1811 1318 1861 quo
1343 1792 1601 1857 homines,
1630 1793 1738 1846 cel-

45 1861 201 1914 sioris
218 1861 533 1932 praesertim
554 1862 768 1926 indolis,
806 1863 877 1914 ad
902 1862 1204 1915 divinarum
1227 1880 1406 1914 rerum
1435 1863 1736 1926 veritatem,

42 1931 302 1986 ineffabili
337 1932 712 2004 pulcritudinis
742 1933 1024 2004 splendore
1049 1933 1362 1996 radiantem,
1401 1933 1502 1986 hoc
1538 1941 1638 1998 est,
1676 1943 1738 1986 ut

44 2021 143 2056 nos
177 2002 608 2075 interpretamur,
657 2003 860 2057 animos
910 2022 1007 2056 sua
1050 2003 1221 2072 ipsius
1257 2003 1537 2056 maiestate
1575 2013 1737 2072 atque

45 2073 309 2146 dignitate
343 2074 537 2127 mirum
573 2082 832 2143 quantum
868 2073 1220 2127 oblectantem
1267 2082 1320 2126 et
1366 2074 1735 2139 delenientem‚

43 2162 152 2196 non
175 2145 332 2198 modo
358 2144 779 2217 cognoscendam
803 2152 961 2213 atque
986 2145 1407 2214 amplexandam,
1447 2145 1542 2198 sed
1576 2145 1738 2198 etiam

43 2213 202 2267 latius
238 2234 403 2286 propa
448 2215 640 2267 andam
676 2223 729 2267 et
766 2233 887 2267 cum
921 2215 1225 2268 hominibus
1265 2234 1413 2286 spem
1443 2215 1735 2286 sapientiae

83 2302 143 2337 ro
181 2285 362 2339 futuro
423 2285 734 2349 acientibuS,
771 2285 824 2338 h.
864 2304 909 2338 e.
945 2285 1186 2355 inprimis
1224 2304 1346 2338 cum
1382 2285 1732 2339 adolescenti-

43 2302 147 2408 bus
182 2355 352 2410 bonae
388 2355 600 2420 indolis,
639 2355 1136 2439 communicandam,
1167 2356 1346 2409 nativo
1379 2356 1611 2425 quodam
1632 2357 1734 2409 im-

84 2434 175 2479 etu
209 2445 378 2496 usque
412 2427 757 2498 impelluntur
791 2445 855 2480 ac
889 2427 1056 2492 veluti
1091 2428 1344 2481 amatorio
1380 2427 1611 2496 quodam
1646 2446 1732 2479 ar·-

42 2445 172 2550 ἕστε
207 2497 560 2568 abripiuntur.
621 2496 841 2551 Etenim
887 2497 1030 2566 quod
1072 2497 1188 2551 fieri
1233 2498 1430 2551 assolet
1464 2498 1521 2550 in
1556 2517 1734 2552 amore

0 2589 1 2601 ¹
43 2585 342 2650 corporum,
378 2576 439 2620 ut
474 2573 639 2638 quum
674 2568 900 2622 affectus
935 2568 1129 2621 amoris
1156 2569 1333 2639 specie
1361 2569 1734 2639 pulcritudinis

0 2681 1 2690 ,
40 2637 100 2691 in
133 2638 239 2692 111is
275 2638 521 2692 enitentis
556 2647 834 2693 moveatur
871 2646 925 2692 et
961 2639 1235 2704 excitetur,
1287 2648 1401 2692 tum
1438 2640 1598 2692 etiam
1633 2659 1732 2712 ge-

0 2731 1 2758 }
40 2709 266 2763 nerandi
300 2709 649 2781 pariendique
687 2708 953 2781 cupiditas
991 2709 1279 2774 exoriatur,
1317 2709 1459 2763 idem
1495 2710 1732 2781 philoso-

0 2782 1 2790 ’
41 2779 181 2848 phus
217 2780 334 2834 vult
369 2781 527 2834 etiam
562 2799 742 2834 rerum
778 2780 1076 2834 divinarum
1107 2780 1272 2835 amori
1295 2780 1571 2852 proprium
1594 2800 1732 2844 esse,

46 2866 205 2917 quem
276 2851 470 2904 rimum
506 2851 722 2920 quidem
746 2859 926 2906 censet
947 2851 1190 2904 idearum
1213 2851 1570 2922 pulcritudine
1595 2861 1730 2905 tam—

0 2965 1 2987 3
45 2936 206 2987 quam
261 2921 418 2974 omite
454 2921 685 2990 quodam
720 2922 939 2976 accendi
975 2930 1133 2991 atque
1167 2922 1500 2986 inflammari,
1538 2923 1732 2976 deinde

44 3007 174 3043 vero
211 2989 370 3042 etiam
403 2991 463 3043 id
495 2991 832 3061 propositum
865 2992 1080 3057 habere,
1117 3001 1179 3045 ut
1214 2993 1322 3046 vim
1360 3013 1510 3046 suam
1532 2993 1588 3046 in
1613 2994 1730 3046 ani-

42 3078 162 3113 mos
207 3058 429 3113 aliorum
464 3061 795 3114 transfundat
827 3062 885 3115 in
918 3063 1092 3132 iisque
1136 3071 1405 3133 tamquam
1441 3064 1731 3135 sapientiae

44 3130 188 3183 setus
222 3138 382 3199 atque
417 3124 602 3200 partus
638 3131 850 3185 efficiat.
914 3131 1096 3200 Quam
1131 3133 1347 3204 quidem
1382 3135 1572 3188 summi
1605 3133 1729 3203 phi-

42 3200 250 3272 losophi
305 3200 600 3255 doctrinam
651 3219 975 3274 magnopere
1029 3204 1325 3258 cavendum
1380 3213 1459 3258 est
1510 3223 1578 3257 ne
1630 3220 1730 3273 pro

43 3271 189 3325 inani
213 3271 407 3326 mentis
433 3270 744 3325 somniantis
769 3271 1111 3329 deliramento
1136 3274 1452 3338 habeamus3
1482 3282 1564 3328 est
1587 3274 1728 3327 enim

44 3342 284 3413 profecto
320 3342 481 3398 animi
516 3341 733 3397 humani
769 3351 988 3400 naturae
1024 3346 1180 3415 plane
1222 3354 1586 3400 consentanea.
1624 3343 1725 3398 Et-

1364 3422 1390 3482 †
