2158 3718
21 1751 24 1755 Δ
93 1700 239 1742 Ambr.
282 1704 327 1742 et
367 1713 430 1754 pr.
473 1701 576 1743 Veu.
601 1715 648 1744 ε..

511 149 1023 204 SYMPOSIUM.
1062 166 1111 216 1).
1153 151 1256 201 221
1297 151 1375 203 St.
1677 154 1782 205 197
1842 210 1844 221 s

105 321 188 364 τις
231 301 440 367 ζητῶν,
482 293 608 354 οὔτε
650 296 760 354 τῶν
804 298 907 352 νῦν
951 290 1076 351 οὔτε
1121 295 1230 349 τῶν
1271 296 1554 360 παλαιῶν,
1615 302 1658 351 εἰ
1699 294 1777 367 μὴ

103 380 218 487 ἄρα
263 389 308 439 εἰ
340 381 423 447 οἷς
464 377 564 451 ἐγώ
606 382 738 448 λέγω
782 378 1069 446 ἀπεικαζοι
1110 399 1194 442 τις
1219 374 1408 443 αὐτόν,
1450 376 1778 450 ἀνθρωπων

101 470 204 539 μὲν
242 469 458 539 μηδενί,
500 473 629 527 τοῖς
658 467 713 518 δε
758 466 1056 532 Σειληνοῖς
1097 465 1190 518 καὶ
1231 459 1548 532 Σατύροις,
1603 461 1777 519 αὐτόν

102 571 160 606 τε
201 555 294 606 καὶ
335 547 468 613 τοὺς
508 547 720 618 λόγους.

231 631 368 710 Cap
415 628 739 687 XXXVII.
821 633 939 686 Καὶ
981 633 1088 704 γὰρ
1120 620 1221 686 οὖν
1252 632 1341 685 καὶ
1370 632 1536 686 τοῦτο
1566 635 1625 685 ἐν
1656 638 1774 696 τοῖς

100 717 345 790 πρώτοις
383 719 706 789 παρέλιπον,
747 711 836 771 ὅτι
879 718 971 771 καὶ
1012 720 1066 771 οἱ
1107 711 1261 783 λόγοι
1297 713 1470 770 αὐτοῦ
1504 711 1775 783 ’ὁμοιότα-

100 805 188 856 τοί
230 806 333 856 εὶσι
371 810 491 864 τοῖς
529 801 826 867 Σειληνοῖς
849 810 966 864 τοῖς
993 803 1370 869 διοιγομένοις.
1417 804 1461 854 εἰ
1503 796 1611 869 γὰρ
1643 803 1771 854 ἑθέ-
1849 823 1863 841 =

95 888 176 941 λει
212 906 298 949 τις
338 887 448 939 τῶν
495 882 837 957 Σωκράτους
892 881 1115 939 ἀκούειν
1157 880 1362 953 λόγων,
1415 891 1642 957 φανεῖεν
1697 880 1771 938 ἂν

96 968 245 1024 πάνυ
288 973 497 1037 γελοῖοι
541 964 604 1023 τὸ
650 970 899 1041 πρῶτον·
959 970 1194 1023 τοιαῦτα
1246 969 1340 1020 καὶ
1380 964 1632 1038 ὀνόματα
1678 970 1772 1021 καὶ

94 1050 318 1128 ῥήματα
379 1053 587 1119 ἔξωθεν
644 1055 1105 1124 περιαμπέχονται
1157 1048 1432 1123 Σατύρου
1501 1046 1572 1105 ἄν
1645 1072 1771 1107 τινα

212 1214 266 1259 Ε.
321 1215 370 1255 εἰ
393 1214 507 1270 γὰρ
544 1215 738 1256 ἐθέλει
776 1217 885 1266 τις]
921 1215 971 1258 V.
1007 1214 1173 1255 ἐθέλοι.
1232 1213 1508 1256 ludicativum
1541 1227 1639 1256 cum
1671 1215 1768 1258 Aid.

95 1273 199 1314 Bas.
215 1273 250 1316 1.
264 1271 305 1315 2.
335 1274 627 1327 praebuerunt
659 1271 782 1316 Viud.
796 1272 837 1315 2.
864 1273 962 1314 Par.
975 1271 1073 1313 EF.
1101 1271 1248 1312 Ambr.
1278 1275 1387 1324 Aug.
1409 1285 1447 1313 u.
1475 1273 1568 1314 Vat
1584 1272 1621 1312 d
1636 1285 1675 1314 ιι.
1687 1286 1722 1313 ι·.
1735 1286 1772 1314 s.

96 1330 212 1371 Flor.
228 1344 265 1372 a.
284 1329 470 1372 b-c.i.n.
530 1330 694 1373 Deinde
725 1329 804 1370 τὸν
832 1331 888 1370 Σ.
920 1326 1050 1382 λόγον
1073 1328 1199 1371 Bodi.
1224 1328 1320 1371 vat.
1332 1328 1384 1370 A.
1414 1331 1512 1372 Par.
1524 1330 1574 1369 D.
1598 1331 1704 1382 Aug.
1719 1343 1767 1370 w.

94 1386 323 1429 manifesto
362 1400 531 1439 errore,
575 1388 612 1429 in
656 1400 744 1440 quo
792 1387 958 1429 mireris
997 1391 1086 1429 tam
1136 1386 1275 1427 bonos
1324 1387 1458 1427 libros
1510 1387 1767 1427 consentire.

93 1447 207 1485 Ante
248 1443 409 1497 γελοῖοι
441 1444 563 1486 Bodi.
597 1444 723 1486 Viud.
744 1443 784 1487 2.
816 1445 916 1486 Par.
937 1444 990 1486 K.
1022 1450 1066 1484 et
1095 1455 1156 1496 pr.
1193 1443 1239 1484 Ξ.
1284 1442 1394 1484 πάνυ
1442 1457 1527 1484 οιιι.
1561 1444 1770 1497 probante

94 1501 144 1542 C.
180 1460 274 1542 Fny
282 1500 542 1543 Hermanno.
603 1501 692 1542 Sed
723 1501 808 1543 isto
839 1499 951 1543 πάνυ
982 1501 1052 1543 vix
1082 1500 1305 1554 quisquam
1337 1501 1546 1553 caruerit,
1596 1500 1668 1554 qui
1699 1514 1770 1542 se-

91 1559 266 1611 quentia
298 1558 406 1600 bene
435 1558 722 1612 perpenderit.

171 1640 468 1697 Σατύρου
499 1659 558 1683 αν
587 1642 736 1697 τινα]
769 1657 822 1682 αν
847 1655 931 1684 οιιι.
966 1640 1229 1684 Bod1.Vat.
1249 1639 1300 1682 A.
1332 1642 1455 1683 Vind.
1478 1641 1519 1685 2
1550 1643 1648 1685 Par.
1669 1645 1767 1686 DK.

718 1700 812 1741 Non
843 1699 990 1740 dubito
1031 1703 1175 1761 tam-‚eu
1217 1698 1321 1740 hauc
1362 1713 1461 1740 esse
1503 1703 1769 1753 grammatici

91 1758 272 1799 alicuius
303 1758 630 1799 correctionem.
663 1756 912 1799 Ruckertus
945 1757 1040 1798 coni
1070 1762 1143 1796 αὐ.
1175 1756 1449 1798 Hommelius
1484 1770 1561 1811 pro
1592 1758 1644 1797 ἅν
1674 1775 1771 1800 wa

86 1816 255 1858 'mavult
283 1814 454 1862 αὐτίκα.
487 1815 684 1858 Baiterus
715 1816 874 1857 mauult
902 1814 1015 1856 Σατ.
1045 1811 1097 1866 δή
1130 1828 1238 1857 ι·.ινα
1266 1838 1268 1841 -

94 1957 160 2002 nis
194 1956 558 2011 significationem,
593 1955 800 2009 siquidem
832 1955 892 1996 ita

95 2014 334 2067 indicatur,
405 2027 504 2056 esse
567 2013 726 2066 aliquid
790 2012 892 2054 iliud

96 2072 254 2126 ipsum,
265 2083 451 2124 quocum
465 2071 752 2113 contenditur.
773 2072 807 2112 A
823 2083 843 2111 r
855 2070 891 2111 i-

94 2127 270 2199 steph.
303 2127 633 2173 Avv.169:11‹.·
663 2127 781 2182 ὅρνις
811 2130 890 2168 οὑ·

93 2197 195 2238 τος;
224 2184 247 2226 o‘
282 2185 432 2233 Τελέας
455 2187 540 2240 ἐρεῖ
556 2185 677 2225 ταδί·
711 2184 890 2239 ἅνθρω-

93 2257 177 2290 πος
205 2241 525 2297 ἀστάθμητος,
555 2242 676 2296 ὅρνις
707 2241 890 2296 πετόμε-

93 2316 190 2353 νος,
232 2300 303 2342 nbi
341 2300 558 2353 explicant
585 2297 640 2346 ὡς
660 2298 788 2368 ὅρνις
814 2313 890 2339 πο-

94 2357 288 2412 τόμενος.
321 2357 438 2400 Plut.
474 2354 584 2400 314.
625 2354 673 2397 σι)
708 2355 748 2397 δ’
776 2355 847 2411 Ap
852 2357 890 2396 l-

95 2414 276 2462 στυλλος
303 2411 561 2467 υποχάσκων
593 2415 711 2483 ἐρεῖς.
748 2412 889 2455 Thes-

94 2472 289 2527 mophor.
329 2471 460 2516 1020:
509 2476 684 2525 σημεῖον
727 2467 892 2522 ὑπεδή-

94 2532 199 2572 λωσε
226 2528 424 2597 Περοευς
453 2526 691 2584 ἐκδραμών,
722 2527 748 2570 ἰ
769 2541 806 2570 e.
837 2525 892 2576 ὥς

94 2585 304 2643 Περσεύς.
334 2585 534 2630 Tibuii.
562 2586 594 2628 1.
624 2586 660 2636 1,
676 2585 740 2628 7.
769 2585 891 2638 ipse

99 2657 275 2687 aeram
307 2643 459 2685 vites
491 2643 750 2685 rusticus.
783 2642 889 2684 Ho-

95 2706 193 2744 rat.
225 2701 364 2743 Serm.
397 2701 429 2742 1.
462 2700 510 2751 1,
541 2700 620 2745 99:
662 2699 798 2742 huuc
829 2699 888 2741 li.-

95 2761 253 2801 berta
306 2757 486 2799 securi
531 2757 737 2799 Divisit
786 2768 888 2798 me-

96 2817 270 2867 dium,
322 2814 636 2857 fortissima
679 2813 888 2868 Tynda-

96 2872 354 2927 ridarum.
382 2871 487 2912 lbid.
514 2872 547 2913 1.
567 2873 610 2924 7,
641 2871 719 2915 29:
751 2871 888 2912 Tum

96 2927 500 2971 Praenestinus
527 2929 740 2982 regerit
767 2940 888 2969 con-

97 2985 268 3036 vicia,
314 2983 477 3024 durus
510 2984 888 3026 vindemiator

100 3049 152 3086 et
183 3040 446 3083 invictus.
482 3041 585 3082 ibid.
622 3041 671 3083 11.
705 3043 748 3093 7,
784 3039 888 3085 113.

100 3107 259 3152 teque
296 3098 464 3151 ipsum
512 3097 662 3139 vitas
695 3097 888 3150 sugiti-

98 3169 194 3199 vus
232 3161 286 3199 et
322 3167 460 3196 erro.
512 3154 706 3196 Horat.
744 3152 887 3208 Epod.

98 3217 130 3258 1.
164 3212 244 3259 342
285 3211 610 3254 Discinctus
651 3216 741 3253 aut
769 3223 889 3264 per-

101 3272 219 3314 dam
249 3282 437 3323 nepos,
468 3269 540 3310 ubi
573 3271 686 3311 maie
716 3267 889 3322 quidam

98 3333 155 3372 ut
185 3339 371 3380 nepos,
402 3326 457 3370 ΙΙ.
488 3327 528 3371 5.
587 3325 778 3380 Neque
807 3338 889 3367 ex-

101 3386 307 3430 citatur
366 3384 671 3428 classico
730 3382 890 3426 miles

977 1954 1127 1996 truci.
1171 1954 1299 1997 Hor.
1341 1954 1479 2008 Epist.
1518 1954 1549 1996 1.
1594 1955 1646 2006 ss,
1687 1955 1760 1999 632

977 2012 1204 2054 Caerite
1243 2025 1368 2054 cera
1400 2012 1568 2065 digni,
1611 2015 1769 2055 remi-

974 2071 1119 2122 gium
1151 2070 1405 2111 vitiosum
1426 2091 1472 2100 -
1494 2069 1650 2111 Ulixi.
1674 2072 1766 2115 Art.

975 2127 1102 2168 Poet.
1123 2126 1220 2171 476.
1255 2141 1297 2169 v·
1330 2127 1504 2168 Herm.
1537 2127 1593 2168 ad
1623 2127 1766 2180 Viger.

974 2198 1014 2238 p.
1047 2183 1171 2233 885..
1219 2184 1290 2237 qui
1339 2185 1559 2226 verissime
1601 2186 1767 2225 monuit

972 2239 1028 2288 ὥς
1077 2241 1222 2283 addito
1265 2254 1439 2283 sensum
1482 2241 1609 2283 alium
1651 2241 1767 2283 exsi-

973 2303 1102 2340 stere.
1173 2298 1387 2342 Quoniam
1440 2303 1587 2340 autem
1633 2299 1766 2340 verba

972 2356 1146 2410 propria
1187 2361 1230 2397 et
1265 2355 1493 2410 impropria
1538 2354 1618 2397 hoc
1668 2357 1763 2397 loco

971 2413 1032 2455 ita
1071 2412 1247 2454 confusa
1277 2419 1397 2465 sunt,
1435 2419 1484 2454 ut
1520 2426 1546 2454 a
1578 2426 1626 2454 se
1656 2412 1767 2454 iuvi—

974 2482 1069 2512 cem
1101 2483 1184 2512 uon
1215 2471 1379 2524 possint
1400 2467 1541 2512 divelli
1561 2474 1605 2511 et
1620 2470 1764 2511 mente

974 2528 1187 2582 separari,
1234 2529 1387 2570 tollere
1433 2527 1594 2582 placuit
1630 2527 1764 2569 inter-

974 2585 1245 2638 punctionem
1276 2589 1376 2639 post
1402 2588 1772 2639 περιαμπέχονται

969 2643 1102 2695 vulgo
1130 2642 1308 2684 iliatam.
1368 2642 1559 2695 Denique
1583 2654 1638 2683 ne
1669 2641 1761 2694 quis

973 2697 1147 2740 haereat
1184 2699 1227 2740 in
1266 2697 1320 2739 ἂν
1358 2700 1589 2753 particula,
1630 2699 1764 2740 verbo

973 2756 1134 2798 omisso
1188 2756 1228 2797 in
1277 2756 1548 2810 appositione
1607 2756 1763 2810 posita.

971 2813 1114 2855 Recte
1153 2812 1265 2855 enim
1297 2813 1378 2856 dici
1415 2814 1628 2868 potuisse.
1667 2813 1764 2852 Σα-

971 2869 1109 2930 τύρου
1150 2869 1202 2911 ἅν
1241 2886 1339 2911 τινα
1376 2868 1588 2925 ὑβριστοῦ
1632 2868 1764 2923 δορὰν

971 2931 1136 2979 odam,
1172 2928 1350 2982 quilibet
1377 2929 1595 2982 largietur.
1651 2927 1762 2970 Nam

972 2983 1088 3037 quod
1115 2983 1462 3028 Hommeiius
1492 2987 1533 3026 in
1562 2997 1641 3025 usu
1661 2996 1763 3036 pro-

970 3042 1154 3082 nominis
1191 3041 1286 3083 τινὰ
1330 3042 1492 3093 haesit,
1544 3041 1586 3082 id
1625 3039 1762 3092 magis

973 3098 1114 3140 mirari
1145 3098 1368 3152 debemus,
1399 3112 1524 3152 quam
1545 3102 1591 3137 ut
1608 3109 1762 3150 quem-

972 3167 1098 3208 quam
1130 3157 1286 3198 morari
1307 3162 1445 3210 queat.
1485 3154 1638 3205 Neque
1669 3165 1761 3194 ma-

971 3212 1041 3266 gni
1073 3214 1276 3255 momenti
1308 3217 1398 3263 est,
1433 3209 1546 3263 quod
1578 3226 1631 3250 αν
1660 3221 1762 3263 par-

973 3269 1146 3312 ticulam
1177 3275 1299 3325 putat
1335 3269 1454 3311 huius
1483 3266 1761 3321 appositionis

973 3325 1167 3379 gravitati
1205 3339 1351 3381 parum
1383 3338 1480 3367 esse
1506 3323 1762 3366 convenien-

974 3387 1076 3428 tem.
1135 3383 1251 3429 Quid
1283 3383 1392 3426 enim
1414 3380 1623 3437 prohibet,
1654 3393 1764 3435 quo-
