2222 3762
302 111 429 165 XII

299 272 448 322 ram,
499 272 637 323 quae
687 252 804 306 sola
855 253 1148 306 coniuncta
1202 259 1350 306 esset
1384 270 1506 306 cum
1545 254 1788 324 veritate,
1843 273 2009 326 quae·

302 343 408 394 que
460 345 657 378 unum
714 335 867 377 esse
919 323 1143 377 omnia
1180 322 1449 390 doceret,
1482 325 1661 394 neque
1746 325 2007 397 uidquam

300 403 520 466 praeter
568 394 703 448 illud
753 395 955 450 habere
1009 394 1203 449 οὐσίαν
1251 394 1322 464 ²⁸⁸).
1400 394 1556 463 Quae
1609 346 1829 466 quidem
1882 416 2005 468 sen-

303 467 499 535 tentia,
553 465 821 520 Heracliti
872 467 1174 520 sententiae
1227 465 1388 535 plane
1447 468 1750 537 contraria,
1808 468 2003 523 mirum

301 546 386 592 est
433 545 767 609 quantopere
817 538 1035 591 Platoni
1091 537 1374 608 placuerit3
1438 539 1532 608 qui
1581 558 1706 592 cum
1743 540 2004 594 scientiae

301 609 612 662 firmitate-m
660 610 822 663 etiam
867 616 983 661 tum
1029 610 1230 662 trustra
1278 609 1665 680 quaesivisset,
1731 618 1878 664 certe
1939 626 2006 664 ea

301 681 526 752 cognita
572 681 675 734 sibi
722 680 1010 733 videbatur
1059 679 1326 748 reperisse
1383 681 1539 750 quasi
1592 681 2003 736 fundamentum

301 751 604 821 quoddam,
661 752 748 805 cui
782 751 986 804 firmior
1025 751 1329 820 certiorque
1367 750 1614 821 doctrina
1666 760 2005 826 superstrue-

301 830 463 875 retur.
539 823 734 892 Itaque
775 822 1067 876 discrimen
1103 821 1241 874 illud
1292 823 1642 905 cognitioniS,
1683 825 1833 894 quod
1866 827 2004 882 Par·

300 893 540 947 menides
579 893 926 947 statuendum
965 893 1331 963 iudicaverat,
1370 901 1447 946 lta
1483 895 1763 966 amplexus
1804 905 1905 967 est,
1942 905 2006 951 ut

300 964 356 1016 id
396 984 609 1035 semper
648 964 776 1018 inde
828 965 894 1018 ab
936 964 1041 1017 hoc
1079 973 1325 1033 tempore
1364 965 1652 1019 retinuerit
1699 973 1878 1036 atque‘
1911 988 2006 1022 ve·-

299 1036 516 1090 ritatem
554 1037 610 1088 in
648 1037 807 1090 rebus
848 1035 1312 1108 adspectabilibus
1334 1036 1518 1090 inesse
1556 1045 1875 1093 constanter
1909 1059 2005 1094 ne-

300 1108 528 1178 gaverit.
603 1109 684 1161 At
722 1108 863 1160 enim
914 1127 1042 1160 vero
1083 1107 1298 1160 etiamsi
1336 1108 1497 1162 Plato
1535 1109 1879 1165 Parmenidis
1915 1130 2005 1165 sa-

301 1179 561 1248 pientiam
610 1180 839 1232 maxime
891 1178 1188 1232 admiratus
1238 1179 1310 1232 sit
1357 1178 1604 1249 adeoque
1658 1180 2006 1237 vehementer

301 1251 632 1319 probaverit,
660 1258 843 1304 tamen
863 1271 962 1321 pro
997 1270 1079 1318 eo,
1112 1270 1218 1320 quo
1243 1250 1504 1320 pollebat,
1538 1252 1784 1306 veritatis
1822 1273 2005 1309 amore

301 1330 465 1390 atque
516 1341 679 1376 sensu
735 1323 879 1376 illius
929 1321 1178 1375 doctrina
1225 1341 1334 1375 non
1388 1322 1697 1392 acquievit,
1745 1332 1809 1379 ut
1844 1344 2007 1395 quem

301 1393 512 1446 videret
571 1394 815 1447 veritatis
875 1394 1242 1465 cognitionem
1303 1393 1448 1446 intra
1520 1394 1679 1448 nimis
1741 1403 2006 1468 angustos

300 1465 438 1517 fines
494 1465 751 1518 cohibere
798 1464 1043 1535 adeoque
1103 1465 1499 1536 propemodum
1563 1473 1730 1519 totam
1794 1467 2003 1522 tollere.

303 1535 524 1607 Quippe
563 1536 652 1590 hic
688 1545 907 1609 praeter
940 1536 1077 1590 illud
1114 1556 1344 1606 unum,
1396 1535 1544 1606 quod
1596 1557 1808 1592 omnem
1859 1558 2004 1594 com-

301 1608 634 1678 plecteretur
672 1608 898 1675 ούσιάν,
941 1607 1241 1678 quidquam
1277 1608 1479 1661 habere
1527 1609 1812 1663 veritatem
1849 1630 2005 1682 pror-

302 1698 396 1732 sus
434 1679 689 1751 negabat.
766 1680 853 1733 Ita
888 1680 1094 1734 factum
1133 1687 1246 1747 est,
1303 1687 1366 1732 ut
1401 1679 1559 1733 Plato
1600 1688 1794 1750 postea
1830 1682 2002 1754 magi-

302 1750 435 1819 stri,
477 1770 790 1821 quanquam
830 1772 951 1804 eum
987 1751 1225 1804 faciebat
1261 1751 1507 1822 plurimi,
1558 1753 1878 1807 sententiam
1937 1752 2006 1807 de

305 1822 471 1889 οὐσίᾳ
508 1841 550 1875 s.
592 1823 921 1877 essentia
958 1856 1025 1861 —
1064 1822 1254 1877 licebit
1291 1823 1432 1876 enim
1469 1823 1547 1876 ita
1580 1822 1760 1878 dicere
1798 1858 1866 1864 —
1905 1845 2006 1897 op-

302 1901 574 1966 pugnaret
611 1893 859 1964 adeoque
898 1894 1141 1948 studiose
1179 1894 1439 1947 refutaret
1477 1894 1574 1966 **).

445 1965 817 2019 Eleaticorum
841 1986 970 2020 vero
999 1965 1304 2019 doctrinam
1339 1985 1505 2035 quum
1530 1985 1639 2020 non
1666 1967 1784 2020 sine
1807 1987 2007 2038 magna

302 2056 398 2107 spe
436 2037 552 2090 veri
588 2037 954 2109 investigandi
1003 2044 1058 2089 et
1093 2036 1403 2107 reperiendi
1441 2037 1823 2108 cognovisset,
1873 2038 2004 2093 efle-

302 2116 452 2161 ctum
488 2116 598 2177 est,
642 2116 704 2161 ut
728 2108 981 2162 ¹studium
1020 2107 1434 2179 philosophiae,
1489 2127 1597 2177 quo
1637 2109 1848 2164 animus
1886 2110 2003 2164 eius

301 2188 609 2248 exarserat,
660 2180 886 2233 mirifice
937 2187 1223 2233 cresceret.
1315 2179 1512 2249 Itaque
1561 2199 1727 2249 quum
1773 2180 2004 2235 aliorum

302 2251 626 2320 sapientiam
676 2252 1004 2322 perscrutari
1043 2249 1280 2318 studuit,
1335 2259 1452 2303 tum
1493 2250 1756 2322 imprimis
1794 2252 2006 2324 appulit

302 2324 538 2375 animum
577 2322 646 2375 ad
687 2326 1053 2395 Anaxagorae
1093 2321 1412 2375 doctrinam.
1490 2321 1599 2389 Qui
1637 2342 1803 2391 quum
1841 2323 2004 2377 doce-

301 2402 385 2446 ret
425 2393 605 2446 omnia
642 2414 673 2446 a
710 2401 890 2447 mente
931 2394 1063 2463 (νῷ)
1091 2412 1210 2447 esse
1242 2392 1494 2446 ordinata
1519 2401 1684 2461 atque
1704 2394 1771 2446 ab
1810 2392 2000 2448 eadem

301 2465 700 2536 sapientissime
742 2465 1034 2536 gubernari
1060 2472 1116 2517 et
1143 2463 1507 2517 administrari
1527 2464 1657 2532 ***),
1697 2464 1999 2520 certissime

302 2537 559 2606 sperabat
597 2537 731 2603 fore,
774 2543 835 2588 ut
873 2555 939 2588 ex
973 2535 1116 2589 illius
1143 2535 1295 2589 libris
1334 2554 1511 2588 rerum
1538 2535 1777 2588 omnium
1805 2553 1998 2591 causas

301 2614 675 2678 cognosceret.
751 2606 862 2662 Sed
899 2627 1059 2676 quam
1097 2606 1164 2659 de
1202 2626 1265 2660 eo
1306 2626 1456 2677 spem
1512 2607 1692 2660 animo
1732 2626 1998 2678 concepe-

302 2686 411 2746 rat,
454 2699 516 2731 ea
553 2699 709 2747 mox,
762 2699 927 2748 quum
963 2679 1186 2750 legisset
1226 2680 1588 2750 Anaxagorae
1627 2678 1853 2747 librum,
1903 2700 1996 2732 va-

303 2770 424 2802 nam
478 2758 531 2803 et
580 2751 797 2803 inanem
847 2769 965 2803 esse
1015 2753 1306 2820 perspexit.
1382 2750 1527 2802 Nam
1575 2749 1664 2802 ille
1714 2750 1769 2802 in
1825 2750 1997 2820 expli-

302 2820 478 2874 canda
524 2822 733 2875 ratione
781 2841 880 2875 sua
929 2828 1092 2891 atque
1140 2820 1509 2874 confirmanda
1560 2828 1773 2874 tantum
1825 2822 1998 2875 abfuit

301 2901 363 2945 ut
399 2912 575 2946 rerum
620 2912 811 2947 causas
864 2914 894 2945 a
933 2901 1109 2945 mente
1148 2899 1443 2963 repeteret,
1496 2900 1558 2946 ut
1610 2891 1748 2960 aeri,
1803 2911 1994 2962 aquae,

302 2972 507 3033 terrae,
550 2965 785 3035 deniqne
823 2965 983 3018 rebus
1023 2964 1188 3036 ipsis,
1244 2983 1469 3034 quarum
1522 2983 1734 3024 causae*
1770 2964 1995 3020 investi-

369 3218 416 3271 Ἴ
449 3220 503 3259 V.
541 3218 729 3273 Sophist.
767 3234 804 3273 p.
841 3219 939 3265 237.
974 3211 1023 3260 Ἀ.
1056 3233 1150 3271 sqq.
1187 3234 1224 3274 p.
1249 3220 1348 3264 258.
1385 3220 1433 3264 D.
1470 3218 1651 3262 Theaet.
1684 3235 1723 3274 p.
1747 3219 1846 3264 180.
1865 3220 1914 3262 Ε.
1937 3221 1993 3262 al-

347 3277 408 3326 ἰ’“·“)
440 3275 686 3320 Parmenid.
725 3284 766 3318 et
800 3278 989 3331 Sophist.
1025 3291 1063 3329 p.
1095 3278 1193 3321 241.
1234 3279 1282 3318 Ι).
1316 3292 1407 3329 sqq.
1441 3293 1479 3331 ρ.
1510 3277 1609 3323 558.
1646 3279 1694 3319 Ι).
1725 3281 1778 3320 nl.
1976 3335 1978 3337 Ι

331 3335 414 3386 ***)
454 3334 669 3377 Phaedon.
708 3349 747 3389 p.
778 3336 845 3379 92.
881 3335 1046 3378 Phileb.
1080 3350 1118 3389 p.
1154 3336 1221 3380 28.
1257 3336 1304 3380 C.
1345 3335 1524 3379 l’lmedr.
1560 3350 1599 3389 p.
1632 3336 1728 3381 270.
1764 3339 1820 3376 A.
1872 3336 1920 3377 al.
