2158 3718
374 200 479 249 122

981 201 1410 255 PLA'roNlS

308 375 314 387 x
370 339 444 400 ἂν
499 347 768 419 δυναίμην
823 346 1149 418 ἀντιλέγειν,
1202 345 1327 403 ἀλλ’
1393 347 1568 413 οὕτως
1624 353 1814 420 ἐχέτω,
1869 345 1942 413 ὡς
1985 344 2053 403 σὺ

373 431 556 498 λέγεις.

647 430 724 486 Οὐ
767 435 868 503 μὲν
913 422 1015 487 οὗν
1057 433 1124 509 τῇ
1167 429 1445 506 ἀληθείᾳ,
1511 430 1722 508 φάναι,
1766 423 1806 486 ὦ
1851 430 2052 507 φιλού-
2115 448 2129 458 Χ

371 534 497 584 μενε
535 512 812 585 Ἀγάθων,
857 513 1091 571 δύνασαι
1139 513 1470 590 ἀντιλέγειν·
1513 520 1627 574 ἐπεὶ
1670 514 1962 591 Σωκράτει
1994 537 2054 588 γε

373 596 535 654 οὐδὲν
569 596 831 669 χαλεπόν.

485 760 537 802 C.
599 759 668 802 Οὐ
703 762 796 814 μὲν
827 755 955 816 οὖν]
992 760 1057 814 V.
1084 761 1335 818 Οὔμενουν,
1369 761 1485 816 quod
1515 776 1540 805 e
1569 763 1673 806 Par.
1686 764 1737 807 D.
1755 763 1866 818 Aug.
1879 776 1929 806 w.
1954 762 2051 808 Vat.

371 831 411 872 p.
433 830 466 862 r.
499 819 665 859 correxi
698 825 905 873 praeunte
939 820 1157 866 Bekkem.

429 930 499 974 Οὐ
538 934 631 986 μὲν
671 928 768 975 οὖν
805 937 867 987 τῇ
905 932 1008 988 ost]
1048 934 1086 976 h.
1127 947 1165 976 e.

374 990 476 1032 imo
523 1004 658 1033 vero
713 997 907 1033 contra
960 993 1167 1035 verita-

368 1052 485 1090 tem
516 1061 620 1089 non
653 1055 816 1102 potes
850 1049 1166 1104 disputare3

366 1118 484 1148 nam
519 1111 712 1147 contra
732 1107 1025 1150 Socratem
1050 1108 1166 1160 qui-

368 1164 486 1205 dem
517 1163 624 1205 tibi
657 1163 823 1206 facile
854 1170 954 1207 est.
997 1165 1165 1218 Sicpzv

365 1215 446 1261 οὖν
480 1221 667 1275 positum
693 1222 828 1274 Gorg.
851 1237 892 1277 p.
915 1221 1013 1266 466.
1038 1225 1087 1264 A.
1110 1222 1161 1266 E.

364 1278 622 1332 Euthydem.
658 1293 702 1333 p.
734 1278 830 1325 304.
863 1280 914 1322 Ε.
943 1282 998 1323 al.

424 1394 476 1435 D.
562 1395 910 1446 Μαντινικῆς
977 1392 1166 1436 Διοτί-

366 1451 494 1506 μας]
537 1452 723 1494 Diotima
751 1477 810 1484 -—
840 1452 894 1494 de
935 1453 1056 1493 cuius
1086 1465 1168 1494 no-

367 1510 492 1551 minis
539 1511 727 1562 genitivo
783 1524 823 1551 v.
867 1511 901 1552 B
923 1524 946 1551 e
968 1511 992 1551 Ι(
1016 1511 1044 1552 k
1067 1524 1090 1552 e
1113 1510 1165 1551 ri

366 1565 578 1608 Anecdot.
611 1567 686 1609 111.
722 1581 761 1621 p.
794 1567 916 1611 1201.
948 1591 1002 1599 —-
1035 1580 1166 1608 voca-

367 1630 439 1666 tur
468 1624 535 1666 hic
566 1629 610 1665 et
633 1639 671 1679 p.
693 1625 792 1668 211.
817 1626 870 1667 D.
900 1622 1167 1677 Μαντινικῆ,

367 1695 496 1735 quum
516 1684 688 1736 proprie
717 1682 897 1724 deberet
926 1684 1168 1730 Μαντινίςε

366 1740 478 1781 unde
510 1741 674 1791 evenit,
724 1741 903 1794 opinor,
944 1746 991 1782 ut
1021 1753 1168 1794 gram-

368 1797 510 1839 matici
543 1798 784 1839 scriberent
813 1803 1034 1852 μαντικῆς.
1074 1798 1168 1840 Nec

367 1860 511 1896 tamen
544 1854 624 1896 hoc
655 1861 826 1909 praeter
845 1869 969 1897 usum
995 1861 1039 1897 et
1061 1868 1167 1897 con-

367 1911 635 1954 suetudinem
676 1913 837 1954 factum
890 1918 981 1966 est,
1031 1913 1167 1966 siqui-

367 1968 469 2011 dem
500 1971 670 2011 nomina
701 1971 948 2025 possessiva
980 1984 1064 2012 non
1095 1984 1166 2012 ra-

366 2041 416 2069 ro
449 2041 526 2081 pro
558 2030 800 2070 nominibus
824 2029 1054 2082 gentilibus
1086 2041 1166 2083 po-

367 2090 542 2137 nuntur‚
576 2085 631 2126 de
662 2099 746 2139 quo
779 2086 974 2139 loquendi
1007 2099 1166 2140 genere

367 2156 404 2184 v.
438 2143 624 2185 Davis.
670 2144 724 2184 ad
764 2144 879 2186 Max.
916 2143 1094 2197 Tyrium
1125 2157 1167 2197 p.

367 2200 465 2246 588.
498 2205 543 2242 et
569 2200 824 2245 Fischer.
861 2201 1082 2244 Animadv.
1111 2200 1166 2242 ad

366 2257 542 2299 Welleri
581 2259 821 2301 Grammat.
858 2259 910 2300 T.
944 2259 1016 2301 111.
1048 2260 1100 2302 Ρ.
1128 2259 1164 2301 l.

367 2330 412 2371 p.
446 2315 545 2360 299.
579 2316 692 2358 conf.
723 2317 851 2358 etiam
882 2317 1170 2359 Holsteni-

367 2386 449 2415 um
483 2378 527 2414 et
558 2373 876 2416 Berkelium
907 2374 959 2416 ad
983 2373 1170 2427 Stepha-

369 2444 473 2473 num
504 2431 683 2485 Byzant.
711 2433 753 2473 in
771 2432 1040 2485 Μαντίνειας
1073 2432 1171 2473 Da-

371 2489 576 2531 visium
630 2489 683 2530 ad
724 2489 843 2532 Max.
899 2489 1001 2543 Tyr.
1054 2489 1167 2530 Diss.

368 2545 528 2588 XXlV.
551 2547 592 2591 4.
612 2560 651 2601 p.
673 2546 771 2592 460.
792 2546 843 2588 Τ.
870 2547 904 2588 1.
930 2546 1000 2588 ed.
1017 2546 1167 2595 Reisk.

369 2602 713 2645 Wernsdorf.
731 2603 784 2645 ad
812 2604 979 2646 Himer.
999 2604 1172 2658 p.357.‚

370 2660 443 2713 qui
485 2673 539 2701 ex
583 2662 864 2714 scriptoribus
905 2663 1060 2703 aetatis
1090 2674 1172 2714 po-

369 2717 561 2759 sterioris
583 2723 801 2772 receptam
827 2719 1076 2771 scripturam
1099 2731 1170 2758 sa-

370 2773 425 2815 tis
465 2775 698 2816 firmarunt.
759 2774 1050 2816 Vehementer
1092 2786 1169 2814 au-

371 2836 460 2872 tem
517 2831 757 2873 dubitatum
812 2837 902 2883 est,
956 2843 1166 2883 quaenam

371 2887 500 2930 fuerit
539 2889 608 2931 illa
656 2888 859 2929 Diotima.
933 2887 992 2929 Et
1043 2889 1168 2929 multi

370 2946 544 2999 quidem
590 2945 630 2986 in
664 2959 714 2986 ea
747 2943 916 2986 fuerunt
952 2945 1166 2999 opinione,

373 3008 422 3045 ut
464 3017 558 3046 eam
599 3007 735 3044 totam
779 3007 978 3056 putarent
1009 3017 1031 3043 a
1063 3002 1168 3045 Pla-

371 3066 474 3104 tone
505 3060 558 3103 ad
591 3060 827 3114 praesentis
868 3059 1168 3113 disputationis

372 3133 498 3161 usum
529 3120 674 3160 fictam
708 3130 832 3168 esse,
873 3130 926 3158 ne
959 3117 1166 3160 Socrates

373 3191 426 3219 ex
460 3191 536 3220 sua
568 3176 702 3230 ipsius
736 3188 921 3229 persona
953 3175 1167 3217 disserere

371 3234 604 3286 videretur,
635 3246 743 3287 quae
773 3232 825 3275 ab
858 3233 946 3274 eius
979 3232 1171 3286 philoso-

373 3291 529 3346 phandi
569 3291 732 3334 ratione
775 3289 973 3332 alieniora
1014 3295 1172 3332 essent.

374 3350 505 3392 Cuius
537 3349 774 3392 sententiae
808 3359 911 3388 suae
942 3360 1170 3400 argumen-

373 3414 560 3450 mentum
591 3406 823 3448 attulerunt
843 3403 937 3457 hoc,
968 3404 1081 3457 quod
1116 3405 1171 3448 de

375 3467 551 3509 muliere
582 3465 662 3507 ista
693 3465 803 3506 nulla
833 3461 885 3505 ad
917 3475 995 3505 uos
1017 3475 1169 3518 perve-

1251 934 1365 977 nerit
1398 934 1581 986 notitia,
1621 935 1700 977 nisi
1729 947 1839 988 quae
1868 939 1942 976 aut
1971 934 2053 976 du-

1251 997 1320 1034 cta
1375 1005 1428 1034 ex
1472 993 1659 1035 Platone
1703 993 1758 1033 sit
1797 996 1870 1033 aut
1909 1005 1934 1034 a
1980 1004 2052 1034 re·-

1251 1050 1509 1092 centioribus
1554 1050 1790 1092 Platonicis
1837 1049 2051 1103 profecta.

1250 1107 1380 1151 Quod
1415 1108 1513 1149 licet
1534 1107 1661 1149 facile
1685 1107 1915 1160 largiamur
1944 1119 2054 1148 nou-

1247 1164 1346 1206 nihil
1405 1165 1607 1218 ponderis
1661 1163 1845 1215 habere,
1905 1169 2051 1206 tamen

1247 1235 1333 1263 non
1381 1223 1548 1263 videtur
1610 1221 1652 1263 id
1705 1221 1876 1264 efficere
1935 1221 2053 1275 quod

1250 1280 1309 1321 illi
1350 1282 1511 1321 volunt.
1580 1279 1694 1322 Nam
1735 1279 1923 1333 primum
1955 1280 2053 1332 qui-

1251 1336 1349 1378 dem
1390 1351 1467 1391 per
1503 1352 1551 1379 se
1593 1350 1677 1378 non
1735 1341 1803 1378 est
1851 1336 2053 1379 credibile

1249 1394 1500 1446 Platonem,
1550 1394 1620 1448 qui
1679 1393 1778 1434 alibi
1839 1391 2049 1446 homines,

1250 1452 1473 1504 qui³vere
1526 1453 1734 1493 vixissent
1776 1451 1843 1493 vel
1890 1451 2052 1494 vixisse

1252 1509 1552 1559 crederentur,
1616 1514 1664 1550 ut
1716 1508 1944 1562 Aspasiam
2006 1513 2052 1551 et

1250 1566 1577 1620 Epimenidem,
1620 1565 1674 1608 ad
1707 1578 1905 1607 caussam
1938 1565 2053 1608 simi-

1252 1626 1337 1666 lem
1368 1623 1574 1675 adhibuit,
1605 1624 1647 1664 in
1678 1622 1756 1664 hac
1788 1635 1834 1665 re
1867 1636 2052 1677 persona

1249 1695 1376 1723 usum
1428 1695 1525 1723 esse
1572 1694 1690 1723 mere
1744 1681 2049 1723 commentitia.

1249 1740 1342 1781 Imo
1373 1740 1603 1780 verisimile
1625 1743 1694 1780 est
1715 1751 1812 1780 eum
1831 1738 2052 1780 mulierem

1249 1797 1410 1838 dudum
1446 1797 1557 1839 inter
1576 1795 1859 1838 Athenienses
1888 1795 2052 1842 altioris

1250 1854 1484 1910 sapientiae
1527 1859 1570 1896 et
1601 1853 1909 1895 sanctimoniae
1938 1851 2052 1894 fama

1252 1913 1511 1954 celebratam
1549 1924 1647 1953 cum
1679 1910 1861 1951 Socrate
1891 1923 2053 1952 conve-

1253 1972 1343 2012 nire
1373 1971 1576 2019 iussisse,
1616 1968 1885 2022 quantumvis
1923 1967 2052 2021 largi-

1254 2027 1409 2070 endum
1467 2027 1525 2068 sit
1564 2026 1756 2067 Socratis
1805 2037 2052 2067 sermonem

1253 2098 1351 2126 cum
1395 2098 1444 2126 ea
1482 2085 1719 2125 institutum
1765 2082 2053 2136 pariterssesse

1252 2143 1493 2197 praesentis
1552 2139 1852 2195 disputationis
1914 2139 2053 2194 gratia

1253 2201 1506 2251 confictum,
1565 2204 1696 2252 atque
1755 2197 1938 2240 conficta
1985 2201 2054 2239 est

1255 2259 1421 2310 oratio,
1468 2270 1583 2310 quae
1626 2257 1668 2298 in
1701 2255 1942 2297 Menexeno
1973 2255 2054 2295 tri-

1254 2316 1399 2356 buitur
1440 2314 1658 2369 Aspasiae.
1720 2313 1888 2354 Deinde
1929 2312 2052 2354 Plato

1255 2373 1347 2427 ipse
1374 2372 1489 2426 quod
1522 2385 1615 2414 eam
1637 2374 1766 2412 vocat
1782 2369 2054 2411 Mantineen-

1255 2443 1365 2482 sem,
1400 2431 1505 2472 satis
1536 2434 1686 2484 aperte
1715 2426 1960 2482 prodidisse
1990 2426 2055 2468 vi-

1257 2487 1404 2541 detur,
1444 2488 1660 2541 cogitasse
1700 2498 1749 2528 se
1793 2483 1849 2526 de
1898 2483 2053 2525 illustri

1255 2546 1394 2599 aliqua
1425 2545 1599 2598 femina,
1632 2556 1743 2598 quae
1770 2554 1855 2583 non
1887 2545 2052 2582 temere

1255 2616 1279 2644 a
1311 2616 1359 2644 se
1391 2603 1632 2656 excogitata
1662 2605 1738 2641 aut
1767 2598 1951 2640 conficta
1980 2609 2053 2638 es-

1254 2665 1346 2712 set,
1395 2659 1472 2701 sed
1521 2671 1671 2700 revera
1709 2654 1940 2708 aliquando
1988 2654 2053 2695 vi-

1251 2717 1402 2758 xisset.
1463 2715 1653 2768 Denique
1691 2726 1746 2754 ne
1775 2724 1920 2753 verum
1952 2711 2053 2764 qui-

1214 2770 1219 2776 ’
1253 2772 1347 2813 dem
1381 2777 1474 2824 est,
1513 2771 1627 2825 quod
1670 2771 1798 2823 vulgo
1838 2769 2050 2822 dictitant,

1251 2841 1337 2870 non
1381 2830 1500 2871 aliam
1541 2828 1734 2870 notitiam
1773 2826 1827 2868 de
1859 2827 2049 2868 Diotima

1253 2893 1401 2928 extare
1433 2887 1510 2928 nisi
1542 2899 1656 2939 quae
1675 2886 1728 2926 ab
1749 2885 1845 2938 ipso
1866 2885 2053 2927 Platone

1252 2944 1434 2998 repetita
1460 2946 1529 2986 sit.
1590 2943 1697 2985 Nam
1719 2947 1949 2996 supersunt
1979 2955 2050 2983 sa-
2078 2944 2079 2947 ’

1252 3014 1306 3044 ne
1338 3008 1509 3055 praeter
1544 3001 1653 3052 alia,
1691 3013 1800 3053 qnae
1841 3004 2055 3040 memorat

1253 3059 1436 3101 Davis.
1481 3058 1535 3101 ad
1579 3059 1756 3100 Maxim.
1797 3055 1901 3110 Tyr.
1930 3056 1983 3099 T.
2015 3057 2050 3098 1.

1253 3130 1293 3171 p.
1316 3116 1414 3160 459.
1446 3116 1531 3158 duo
1563 3115 1823 3168 antiquitatis
1854 3114 2052 3156 testimo-

1254 3176 1340 3224 nia.
1373 3175 1486 3216 unde
1506 3174 1775 3226 aliquatenus
1798 3177 1917 3212 certe
1942 3183 2048 3211 con-
2072 3173 2078 3179 “

1254 3233 1382 3274 iicere
1425 3233 1574 3283 liceat,
1612 3242 1823 3283 quaenam
1865 3229 2052 3270 Diotima

1255 3291 1415 3341 suerit,
1443 3291 1621 3332 alterum
1655 3287 1824 3338 Procli,
1866 3287 2048 3327 alterum

1255 3346 1514 3389 scholiastae
1535 3343 1744 3387 Aristidis.
1786 3343 1843 3385 Et
1865 3342 2048 3384 Proclus

1255 3404 1426 3458 quidem
1447 3404 1489 3445 in
1505 3402 1699 3445 Platonis
1720 3401 1878 3454 Remp.
1896 3398 2046 3454 p.420.

1257 3476 1351 3506 eam
1368 3465 1620 3506 annumerat
1634 3457 1915 3516 Pythagoreis
1931 3470 1945 3510 ς
1961 3469 2047 3512 quo
2107 3480 2111 3490 ·
