2222 3762
1514 147 1789 204 XXxnr

91 301 402 355 coniectura
424 316 526 352 sua
553 317 585 350 a
601 316 735 351 ‘vero
759 297 1053 350 aberrasse.
1117 295 1312 365 Neque
1337 301 1516 349 tamen
1541 296 1785 367 integros

89 371 216 425 iilos
253 387 459 438 ann08‚
499 370 593 438 qui
630 385 817 438 usque-2
844 367 913 420 ad
950 367 1096 420 vitae
1145 367 1323 425 finem
1348 366 1785 431 interfluxerunt,

87 441 304 495 videtur
338 441 499 494 unice
551 439 917 516 perpoliendis
955 439 1106 492 libris
1144 438 1257 492 suis
1292 438 1651 508 impendisse,
1690 438 1786 505 sed

89 513 252 566 etiam
287 513 347 565 in
369 519 654 565 senectute
676 530 826 564 nova
847 509 1160 563 condidisse
1186 509 1392 582 ingenii
1419 517 1785 564 monumenta.

90 583 249 652 Quae
299 583 482 654 qualia
529 582 759 650 fuer-int,
802 582 904 635 etsi
960 600 1067 634 non
1120 589 1304 651 potest
1352 588 1502 634 certo
1552 581 1785 649 definiri,

87 664 269 709 tamen
310 655 626 708 coniectura
664 654 882 722 assequi
917 653 1062 706 licet.
1139 652 1605 705 Perlustrantibus
1644 653 1788 705 enim

88 727 248 781 nobis
285 745 498 780 omnem
528 725 934 778 Platonicorum
973 724 1232 777 librorum
1266 739 1548 776 numerum
1573 742 1789 794 semper

88 799 266 852 visum
305 806 392 851 est
430 815 570 866 opus
611 795 678 849 de
702 797 785 850 Le
829 797 952 849 ibus
980 797 1242 866 scriptum
1269 814 1378 848 non
1405 795 1579 848 solum
1619 795 1787 848 senile

92 868 355 940 quiddam
393 868 622 936 habere,
665 816 826 938 quo}
861 887 893 919 a
944 875 1248 920 ceterorum
1301 866 1561 919 librorum
1597 867 1788 937 vigore

94 948 150 993 et
182 943 469 994 venustate
505 939 796 1009 plurimum
839 938 1089 1005 distaret,
1131 937 1229 990 sed
1267 937 1429 989 etiam
1468 937 1787 991 confirmare

89 1012 456 1065 narrationem
513 1029 728 1077 eorum,
768 1010 861 1078 qui
901 1009 1186 1061 Platonem
1226 1008 1597 1075 trad-iderunt,
1636 1008 1791 1079 p'ost-

91 1086 254 1152 quani
284 1082 503 1134 tertium
540 1081 597 1132 in
634 1081 867 1152 patriam
903 1079 1448 1150 rediisset5animum
1487 1071 1788 1146 advertisse

91 1163 157 1207 et¹
181 1160 443 1223 tanquam
479 1171 548 1204 ex
571 1150 814 1204 idearum
838 1151 1192 1204 meditatione
1217 1151 1488 1204 remisisse
1518 1151 1585 1203 ad
1610 1168 1790 1220 rerum

89 1225 485 1292 humanarum⁷
522 1223 711 1293 quales
749 1241 808 1275 re
844 1242 974 1275 vera
1010 1230 1212 1291 essent,
1256 1221 1808 1293 contemplationem.÷

91 1294 259 1364 Quod
295 1303 442 1349 certe
479 1295 681 1347 nemini
719 1295 911 1347 mirum
949 1291 1241 1363 videbitur,
1274 1295 1370 1362 qui
1408 1311 1592 1347 secum
1629 1313 1791 1366 repu-

89 1367 289 1420 taverit
311 1383 445 1419 cum
467 1368 646 1419 rerum
682 1385 859 1432 usum‚
885 1373 1002 1418 tum
1040 1365 1215 1435 ipsam
1253 1373 1592 1418 senectutem
1627 1366 1791 1419 etiam

90 1438 687 1509 praestantissimorum
711 1437 988 1489 hominum
1015 1433 1226 1490 animos
1265 1437 1331 1490 ab
1370 1437 1458 1502 iis,
1491 1450 1631 1507 quae
1674 1438 1792 1503 sola

90 1510 299 1582 ingenii
336 1509 669 1563 sublimitate
708 1508 1050 1580 attinguntur
1079 1517 1133 1560 et
1158 1528 1266 1561 una
1304 1509 1499 1561 mentis
1539 1508 1791 1561 conside-

90 1582 303 1635 ratione
326 1580 724 1652 percipiuntur‚
751 1597 1010 1633 revocare
1045 1580 1218 1633 solere
1256 1579 1327 1633 ad
1365 1580 1602 1633 sobria-m
1630 1579 1791 1650 ‘cogi-

90 1655 356 1706 tationem
392 1669 575 1705 earum
610 1652 809 1720 rerum,
839 1669 982 1721 quae·
1010 1652 1066 1704 in
1091 1652 1213 1722 ipsa
1247 1652 1366 1704 vita-
1398 1650 1636 1704 humana
1673 1670 1792 1718 cer-

92 1725 304 1777 nuntur·
343 1728 508 1794 atque
562 1741 674 1776 non
711 1731 944 1778 mentem
979 1731 1223 1791 tantum,
1264 1722 1361 1776 sed
1398 1723 1561 1776 etiam
1597 1741 1792 1790 sensus

93 1796 330 1867 propius·
382 1795 676 1867 attingunt.
747 1795 955 1868 *Itaque
1018 1794 1377 1866 philosophus
1443 1812 1610 1864 quum
1662 1794 1794 1848 olim

95 1876 275 1921 mente
325 1874 380 1920 et
429 1867 762 1937 cogitatione
812 1866 1130 1937 plerumque
1166 1867 1224 1918 in
1261 1865 1502 1919 idearum
1541 1865 1793 1919 doctrina

95 1946 238 1992 esset
283 1945 562 2006 versatus,
612 1946 872 2010 vergente
923 1946 1097 1990 aet-ate
1160 1938 1348 2008 potius
1395 1936 1466 1991 ad
1512 1936 1794 1990 hominum

93 2010 263 2063 vitam
300 2008 755 2063 considerandam
801 2009 1038 2062 animum
1077 2008 1305 2080 adiecit,
1349 2017 1414 2062 ut
1451 2009 1607 2079 quasi
1646 2028 1792 2063 com-

94 2089 311 2151 pararet
335 2081 510 2152 ipsam
535 2099 715 2133 rerum
748 2080 1032 2133 veritatem
1059 2098 1183 2132 cum
1211 2080 1464 2133 doctrina
1487 2080 1603 2150 maz
1628 2092 1793 2150 quam

97 2151 226 2204 olim
249 2151 419 2205 divini
444 2152 649 2222 ingenii
681 2151 984 2204 subtilitate
1006 2158 1170 2219 atque
1190 2150 1433 2203 celsitate
1455 2151 1793 2207 condiderat.

99 2221 285 2290 Quum
338 2240 495 2290 vem,
534 2222 852 2292 priusquam
891 2221 1192 2275 Academia
1228 2221 1414 2274 relicta
1453 2221 1510 2273 in
1548 2221 1793 2276 Siciliam

98 2294 290 2347 iter-nm
325 2293 658 2364 navigasset,
697 2291 1012 2346 admirabile
1048 2288 1184 2345 illud
1222 2311 1380 2364 opuS,
1412 2293 1561 2362 quod
1583 2309 1586 2312 ·
1607 2303 1689 2346 est
1725 2292 1791 2346 de

99 2364 309 2436 optima
351 2364 601 2432 civitate,
642 2364 1072 2436 composuisset,
1113 2372 1169 2416 et
1216 2373 1411 2434 postea
1447 2364 1683 2420 animum
1723 2365 1794 2418 ad

96 2434 411 2489 resoiviles
449 2435 754 2505 aequalium
791 2452 1012 2488 suorum
1050 2434 1334 2506 advertere
1375 2436 1531 2504 quasi
1556 2436 1793 2505 necessi-

97 2505 484 2576 tatequadam
533 2515 759 2561 coactus
797 2505 1246 2574 esset‚·eundem
1294 2506 1446 2558 illum
1495 2506 1795 2577 sapientiae

98 2577 276 2632 locum
300 2576 493 2631 denuo
530 2577 786 2630 tractavit
820 2578 876 2630 in
915 2578 987 2631 iis
1021 2578 1192 2645 libris,
1222 2596 1363 2648 quos
1388 2577 1458 2630 de
1483 2577 1793 2650 Legibus

99 2649 398 2721 inscripsit,
428 2649 483 2702 in
512 2650 712 2719 quibus
737 2650 804 2702 ab
843 2649 1033 2702 ultima
1071 2650 1306 2721 optimae
1345 2649 1583 2702 civita-tiis
1623 2651 1796 2702 forma

105 2720 176 2773 ad'
209 2720 388 2792 ipsius
425 2721 570 2774 vitae
607 2719 886 2774 veritatem
927 2719 1229 2788 descendit,
1259 2729 1421 2790 atque
1446 2736 1561 2774 rem
1598 2720 1674 2772 ita
1712 2721 1795 2774 in·-

103 2792 300 2860 stituit,
323 2792 571 2864 ntleges
595 2791 878 2862 scripsisse
908 2791 1196 2860 videretur,
1229 2811 1368 2862 quae
1396 2799 1623 2862 possent
1651 2791 1794 2846 veris

102 2863 414 2917 civitatibus
463 2862 728 2933 prodesse
778 2862 938 2932 quam
977 2864 1265 2934 plurimum
1281 2901 1302 2931 ‚-
1337 2864 1689 2932 quantumvis
1726 2864 1795 2916 ab

102 2953 284 2988 earum
321 2934 602 2988 institutis
635 2934 865 2987 multum
913 2934 1394 2988 essent‘diversae
1432 2934 1499 3002 *)'⁶
1572 2933 1699 3001 Qua
1738 2935 1795 2987 in

101 3023 173 3059 rei
203 3007 309 3060 etsi
356 3006 435 3059 ita
481 3014 732 3059 versatus
776 3013 889 3066 est*
922 3014 986 3058 nt
1022 3020 1162 3076 qnae
1201 3005 1268 3058 de
1306 3005 1516 3077 origine
1554 3006 1821 3058 civitatis⁴

105 3078 378 3149 exposuit,
419 3095 484 3130 ea
521 3077 868 3130 consentiant
903 3077 1014 3130 fere
1053 3096 1174 3131 cum
1212 3077 1299 3146 iis,
1332 3094 1472 3146 quae
1509 3077 1566 3130 in
1590 3077 1796 3131 Politia

105 3146 498 3221 disputaverat,
537 3156 716 3201 tamen
755 3167 894 3218 quae
933 3149 1208 3221 pertinent
1244 3148 1315 3201 ad
1353 3147 1625 3221 exemplar
1659 3146 1795 3201 illud

166 3402 208 3452 ’)
244 3402 291 3441 V.
327 3367 466 3452 Legg.
498 3401 554 3441 V.
586 3414 627 3452 p.
660 3397 763 3464 732
787 3398 886 3439 vin
917 3412 960 3451 p.
995 3396 1094 3441 807.
