2222 3762
438 163 647 218 XVIII

438 305 589 376 quod
638 304 880 376 singulas
933 303 1084 356 ideas
1136 301 1438 356 admirabili
1487 303 1680 358 ordiner
1730 305 1872 357 inter
1907 321 1964 358 se
2002 323 2132 358 eon-

436 379 651 431 iunctas
689 394 807 430 esse
844 375 1125 430 iudicavit.
1203 375 1346 427 Nam
1400 377 1585 429 omnes
1639 395 1701 429 ac
1741 376 1985 447 singulas
2023 383 2133 428 sta-

436 450 542 503 tuit
579 448 734 518 quasi
772 467 941 500 unum
993 445 1271 516 quoddam
1310 464 1506 517 corpus
1546 447 1787 514 efficere,
1841 454 1973 517 apta
2021 447 2132 500 sin-

437 521 685 592 gularum
726 520 959 589 partium
998 518 1356 571 collocatione
1404 528 1459 570 et
1495 519 1883 572 coniunctione
1958 517 2134 571 ulcer-

436 593 570 644 rime
620 593 1046 658 conformatum,
1104 588 1207 641 hac
1260 587 1479 658 quidem
1526 591 1646 662 lege
1697 598 1750 643 et
1799 610 1901 643 con
1944 590 2132 657 itione,

437 673 498 716 ut
548 682 687 732 quae
730 663 1020 714 maximum
1075 659 1301 712 haberet
1338 661 1597 732 ambitum
1633 662 2001 732 latissimeque
2037 679 2133 732 pa-

438 742 608 802 teret,
650 753 713 786 ea
752 734 893 785 inter
928 739 1134 785 ceteras
1171 731 1506 802 praestantia
1545 739 1598 786 et
1635 733 1834 786 virtute
1885 752 1984 787 sua
2019 751 2133 785 ma-

435 806 580 858 xime
618 805 890 857 emineret.
965 804 1151 871 Atque
1207 801 1334 855 hinc
1380 802 1559 856 lucem
1609 822 1762 856 suam
1799 804 2002 875 accipit
2037 823 2134 857 no-

436 876 646 929 tissima
683 875 775 927 illa
812 874 1043 927 formula
1081 872 1137 927 ἓν
1178 878 1268 927 καὶ
1308 877 1513 943 πολλα,
1568 893 1731 944 quam
1768 894 1800 927 a
1838 875 2134 929 Platonicis

436 946 664 1000 mirifice
702 945 1028 999 celebratam
1076 965 1194 1000 esse
1245 953 1475 999 constat.
1561 945 1699 998 Eam
1749 946 1891 1000 enim
1936 945 2133 1014 ideam,

438 1037 577 1089 quae
626 1017 886 1070 ambitum
935 1017 1159 1070 haberet
1207 1017 1398 1086 talem,
1451 1026 1513 1071 ut
1564 1017 1695 1070 alias
1743 1018 1923 1089 plures
1973 1018 2030 1070 in
2078 1036 2136 1071 se

438 1089 922 1159 complecteretur,
975 1088 1116 1141 hanc
1164 1090 1339 1159 ipsam
1379 1089 1447 1142 ob
1487 1107 1707 1142 causam
1748 1093 1840 1143 τοῦ
1879 1088 2002 1153 ἑνός
2038 1108 2135 1142 no-

437 1160 937 1232 mine-insignivit3
979 1166 1219 1228 ceteras,
1275 1179 1416 1229 quae
1454 1179 1517 1213 ea
1554 1161 1989 1230 continerentur,
2039 1181 2136 1213 vo-

440 1233 588 1285 cavit
624 1231 836 1301 noma‘,
878 1250 1188 1301 quanquam
1226 1230 1332 1285 hoc
1369 1232 1597 1284 alterum
1632 1251 1830 1285 nomen
1866 1231 2137 1285 interdum

438 1304 600 1356 etiam
649 1303 720 1356 ad
771 1322 860 1357 res
923 1302 1235 1357 individuas
1301 1303 1553 1356 sensibus
1613 1303 1886 1358 subiectas
1946 1304 2135 1357 referri

439 1375 631 1428 voluit.

578 1447 701 1500 Hac
747 1446 919 1518 igitur
964 1445 1173 1497 ratione
1221 1444 1582 1518 philosophus
1642 1445 1798 1514 quasi
1863 1444 2138 1516 quoddam

438 1517 857 1571 fundamentum
899 1515 1180 1569 doctrinae
1220 1535 1350 1569 suae
1389 1518 1582 1571 iecisse
1607 1516 1709 1570 sibi
1737 1516 1886 1571 visus
1924 1523 2026 1584 est,
2067 1515 2138 1570 ad

441 1589 590 1659 quod
626 1596 737 1642 tam
774 1588 1022 1642 veritatis
1068 1606 1230 1656 quam
1264 1589 1477 1642 virtutis
1515 1589 1656 1641 ratio
1697 1588 1867 1641 omnis
1893 1588 2139 1642 re'vocari

362 1680 376 1690 ·
435 1669 644 1731 posset.
722 1659 997 1728 Quocirca
1048 1678 1114 1711 ex
1169 1658 1270 1712 hac
1307 1668 1562 1730 tanquam
1600 1678 1722 1712 arce
1761 1678 1861 1713 sua
1894 1659 2137 1713 veritatis

438 1751 656 1786 causam
695 1733 957 1786 adversus
998 1730 1273 1801 sophistas
1312 1732 1709 1804 propugnavit,
1760 1731 1979 1784 virtutis
2027 1731 2136 1784 iam

437 1804 567 1857 olim
612 1805 823 1857 ratione
868 1803 1148 1859 Socratica
1204 1805 1607 1875 pervestigatae
1647 1803 1968 1876 dignitatem
2006 1821 2135 1856 con-

436 1883 522 1928 tra
562 1875 804 1929 eiusdem
842 1874 1183 1929 adversarios
1219 1874 1482 1943 defendit,
1521 1873 1946 1927 immortalitatis
1985 1893 2136 1944 spem

439 1955 603 2015 atque
640 1947 806 2000 fidem
845 1946 1189 2013 sustentavit,
1230 1945 1464 2016 denique
1494 1954 1676 2018 partes
1708 1965 1895 2016 omnes
1921 1947 2136 2016 sapien·

435 2018 544 2070 tiae
593 2019 669 2071 ita
717 2026 927 2072 tutatus
979 2024 1092 2085 est,
1147 2025 1209 2070 ut
1259 2018 1456 2086 quibus
1505 2018 1682 2072 causis
1737 2025 1792 2070 et
1829 2017 2136 2070 rationibus

440 2090 619 2142 omnia
665 2091 937 2159 nitantur,
1004 2089 1403 2143 demonstrasse
1463 2090 1813 2143 subtilissime
1868 2087 2136 2142 videatur.

438 2159 606 2228 Quod
660 2161 878 2231 quidem
929 2180 1037 2231 quo
1074 2159 1236 2213 modo
1275 2161 1497 2228 fecerit,
1552 2168 1606 2213 et
1641 2161 1864 2232 longum
1913 2167 1996 2213 est
2044 2178 2137 2212 ex-

434 2233 641 2303 plicare
692 2242 747 2286 et
797 2254 828 2287 a
875 2241 1061 2287 nostro
1109 2232 1362 2285 instituto
1412 2233 1664 2285 alienum.
1739 2232 1938 2301 Neque
1995 2231 2138 2283 enim

435 2305 762 2358 universam
789 2305 1038 2358 Platonis
1078 2303 1381 2356 doctrinam
1419 2323 1688 2374 exponere
1737 2303 2137 2370 constituimus,

438 2375 539 2428 sed
579 2376 694 2428 eius
733 2391 929 2430 causas
968 2382 1023 2428 et
1063 2375 1244 2427 sontes
1280 2376 1517 2446 aperire3
1568 2383 1621 2427 et
1658 2375 1703 2427 si
1741 2393 1878 2443 quae
1916 2373 1986 2426 ad
2023 2374 2137 2426 sin-

440 2445 692 2516 gulorum
742 2448 1002 2500 librorum
1049 2445 1463 2514 intelligentiam
1510 2454 1791 2516 praeterea
1827 2443 2136 2498 necessaria

437 2516 574 2585 sint,
626 2535 689 2568 ea
726 2517 782 2569 in
819 2515 1250 2589 praefationibus
1289 2523 1344 2569 et
1380 2516 1778 2570 commentariis
1805 2515 2032 2589 singulis
2068 2515 2135 2569 li-

436 2587 548 2641 bris
588 2586 794 2642 additis
832 2587 1261 2659 explanabimus.
2040 2642 2049 2643 e

577 2658 880 2728 Postquam
929 2666 1110 2712 autem
1167 2657 1324 2712 Plato
1363 2659 1509 2712 illam
1548 2659 1615 2712 de
1652 2657 1788 2712 ideis
1827 2658 2131 2713 doctrinam

435 2730 747 2796 invenerat,
799 2738 894 2784 aut
951 2738 1096 2783 certe
1136 2729 1251 2783 eius
1290 2729 1642 2784 fundamenta
1695 2738 1983 2801 posuerat,
2036 2729 2131 2784 de·
2189 2793 2200 2800 ·

432 2801 840 2855 monstrandum
880 2802 1041 2855 etiam
1078 2800 1181 2854 hoo
1219 2819 1338 2854 esse
1385 2802 1684 2870 intellexit,
1733 2821 1893 2872 posse
1944 2802 2131 2855 huma-

433 2890 533 2925 nos
583 2872 790 2927 animos
839 2872 1070 2944 adipisci
1103 2871 1375 2941 idearum,
1426 2873 1530 2927 hoc
1586 2881 1670 2928 est
1706 2881 1954 2927 aeternae
1994 2872 2132 2926 veri-

433 2943 592 3011 tatis,
643 2944 1058 3017 intelligentiam
1108 2950 1162 2996 et
1213 2945 1602 3015 cognitionem.
1696 2942 1862 3012 Quod
1909 2942 2132 3014 quidem

432 3015 509 3067 ita
547 3015 707 3084 fecit,
748 3024 839 3084 ut,
879 3016 1008 3069 licet
1045 3014 1265 3067 decreta
1301 3016 1471 3086 ipsius
1509 3036 1617 3070 non
1654 3035 1753 3087 per
1790 3016 1968 3069 omnia
2003 3034 2130 3087 pro-

432 3086 674 3155 baveriS,
723 3094 906 3141 tamen
943 3086 1215 3140 excelsum
1251 3086 1352 3139 viri
1402 3088 1680 3159 ingenium
1730 3086 1984 3140 admirari
2033 3085 2129 3139 de-

432 3157 598 3211 beant
635 3177 851 3227 omnes,
903 3159 1014 3229 qui,
1056 3157 1272 3227 quantis
1313 3159 1549 3213 tenebris
1587 3160 1679 3212 illa
1717 3165 1892 3211 aetate
1929 3159 2129 3212 veritas

431 3228 676 3283 involuta
712 3229 902 3299 fuerit,
942 3231 1147 3283 fuerint
1182 3229 1319 3283 bene
1357 3249 1637 3286 memores.
1711 3229 1932 3283 Etenim
1969 3229 2129 3282 animi

431 3299 654 3354 humani
703 3301 875 3372 ipsius
920 3301 1124 3355 iudicio
1180 3320 1290 3354 non
1334 3301 1557 3355 fuerunt
1606 3322 1637 3355 a
1682 3301 1950 3374 principio
2007 3318 2129 3353 cum

432 3371 538 3427 h-oe
575 3379 803 3442 corpore.
841 3374 1144 3438 coniuncti,
1194 3371 1247 3424 in
1288 3390 1395 3441 quo
1437 3394 1596 3459 nunc.⁸
1615 3381 1874 3443 tanquam
1912 3390 2128 3424 earcere
