2158 3718
362 160 463 210 196
979 153 1450 209 PLATONIS

360 302 510 368 ὅπως
554 302 792 371 ἠθέλησέ
835 323 922 357 σοι
968 302 997 357 ὁ
1043 305 1140 357 τοῦ
1187 306 1555 375 δεσμωτηρίου
1593 301 1776 378 φύλαξ
1807 301 2053 357 ὑπακοῦ-

358 410 469 446 σαι.
560 391 675 444 KP.
718 385 992 452 Ξυνήθης
1034 383 1138 452 ἤδη
1181 392 1276 457 μοι’
1321 395 1480 451 ἐστιν,
1527 379 1567 441 ὦ
1600 386 1916 457 Σώκρατες,
1963 387 2052 442 διὰ

361 471 426 528 τὸ
474 471 740 535 πολλάκις
793 474 953 540 δεῦρο
1006 473 1244 544 spondit,
1299 476 1393 526 καί
1445 494 1494 525 τι
1558 475 1649 526 καὶ
1708 471 2054 541 εὐεργέτηται

740 554 870 609 ΣΩ.
899 552 1061 627 ’Ἄρτι
1109 557 1163 609 δὲ
1190 554 1337 622 ἥκεις
1367 554 1393 622 ἢ
1435 555 1637 622 πάλαι,-
1707 558 1823 611 ΚΡ.
1862 555 2055 610 Ἐπιει-

802 639 936 694 ΣΩ.
1011 639 1153 694 Εἶτα
1215 643 1328 703 πῶς
1378 639 1478 695 οὐκ
1540 638 1717 704 εὐθὺς
1767 640 2057 710 ἐπήγειράς

361 556 460 613 ὑπ’
513 559 664 628 ἐμοῦ.

361 646 465 705 κῶς
522 639 714 695 πάλαι.

477 803 622 850 ὅπως
665 802 914 855 ἠθέλησέ
953 805 1064 857 σοι]
1113 803 1217 847 Ven.
1257 818 1294 845 a.
1338 804 1470 846 Coisi.
1518 803 1636 843 vind.
1684 803 1723 846 2.
1755 804 1795 846 3.
1826 805 1867 847 5.
1907 811 1951 845 et
1990 817 2051 857 pr.

362 866 491 917 Ang.:
528 861 682 914 ἤθελε,
716 862 829 914 quod
865 875 948 903 non
982 862 1169 904 debebat
1200 862 1384 913 probare
1420 862 1794 906 Buttmannus‚

475 921 562 960 καί
597 935 650 959 τι
699 919 788 958 καὶ
827 919 1214 975 εὐεργέτηται]
1260 919 1354 962 ΑΙό.
1389 932 1481 960 cum
1516 918 1614 960 Par.
1650 919 1699 959 Ε.
1733 917 1847 960 Flor.
1875 920 1919 960 b.
1953 932 1994 971 g.
2027 919 2051 958 ἰ.

357 979 531 1019 καίτοι
560 977 643 1017 καὶ.
681 978 773 1018 ΑΜ.
821 978 919 1020 1388.
952 980 993 1022 Ξ.
1033 977 1182 1031 Stepb.
1222 976 1527 1031 εὐεργετεῖῑαι,
1565 977 1681 1028 qnod
1723 989 1746 1017 e
1789 977 1916 1018 Bodi.
1950 977 2051 1017 Ven.

361 1036 402 1076 b.
439 1035 561 1077 vind.
595 1036 635 1079 1.
668 1035 708 1078 2,
740 1035 781 1078 4.
819 1035 859 1079 5.
892 1036 933 1079 6.
967 1037 1006 1080 7.
1055 1034 1171 1076 Flor.
1207 1049 1244 1076 a.
1273 1048 1308 1075 c..
1341 1034 1380 1075 d.
1418 1048 1455 1075 e.
1490 1033 1527 1074 b.
1561 1034 1586 1074 i.
1628 1034 1742 1075 Tub.
1779 1035 1886 1076 Zitt.
1923 1034 2054 1075 fluet.

359 1096 475 1148 Ang.
512 1094 610 1134 Par.
651 1093 709 1135 H.
744 1094 790 1134 S.
824 1094 894 1146 qni
928 1094 1080 1148 partim
1115 1106 1209 1134 cum
1248 1092 1373 1134 Bodi.
1404 1092 1681 1146 ειῗεργετῆται
1714 1091 1931 1143 exhibent,
1964 1092 2055 1133 sine

351 1234 471 1289 μα’ζω
511 1228 613 1286 οὖν,
658 1230 775 1279 Sume
816 1237 918 1274 ποτὲ
957 1236 1159 1286 ἐπείσθη-

355 1309 431 1334 σαν
463 1295 507 1333 οἱ
532 1292 783 1344 Ἀθηναῖοι.
818 1291 1005 1345 Eurip.
1046 1292 1161 1335 Mod,

354 1365 393 1394 v.
425 1351 495 1395 51.
527 1354 614 1396 πῶς
643 1350 876 1390 λείπεσθαι
906 1351 1055 1400 θέλεις
1094 1349 1162 1389 Si-

356 1410 514 1451 militer
544 1420 670 1449 mox:
703 1410 793 1451 πῶς
825 1405 902 1447 οὐκ
934 1405 1164 1461 ἰπήγειρᾰς

352 1481 407 1521 με
442 1462 605 1515 εὐθῦςς
666 1464 846 1505 Miratur
890 1469 1033 1507 autem
1078 1465 1163 1505 So-

354 1529 498 1565 crates
557 1522 780 1564 Critonem
832 1521 915 1562 iam
975 1535 1086 1563 nunc
1138 1536 1161 1563 n

352 1583 536 1623 ianitore
569 1593 667 1622 esse
698 1580 1015 1632 intromissum,
1061 1581 1159 1633 quia

353 1638 406 1679 οὐ
451 1653 564 1679 πατυ
605 1636 696 1694 πρῶ
728 1635 963 1693 ‹iv-sairam,
1006 1643 1053 1679 ut
1094 1643 1162 1680 eat
1196 1650 1205 1659 ·“

351 1696 578 1740 Phaedon.
622 1709 660 1749 p.
699 1695 769 1739 59.
813 1695 862 1739 Ε.
899 1693 1159 1736 ‘Ynauozf-

351 1770 458 1806 nv,
510 1753 628 1807 quod
676 1754 851 1822 proprie
894 1752 1053 1794 dicitur
1103 1753 1158 1794 de

348 1812 560 1862 ianitore,
618 1811 688 1864 qui
731 1811 848 1852 fores
890 1812 1160 1864 pulsantibus

350 1871 462 1921 (τοῖς
493 1868 747 1923 κρούουσιν)
783 1870 1015 1920 auscultat,
1049 1882 1160 1910 nunc

349 1927 559 1981 significat
614 1927 766 1968 fores
823 1926 1046 1979 aperire
1110 1932 1160 1968 et

352 1984 646 2026 venientes
743 1984 1159 2035 intromittere,

349 2056 387 2086 v
421 2042 507 2096 intp
484 2056 553 2098 pp
587 2041 639 2084 ad
674 2041 892 2085 Phaedon.
931 2054 974 2094 p
1003 2041 1072 2086 59.

349 2101 403 2140 nd
445 2097 684 2152 Xenoph.
731 2099 881 2152 Symp.
919 2100 962 2146 1,
999 2099 1069 2143 11.
1114 2105 1158 2141 et

348 2154 566 2211 Theopbr.
601 2157 798 2200 Charact.
834 2157 902 2200 [V.
933 2158 974 2201 3.

407 2217 497 2256 καί
532 2232 585 2256 τι
625 2216 718 2256 καὶ
757 2210 1155 2270 εὖεργέτηται]

351 2273 480 2318 Quod
512 2286 597 2314 non
630 2274 750 2327 pauci
788 2272 889 2314 olim
922 2273 1159 2326 probarunt

349 2334 423 2372 καί
461 2346 531 2372 τοι
567 2333 662 2381 καί,
707 2335 757 2371 et
795 2342 923 2371 vero
971 2330 1155 2379 etiam,

347 2389 516 2430 videtur
566 2401 757 2442 pugnare
807 2400 905 2428 cum
966 2387 1156 2428 Critonis

346 2446 561 2488 modestia
592 2453 638 2487 et
671 2445 928 2496 urbanitate,
969 2445 1039 2498 qni
1072 2457 1155 2485 non

346 2505 437 2545 vuit
476 2503 648 2556 gloriari
693 2503 910 2544 beneficiis
944 2503 983 2543 in
1018 2501 1153 2543 homi·

346 2573 443 2602 nem
477 2562 593 2601 iilum
627 2561 823 2609 conatis,
868 2558 946 2600 aed
988 2560 1042 2600 nit
1077 2559 1157 2601 nisi

344 2618 536 2659 iudicare
567 2630 788 2668 caussam,
823 2629 899 2657 cur
929 2617 1009 2657 iam
1045 2628 1155 2657 nunc

345 2676 386 2715 in
447 2674 688 2716 custodiam
746 2674 1020 2715 intromissus
1082 2674 1151 2716 sit.

344 2733 497 2784 Itaque
529 2731 863 2786 praeferendum
906 2737 973 2772 est
1009 2733 1083 2770 καί
1112 2747 1155 2772 τι

344 2790 429 2847 ᾳαί,
464 2789 580 2842 quod
614 2795 698 2832 tam
729 2803 752 2830 a
776 2789 981 2830 librorum
1000 2794 1152 2830 aucto-

343 2841 496 2899 ritate,
529 2860 655 2900 quam
687 2860 712 2887 a
743 2846 982 2888 sententiae
1019 2847 1150 2887 ratio·

339 2905 466 2946 nibus
497 2905 731 2958 plurimum
763 2903 891 2945 habet
924 2916 1146 2946 commen-

341 2961 540 3004 dationis.
621 2961 824 3003 Modesto
873 2961 981 3003 enim
1027 2961 1148 3002 Crito

341 3025 384 3062 et
414 3018 674 3069 verecunde,
706 3031 759 3060 ne
789 3019 988 3071 generosi
1020 3019 1146 3061 amici

339 3076 527 3119 animum
571 3076 714 3119 laedat
758 3081 803 3118 et
843 3076 1057 3124 offendat,
1098 3088 1147 3118 ae

338 3136 526 3177 carceris
596 3133 767 3175 custodi
836 3135 897 3175 ait
956 3133 1144 3175 nonnihil

338 3192 614 3234 mercedulae
663 3192 766 3233 dare
806 3191 978 3233 solitum
1029 3204 1143 3234 ease.

342 3249 557 3291 Cohaeret
595 3255 742 3290 autem
775 3264 818 3289 τι
848 3261 943 3291 cum
977 3246 1145 3305 εὐεργέ-

339 3323 494 3362 τηται,
543 3307 662 3349 cuiue
710 3306 830 3348 verbi
875 3306 1143 3348 constructio

337 3366 380 3408 in
410 3367 561 3419 vulgus
601 3368 707 3406 nota
739 3369 821 3406 eet.
880 3365 950 3406 Ac
980 3377 1033 3408 ne
1064 3364 1143 3407 mi-

337 3423 448 3467 reris
494 3423 763 3466 accuativum
807 3435 831 3464 a
876 3422 1010 3465 verbo
1059 3434 1141 3464 suo

1251 1234 1492 1282 divulsum,
1543 1234 1738 1286 legitima
1773 1232 1852 1274 snit
1894 1245 2050 1286 prope-

1251 1291 1425 1333 modum
1467 1290 1572 1332 naec
1610 1291 1840 1331 verborum
1873 1292 2052 1332 coniun-

1250 1350 1359 1390 ctio:
1393 1349 1468 1387 »mc
1494 1364 1560 1395 τις
1591 1348 1686 1397 καί,
1731 1350 1804 1387 καί
1833 1363 1939 1392 τινες
1970 1349 2052 1397 καί,

1249 1409 1321 1446 καί
1350 1423 1394 1447 τι
1412 1407 1498 1445 καί.
1533 1419 1568 1447 ν.
1605 1405 1828 1448 Dneker.
1861 1405 1914 1445 ad
1933 1404 2051 1446 Thn-

1250 1463 1347 1517 cyd.
1391 1477 1426 1515 p.
1470 1463 1569 1506 309.
1624 1463 1957 1505 Boiasonad.
1997 1462 2051 1503 1111

1252 1521 1498 1564 Philostrat.
1539 1521 1643 1564 Her.
1678 1534 1718 1573 p.
1748 1519 1847 1564 348.
1880 1527 1923 1562 et
1950 1520 2049 1564 450.

1248 1579 1416 1622 Quibus
1436 1578 1548 1619 adde
1582 1577 1834 1631 Sophocl.
1867 1577 2050 1621 Philam

1248 1636 1425 1680 1’.274·
1468 1639 1710 1689 πυοθέντες
1733 1637 1879 1676 -καί
1906 1652 1948 1676 τι
1981 1636 2051 1675 καὶ

1246 1698 1382 1748 βορᾶς
1414 1694 1670 1747 ἐπωφέλημα
1703 1691 1899 1767 σμικρόν
1937 1694 2049 1737 111111.

1328 1752 1437 1796 308:
1481 1753 1556 1790 καί
1595 1749 1680 1791 nov'
1719 1768 1763 1792 τι
1806 1750 1877 1791 καὶ
1915 1754 2052 1806 βορᾶς

1244 1812 1376 1865 μέρος
1423 1809 1701 1862 προςέδοσαν,
1764 1792 2048 1851 Buttman-

1248 1881 1271 1908 11
1284 1881 1341 1908 us
1370 1867 1525 1919 aliique
1560 1867 1797 1919 probarunt
1813 1865 2048 1920 εὐεργετεῖ-

1244 1940 1340 1976 ται,
1377 1937 1581 1978 praesens
1613 1929 1810 1978 tempus,
1845 1923 1960 1977 quod
1993 1924 2049 1965 de

1245 1983 1423 2024 Critone
1482 1981 1535 2022 ad
1589 1980 1815 2022 Socratem
1876 1982 2048 2034 saepius

1242 2041 1442 2082 veniente
1492 2044 1535 2080 et
1582 2039 1752 2080 custodi
1809 2038 2045 2081 identidem

1244 2097 1536 2139 merceduiam
1560 2097 1806 2150 porrigente
1824 2095 2048 2151 aptissime

1245 2155 1325 2196 dici
1356 2155 1583 2196 videretur.
1634 2154 1723 2195 Sed
1747 2155 1904 2206 repetit
1927 2153 2046 2195 Crito

1244 2225 1447 2261 caussas,
1498 2225 1574 2253 cur
1622 2225 1644 2252 a
1687 2212 1867 2253 ianitore
1910 2208 2046 2252 intro-

1241 2270 1400 2312 missus
1437 2270 1517 2320 sit,
1582 2283 1604 2310 a
1649 2276 1848 2322 tempore
1891 2282 2045 2322 supe-

1244 2329 1422 2379 riore;
1461 2333 1506 2368 et
1537 2333 1654 2368 recte
1685 2327 1817 2368 utitur
1848 2332 2046 2380 tempore

1242 2386 1464 2438 perfeeto,
1504 2397 1591 2438 quo
1634 2384 1791 2426 indicat
1833 2383 2044 2426 hominem

1242 2447 1285 2483 et
1323 2445 1544 2496 accepisse
1585 2457 1607 2483 a
1649 2456 1696 2483 se
1747 2443 1954 2483 beneficia
2001 2449 2045 2483 et

1241 2501 1368 2541 etiam
1437 2513 1548 2540 nunc
1609 2511 1755 2540 eorum
1806 2511 2043 2541 memorem

1241 2570 1355 2601 esse.
1419 2557 1481 2598 De
1520 2558 1663 2598 forma
1693 2556 1971 2609 εὐεργέτηται
2001 2569 2040 2596 v.

1242 2614 1553 2656 Buttmann.
1606 2614 1686 2655 Gr.
1742 2614 1881 2667 Ampl.
1921 2614 1961 2657 1.
2003 2615 2042 2667 ξ.

1239 2671 1307 2715 84.
1342 2672 1384 2715 6.
1417 2673 1458 2716 3.
1479 2678 1521 2712 et
1543 2672 1581 2724 ξ.
1603 2671 1674 2715 86.
1697 2672 1737 2715 2.
1771 2676 1816 2713 et
1849 2671 2040 2715 Matth.

1239 2733 1279 2781 ἓ.
1316 2729 1414 2773 169.
1451 2736 1598 2771 annot.
1643 2731 1741 2772 con.
1786 2728 1826 2782 ξ.
1856 2729 1953 2773 167.
1999 2743 2041 2774 11.

1239 2788 1279 2831 6.
1345 2788 1573 2840 Augmenti
1633 2788 1811 2828 omissio
1873 2788 2041 2841 peperit

1237 2845 1467 2887 lectionem
1507 2843 1794 2901 εὐεργετεῖται
1833 2849 1878 2886 et
1913 2842 2039 2900 ηὐερ-

1232 2917 1425 2956 yantas.

1283 3015 1556 3063 Ἐπιεικῶς
1583 3015 1778 3072 πάλαι]
1811 3015 1850 3060 11.
1882 3029 1920 3060 e.
1951 3029 2038 3059 su-

1231 3076 1306 3115 tis
1365 3073 1479 3125 diu,
1540 3073 1802 3117 ziemlicb
1862 3075 2034 3128 lange.

1228 3131 1409 3174 Theaet.
1450 3131 1690 3204 111.”Λρτι,
1744 3151 1775 3173 ω
1822 3133 2035 3186 Τερψίων,

1230 3187 1256 3240 ἢ
1313 3187 1451 3230 πάλαι
1512 3190 1555 3234 ἐξ
1613 3187 2032 3243 ‹3700173Terpa

1226 3245 1442 3293 Ἐπιεικῶς
1472 3245 1618 3291 πάλαι.
1651 3245 1873 3291 Phaedon.
1897 3259 1939 3300 p.
1962 3246 2033 3290 80.

1228 3305 1278 3346 C.
1313 3305 1508 3350 ἐπιεικῶς
1539 3302 1695 3357 συχνὸν
1722 3305 1908 3359 ἐπιμύει
1922 3302 2033 3358 χρό-

1227 3377 1312 3403 νον.
1372 3361 1655 3404 Grammatici
1675 3362 1869 3404 ἐπιεικῶς
1897 3362 2032 3404 inter·

1227 3424 1451 3475 pretantur
1499 3417 1639 3471 πάνυ,
1689 3418 1797 3461 λίαν.
1846 3432 1885 3463 v.
1934 3419 2030 3462 Eu·
