2158 3718
532 159 1038 214 SYMPOSIUM.
1077 174 1123 225 p.
1167 161 1269 210 2⁰1
1311 162 1384 214 St.
1690 165 1792 216 1⁷21

123 309 225 384 οὐχ
269 309 470 367 οὑτωσί
512 329 627 373 πως
648 310 856 375 ἔλεγεςς
896 304 1078 367 Εἶπον
1118 305 1242 379 γάρ,
1285 305 1468 380 φάναι
1497 306 1597 364 τὸν
1634 308 1799 382 Ἀγά-

118 399 311 452 θωνα.
395 394 514 448 Καὶ
552 393 794 454 ἐπιεικῶς
836 411 894 458 γε
934 393 1115 458 λέγεις,
1159 382 1200 444 ὦ
1246 394 1442 463 ἑταῖρε,
1487 390 1669 468 φάναι
1696 393 1796 455 τὸν

36 536 44 539 ,
116 475 422 551 Σωκράτη.
462 478 555 532 καὶ
599 481 645 530 εὶ
689 477 856 530 τοῦτο
903 470 1079 537 οὕτως
1119 477 1238 546 ἔχει,
1282 469 1419 530 ἄλλο
1465 498 1517 531 τι
1562 474 1591 532 ὁ
1621 475 1795 549 ’Έρως

117 561 356 626 κάλλους
395 558 468 616 ἂν
494 559 575 626 εἴη
606 562 754 632 ἔρως,
798 556 1022 628 αἴσχους
1057 555 1117 612 ,δ’
1171 554 1274 626 οὕ,·
1317 557 1623 631 Ὡμολόγει.
1687 562 1794 618 Οὐ-

115 649 253 703 κοῦν
295 641 662 716 ὡμολόγηται,
708 633 774 700 οὗ
818 641 1000 709 ἐνδεής
1044 647 1153 696 ἐστι
1180 646 1271 698 καὶ
1309 641 1384 716 μὴ
1432 647 1551 716 ἔχει,
1595 644 1795 703 τούτου

113 732 285 803 ὲρᾶν,,·
340 732 474 795 Ναί,
521 734 708 784 εἰπεῖν.

99 810 276 886 ’Έρως
320 812 539 878 κάλλος.
621 807 897 879 Ἀνάγκη,
954 806 1151 885 φάναι.
1243 814 1311 866 Τί
1367 815 1456 880 δές
1516 809 1577 868 τὸ
1624 818 1798 880 ἐνδεὲς

111 896 350 962 κάλλους
407 900 501 952 καὶ
557 897 781 973 μηδαμῆ
835 900 1165 965 κεκτημένον
1219 894 1421 960 κάλλος
1479 888 1592 966 ἆρα
1636 902 1804 970 λέγεις

111 1002 179 1038 συ
225 976 401 1043 καλὸν
444 980 614 1050 εἶναι,-
660 975 737 1036 Οὐ
782 980 942 1045 δῆτα.
1009 974 1130 1032 ”Ετι
1159 970 1260 1034 οὖν
1285 977 1594 1051 ὁμολογεῖς’
1595 978 1800 1054 Ἐρωτα

111 1062 289 1122 καλὸν
332 1063 502 1130 εἶναι,
545 1070 592 1120 εἰ
635 1060 818 1119 ταῦθ’
874 1059 1049 1127 οὕτως
1102 1066 1240 1133 ἔχεις
1325 1066 1440 1118 Καὶ
1501 1063 1601 1119 τὸν
1637 1065 1802 1136 Ἀγά-

114 1153 287 1205 θωνα
333 1154 525 1213 ειπεῖν,
568 1144 927 1210 Κινδυνεύω,
949 1136 989 1199 ὦ
1034 1144 1352 1219 Σώκρατες,
1393 1144 1554 1203 οὐδὲν
1599 1154 1798 1206 ειδέναι

112 1224 191 1289 ὡν
235 1230 362 1288 τότε
408 1229 586 1290 εἷπον.
674 1233 794 1286 Καὶ
836 1225 948 1301 μὴν
988 1233 1168 1293 καλῶς
1208 1252 1267 1299 γε
1316 1227 1472 1295 εἶπες,
1517 1232 1713 1307 φάναι,
1754 1227 1794 1289 ὦ

106 1314 390 1388 Ἁγάθων.
434 1314 580 1370 ἀλλὰ
609 1311 841 1389 σμικρὸν
870 1317 950 1368 ἔτι
978 1319 1117 1370 εἰπέ·
1162 1312 1398 1381 τάγαθὰ
1436 1314 1501 1370 οὐ
1531 1320 1623 1372 καὶ
1655 1316 1798 1374 καλά

110 1405 257 1457 δοκεῖ
299 1418 387 1455 σοι
432 1398 606 1468 εἶναι,·
634 1397 874 1470 ”Εμοιγε.
958 1400 1029 1452 Ει
1080 1393 1193 1469 ἄρα
1241 1396 1270 1454 ὁ
1302 1395 1478 1469 ’Έρως
1531 1405 1642 1456 τῶν
1700 1424 1799 1457 ua-

110 1489 223 1541 λῶν
265 1480 452 1551 ἐνδεής
492 1490 633 1551 ἐστι,
676 1481 746 1539 τά
796 1485 851 1537 δὲ
899 1478 1102 1551 ἀγαθὰ
1150 1480 1309 1547 καλά,
1350 1481 1456 1538 κᾶν
1499 1488 1610 1541 τῶν
1655 1484 1798 1554 ἀφα-

111 1572 243 1626 θῶν
287 1559 474 1635 ἐνδεὴς
511 1569 611 1636 εἴη.
693 1568 844 1637 Ἐγω,
887 1563 1083 1640 φάναι,
1128 1558 1168 1620 ὦ
1214 1567 1530 1639 Σώκρατες,
1573 1573 1664 1627 σοὶ
1698 1570 1797 1627 οὐκ

223 1755 290 1804 ων
329 1777 351 1814 η
385 1758 693 1814 ἐπιθυμία]
736 1755 762 1799 υ“
795 1758 896 1801 Vat.
915 1756 967 1800 A.
1028 1756 1148 1799 Idem
1183 1757 1340 1800 deinde
1371 1772 1467 1801 cum
1502 1761 1600 1802 Par.
1612 1760 1662 1802 F.
1694 1761 1797 1803 ἀνο-

112 1818 474 1877 μολογησόμεθα.

109 1948 212 1993 Par
221 1885 906 1992 σίἕῶἓζιζιι-ιταμέὲνῒέίῖὥνὲιέθ
929 1902 1067 1929 τινων.
1125 1887 1270 1928 Recte
1316 1887 1445 1929 Bodl
1487 1893 1623 1930 τἰιῶν.
1689 1888 1797 1930 Dein

107 2078 148 2120 K
193 2021 273 2118 VP.
300 2019 401 2065 201.
458 2017 691 2074 αἰσχρῶν
719 2015 816 2071 γὰρ
852 2011 950 2057 οὔκ
982 2016 1060 2069 εἴη
1089 2012 1312 2070 &ewa-10²
1345 2016 1445 2071 ἔρως
1477 2015 1572 2058 Vat.
1598 2013 1650 2059 A.
1686 2017 1791 2060 Par.

153 2111 159 2118 .
257 2083 287 2119 t.
341 2089 409 2120 ‚r-

124 2182 126 2185 ,
220 2091 531 2202 ’Ξὶμρολόγεω
586 2143 808 2187 Οὐκοῦν
853 2143 967 2200 ὡμ.]
1026 2143 1122 2186 Par.
1149 2143 1255 2186 DK.
1299 2143 1391 2186 Vat.
1423 2157 1466 2198 p.
1509 2142 1790 2200 ὡμολογεῖτο.

109 2207 232 2249 Bodl.
265 2218 413 2249 rursus
441 2206 545 2255 ἔχηι.

226 2277 276 2319 Β.
338 2278 402 2318 Τί
428 2276 514 2324 δέ,
545 2271 603 2314 ‘cci
637 2271 850 2326 ἐνδεές]
882 2271 955 2314 δαὶ
986 2273 1118 2315 Coisl.
1159 2273 1256 2314 Vat.
1279 2285 1321 2315 n.
1351 2272 1468 2314 Flor.
1495 2274 1594 2317 b.c.

165 2416 379 2469 ὁἝρως
431 2411 671 2461 κάλλους
722 2428 784 2452 αν
834 2413 915 2464 εἴη

108 2435 268 2530 leoena]
311 2472 494 2514 Poterat
534 2472 663 2512 etiam
708 2469 915 2512 hocloco

110 2533 216 2586 ἔρως
247 2529 399 2572 omitti.
459 2528 729 2570 Rectissime
770 2532 914 2568 tamen

110 2589 306 2658 ponitur,
337 2599 425 2639 quo
456 2586 674 2627 conclusio
704 2585 788 2626 ista
820 2596 915 2624 ma-

109 2648 245 2689 iorem
300 2643 482 2698 accipiat
538 2643 622 2684 vim
665 2646 709 2683 et
749 2641 916 2695 perspi-

106 2705 325 2746 euitatem.
397 2700 506 2743 Dein
557 2692 614 2739 ου
653 2697 796 2751 ἐνδεής
827 2699 917 2738 ἐστι

105 2761 174 2802 καὶ
215 2759 272 2814 μὴ
321 2760 405 2811 ἔχει
450 2757 513 2798 sic
554 2757 749 2808 dictum,
798 2759 846 2796 ut
887 2751 912 2794 ὃ

107 2817 221 2871 apud
268 2818 352 2868 ἔχει
394 2814 681 2868 repetendum
722 2814 807 2866 sit,
859 2811 914 2853 de

109 2887 199 2927 qua
252 2871 573 2914 constructione
622 2884 661 2913 v
717 2869 911 2912 Matth

110 2933 188 2972 Gr.
235 2929 270 2981 §-
313 2927 411 2971 428.
453 2926 494 2970 2.
566 2926 734 2968 Eodem
783 2925 915 2968 modo

110 2985 265 3029 Latini.
301 2998 338 3026 v.
374 2984 548 3025 Beier.
585 2983 640 3024 ad
674 2983 760 3023 Cic.
791 2982 915 3023 offic.

110 3047 140 3087 1.
174 3057 208 3085 c.
242 3041 315 3085 42.
347 3039 524 3083 151.11.
553 3039 594 3084 6.
625 3038 663 3092 ἔ.
685 3038 756 3082 21.
788 3039 916 3080 Otto

110 3101 164 3143 ad
199 3099 247 3143 V.
281 3099 336 3141 de
365 3097 460 3139 Fin.
493 3097 534 3142 9.
564 3096 601 3150 §.
635 3096 705 3140 26.

172 3214 222 3254 C.
284 3208 504 3264 τάγαθὰ
553 3208 611 3249 ου
658 3209 746 3249 καὶ
776 3207 909 3249 καλὰ

112 3273 173 3324 6.]
208 3271 414 3312 Pulcrum
441 3273 572 3320 atque
592 3266 748 3308 bonum
773 3266 913 3308 Grae-

112 3329 174 3370 eis
203 3327 443 3369 arctissimo
474 3325 640 3365 vinculo
662 3323 911 3378 colligatum

112 3386 249 3428 visum
283 3397 407 3434 esse,
449 3382 520 3436 qui
550 3381 692 3423 sciunt
720 3380 822 3434 quid
854 3381 912 3422 sit

1000 2409 1325 2466 καλοκάγαθία,
1377 2417 1587 2455 noverunt
1628 2412 1792 2456 omne&

999 2468 1057 2509 Et
1087 2470 1201 2522 apud
1238 2470 1463 2512 Platonem
1495 2470 1664 2524 quidem
1697 2485 1794 2513 sae-

1001 2526 1175 2579 pissime
1219 2529 1464 2582 pulcrum
1521 2534 1564 2568 et
1603 2529 1794 2570 bonum

999 2582 1110 2624 i'dem
1143 2599 1239 2626 esse
1271 2584 1433 2625 dicitur.
1456 2598 1495 2625 v.
1518 2584 1631 2626 Tim.
1653 2586 1724 2628 237.
1744 2585 1794 2628 C.

997 2639 1147 2696 Lysid.
1182 2656 1223 2696 p.
1246 2642 1344 2686 216.
1366 2642 1414 2682 Ι).
1449 2642 1581 2695 Hipp.
1614 2643 1718 2684 Mai.
1754 2657 1795 2694 p.

999 2696 1096 2741 296.
1139 2707 1174 2741 A
1204 2713 1298 2752 sqq.
1350 2698 1519 2740 Menon.
1562 2713 1602 2753 p.
1629 2702 1697 2742 77.
1743 2700 1794 2741 Β.

998 2755 1135 2809 Legg.
1150 2756 1224 2798 ΙΧ.
1241 2771 1281 2811 p.
1299 2756 1396 2802 859.
1413 2758 1462 2798 D.
1483 2756 1681 2810 adeoque
1702 2758 1797 2810 qui-

998 2812 1079 2854 bus
1111 2815 1250 2855 causis
1282 2820 1325 2855 et
1356 2815 1591 2855 rationibus
1622 2829 1669 2855 ea
1693 2827 1797 2855 con-

998 2869 1160 2913 iunctio
1193 2873 1374 2922 nitatur,
1407 2873 1621 2912 subtiliter
1651 2872 1796 2925 dispu-

1000 2931 1116 2971 tatur
1160 2927 1327 2973 Phileb.
1361 2942 1401 2982 p·
1436 2927 1490 2971 64
1522 2942 1614 2981 sqq.
1677 2929 1793 2970 Idem

1001 2991 1297 3035 argumentum
1342 2987 1549 3027 Socrates
1594 2985 1795 3038 deinceps

1001 3040 1245 3094 diligentius
1293 3044 1474 3085 illustrat
1517 3055 1569 3083 ex
1612 3053 1792 3094 persona

1000 3097 1223 3141 Diotimae.
1286 3102 1434 3153 ltaque
1456 3112 1538 3139 non
1571 3098 1794 3139 miraberis

999 3154 1052 3196 ab
1086 3155 1307 3209 Agathone
1347 3156 1521 3198 concedi
1559 3154 1673 3206 quod
1706 3154 1791 3194 So-

999 3217 1139 3253 crates
1168 3215 1313 3266 sumit,
1344 3215 1499 3254 bonum
1533 3217 1575 3251 et
1596 3212 1788 3264 pulcrum

998 3269 1110 3311 inter
1173 3284 1220 3312 se
1280 3270 1377 3312 nihil
1438 3268 1610 3309 differre
1659 3274 1789 3320 atque

998 3338 1123 3368 unam
1157 3329 1421 3379 eandemque
1444 3324 1599 3368 habere
1633 3325 1712 3367 vim
1746 3329 1789 3366 et

998 3388 1202 3426 naturam.

790 724 1008 793 Ἐνδεὴς
1050 722 1143 799 ἄρ’
1200 730 1310 782 ἐστὶ
1352 731 1443 783 καὶ
1471 727 1572 784 οὐκ
1617 732 1720 802 ἔχει
1763 729 1792 787 ὁ
1846 736 1886 784 Β

1850 1325 1890 1374 C
