2158 3718
402 135 509 187 166
1017 135 1443 186 PLATONlS

406 286 579 338 εἰπεῖν
621 271 725 337 οὖν
773 277 875 335 τὸν
908 276 1241 349 Ἀγάθωνα,
1279 276 1608 346 Ὑπολύετε,
1651 286 1874 350 παῖδες,
1911 283 2088 343 Ἀλκι-

407 365 627 438 βιάδην,
666 369 760 420 ἵνα
804 369 861 418 ὲκ
905 367 1104 437 τρίτων
1134 370 1497 431 κατακέηται.
1585 363 1756 422 Πάνυ
1799 388 1875 438 γε,
1918 375 2088 427 εἰπεῖν

410 446 512 506 τὸν
548 445 929 521 Ἀλκιβιάδην·
973 445 1118 502 ἀλλὰ
1165 451 1246 511 τίς
1270 445 1403 518 ἡμῖν
1442 446 1535 504 ὅδε
1562 454 1745 521 τρίτος
1774 451 2092 524 συμπότηςς

412 536 531 590 Καὶ
573 531 693 604 ἅμα
740 529 1257 606 μεταστρεφόμενον
1284 529 1461 588 αὐτὸν
1472 531 1626 633 Ήὸρᾶν
1659 534 1760 590 τὸν
1795 535 2091 609 Σωκράτη,

334 623 337 626 ’
410 615 605 675 ἰδόντα
649 619 707 672 δὲ
750 614 1109 716 ἀναπηδῆσαι
1148 618 1242 670 καὶ
1280 622 1450 671 εἰπεῖν
1472 608 1551 670 Ὦ
1584 612 1893 690 Ηράκλεις,
1935 625 2092 679 τουτὶ

418 707 472 757 τί
508 719 626 769 ηνς
656 691 971 772 Σωκράτης
1014 693 1212 764 οὗτος;
1256 702 1493 772 ὲλλοχῶν
1519 691 1592 755 αὖ
1623 723 1689 773 με
1712 708 1970 761 ἐνταῦθα
1995 728 2096 762 κα-

417 790 653 850 τέκεισο,
693 781 869 857 ὥςπερ
915 781 1125 852 εὶώθης
1166 785 1427 860 ἐξαίφνης
1468 782 1900 859 ἀναφαίνεσθαι
1942 787 2091 849 ὅπου

416 866 518 941 ἐγώ
565 864 724 941 ᾤμην
767 865 965 935 ἥκιστά
1006 888 1064 925 σε
1110 872 1357 924 έσεσθαι.
1400 872 1494 924 καὶ
1536 872 1640 925 νῦν
1683 874 1738 926 τί
1780 868 1960 942 ἥκειςς
2002 878 2096 930 καὶ

410 957 465 1010 τί
507 975 580 1009 av
623 956 884 1009 ἐνταῦθα
910 957 1264 1024 κατεκλίνης,·
1309 951 1383 1018 ὡς
1406 949 1472 1009 οὐ
1507 975 1663 1028 παρα
1686 951 2096 1034 Ἀριστοφάνει,

413 1037 542 1095 οὐδὲ
587 1037 637 1093 εἰ
675 1059 760 1103 τις
803 1032 982 1113 ἄλλος,
1017 1041 1228 1108 γελοῖος
1272 1042 1386 1093 ἔστι
1411 1059 1470 1093 τε
1494 1041 1586 1093 καὶ
1610 1036 1906 1110 βούλεται·
1950 1039 2094 1098 ἀλλὰ

415 1121 815 1195 διεμηχανήσω,
859 1119 1010 1188 ὅπως
1053 1120 1208 1194 παρὰ
1251 1124 1330 1192 τῷ
1355 1125 1629 1192 καλλίστῳ
1656 1126 1769 1179 τῶν
1794 1127 1958 1180 ἔνδον
1997 1147 2097 1181 κα-

411 1211 663 1263 τακείσει.
751 1207 868 1262 Καὶ
914 1204 1015 1263 τὸν
1059 1205 1374 1280 Σωκράτη,
1424 1197 1503 1261 ⁷52
1542 1204 1842 1275 Ἀγάθων,
1896 1206 2095 1286 φάναι,

411 1289 548 1366 ὅρα,
604 1290 654 1347 εἴ
693 1313 789 1363 μοι
831 1290 1154 1363 ὲπαμύνεις·
1214 1289 1288 1356 ὡς
1330 1292 1450 1363 ἐμοὶ
1493 1288 1523 1347 6
1571 1288 1776 1347 τούτου
1821 1297 1956 1366 ἔρως
1996 1297 2098 1352 τοῦ

524 1458 578 1501 Β.
638 1455 731 1499 ὅδε
759 1458 952 1512 τρίτος
983 1473 1042 1497 σι
1051 1470 1156 1510 peno
1149 1453 1284 1508 της]
1317 1454 1463 1509 τρίτος
1495 1451 1569 1496 ὅδε
1601 1453 1823 1510 συμπότης
1851 1462 1957 1503 vett.
1978 1457 2100 1502 editt.

408 1515 743 1569 repugnantibus
775 1513 918 1567 codd„
951 1527 1004 1556 cx
1034 1514 1189 1567 quibus
1224 1511 1346 1554 Bodl.
1383 1511 1479 1554 Vat.
1502 1511 1555 1554 A.
1576 1513 1676 1557 Par.
1699 1513 1799 1556 DK.
1834 1514 1927 1557 Vat.
1944 1529 1988 1571 p.
2020 1509 2103 1558 ὡδε

406 1573 615 1628 scriptum
649 1572 819 1615 habent.

521 1643 681 1686 τουτὶ
711 1648 764 1684 τι
796 1635 886 1695 ἤν]
920 1639 1048 1682 τοῦτ’
1083 1641 1215 1682 εἰπεῖν
1247 1640 1529 1684 vitiosissime
1553 1640 1680 1683 Bodl.
1702 1641 1799 1686 Vat.
1811 1640 1862 1687 A.
1887 1642 1988 1685 Par.
2003 1643 2097 1687 ΒΚ.

409 1704 519 1755 Λη3.
532 1715 582 1743 w.
607 1702 703 1745 vat.
716 1715 758 1755 p.
784 1699 910 1741 Vind.
921 1699 961 1742 7.
995 1703 1040 1741 et
1070 1699 1350 1741 scholiastes.
1411 1700 1458 1741 In
1491 1698 1615 1739 Vind.
1636 1698 1678 1743 2.
1718 1698 1824 1742 haec
1852 1701 1985 1743 verba
2022 1701 2100 1743 de-

409 1763 524 1802 sunt.
584 1758 750 1802 Deinde
789 1762 891 1812 post
934 1755 1172 1812 Σωκρατης
1210 1750 1346 1804 ουτος
1387 1755 1442 1798 de
1483 1756 1671 1799 Bekkeri
1721 1759 1935 1800 sententia
1975 1759 2100 1814 posui

409 1818 579 1873 signum
611 1815 973 1870 interrogationis.

528 1888 580 1931 C.
634 1884 806 1941 ὥςπερ
836 1883 1062 1939 εἰώθης]
1095 1883 1170 1926 Sic
1202 1883 1324 1929 Vind.
1346 1883 1389 1928 2.
1422 1888 1467 1926 et
1501 1883 1663 1927 Ven.''''
1625 1898 1672 1927 ...
1732 1884 1982 1940 Legebatur
2010 1886 2101 1930 εἰώ-

410 1950 538 2000 θεις,
575 1944 691 1999 quod
723 1944 862 1986 tenuit
892 1943 1130 1986 Hermann·

526 2005 650 2060 οὐδὲ
681 2019 730 2057 εἴ
759 2032 844 2064 τις
876 2014 1039 2062 ἄλλος
1067 2012 1133 2068 y.]
1168 2013 1218 2055 V.
1251 2011 1379 2066 οἵτε,
1413 2014 1535 2067 quod
1569 2027 1594 2058 e
1627 2014 1756 2058 Bodl.
1790 2014 1946 2061 Vat..A
1973 2017 2099 2060 Vind.

408 2074 451 2119 2
480 2076 584 2118 Par
602 2075 652 2116 D.
683 2077 793 2128 Ang.
808 2087 856 2115 w.
881 2073 975 2116 Vat.
989 2086 1032 2127 p.
1062 2071 1353 2114 emendatum.

515 2141 573 2189 Ὦ
612 2145 896 2201 Ἀγάθων,
939 2142 1139 2199 φαναι]
1181 2146 1213 2183 ὠ
1257 2155 1357 2184 cum
1398 2142 1602 2186 Bekkero
1645 2157 1700 2186 ex
1738 2143 1840 2186 Par.
1862 2145 1909 2186 F.
1941 2145 2100 2188 addidi.

407 2206 557 2268 IJabet
589 2205 699 2247 enim
736 2202 842 2246 haec
872 2201 1152 2257 compellatio
1182 2200 1397 2254 quandam
1430 2201 1612 2243 affectus
1651 2202 2020 2256 significationem,
2054 2210 2104 2246 ut

404 2282 436 2305 ω
481 2263 550 2305 vix
591 2269 712 2304 recte
751 2262 909 2303 abesse
953 2260 1165 2301 videatur.
1237 2258 1402 2300 Deinde
1442 2235 1717 2326 Stephanus1³
1735 2273 1814 2314 pro
1857 2260 2100 2316 ἔπαμύνεις,

403 2321 519 2374 quod
553 2321 645 2362 iibri
676 2324 872 2369 tuentur,
917 2317 1107 2359 correxit
1146 2317 1225 2355 ἐπι
1200 2331 1287 2369 ιμυ
1291 2321 1394 2364 veie,
1435 2315 1563 2370 idque
1616 2315 1743 2359 etiam
1774 2317 1999 2361 Bekkerus
2033 2332 2104 2361 re-

404 2379 547 2434 cepit,
579 2377 952 2419 consentientibus
982 2374 1307 2418 Turicensibus.
1367 2373 1457 2415 Sed
1489 2387 1697 2429 praesens
1727 2378 1898 2432 tempus
1929 2375 2102 2419 defendi

462 2519 515 2560 Β.
570 2514 891 2569 Tmolius,
922 2515 1135 2570 παῖδες]
1168 2515 1206 2558 h·

404 2591 442 2620 e.
504 2577 730 2618 calceos
790 2574 1013 2616 solvite.
1055 2584 1057 2586 ’
1098 2574 1210 2617 Nam

404 2635 534 2676 calcei
573 2633 686 2674 inter
731 2634 880 2686 epulas
932 2631 1210 2684 deponeban-

403 2698 488 2742 tur,
522 2690 576 2731 de
605 2703 691 2743 quo
711 2701 830 2731 more
860 2701 900 2729 v.
936 2687 1208 2728 Gataker.

402 2721 586 2789 Ad'vers.
627 2746 810 2787 Miscell.
855 2759 890 2787 c.
927 2743 993 2787 19.
1028 2765 1079 2772 —
1155 2745 1210 2783 ἐκ

402 2802 675 2858 τρίτων,
746 2801 984 2850 tertius,
1038 2805 1210 2853 praeter

403 2862 544 2915 ipsum
580 2857 853 2912 Agathonem
891 2861 934 2898 et
964 2857 1206 2898 Socratem.

403 2919 540 2971 Gorg.
561 2930 603 2971 p.
621 2915 718 2960 500.
747 2918 805 2956 A:
837 2912 1078 2968 σύμψηφος
1108 2911 1209 2967 ημῖν

405 2975 443 3017 εἷ
485 2974 557 3016 καὶ
605 2972 654 3015 σι)
707 2974 750 3013 ἐκ
799 2973 977 3024 τρίτων;
1040 2972 1112 3013 ubi
1169 2984 1207 3014 v.

406 3029 707 3076 Heindorf.

458 3084 514 3131 Ὦ
564 3085 872 3141 “Ηράκλεις,
935 3087 1100 3127 τουτὶ
1160 3087 1212 3127 τί

409 3143 502 3201 ἧνς
523 3151 540 3198 l
613 3145 794 3189 Mirandi
856 3144 1062 3194 formula,
1129 3157 1212 3197 qua

409 3210 612 3256 utuntur,
659 3203 813 3257 quibus
863 3201 1020 3253 aliquid
1066 3203 1211 3242 subito

410 3269 453 3305 et
483 3268 657 3317 praeter
696 3260 1063 3315 exspectationem
1097 3260 1211 3300 acci-

411 3321 494 3361 dit:
528 3319 642 3361 unde
672 3316 912 3371 imperfecti
941 3329 1045 3357 usus
1073 3317 1214 3370 expli-

414 3378 592 3420 «andus
639 3374 924 3429 Aristoph.
958 3372 1138 3417 Aeliam.
1172 3388 1211 3416 v.

1294 2514 1403 2559 767·
1458 2529 1536 2556 τοι
1540 2531 1582 2555 τι
1629 2516 1676 2556 τί
1710 2509 1764 2568 ην
1805 2515 1857 2558 τὸ
1872 2520 2100 2586 πρᾶγμα;

1295 2573 1479 2629 Lysistr
1505 2573 1613 2616 445:
1645 2572 1768 2613 τουτὶ
1798 2569 1887 2614 τί’
1861 2589 1941 2625 mv,-
1970 2577 2099 2627 vesp.

1294 2643 1335 2670 v.
1369 2629 1475 2673 183·
1514 2628 1640 2669 τουτὶ
1669 2630 1716 2669 τί
1742 2624 1817 2681 η’νς
1867 2633 1971 2672 Avv.
1999 2630 2100 2676 863.

1299 2687 1510 2786 10266ἑο
1467 2685 1591 2729 1482.
1634 2688 1686 2728 al.
1717 2698 1756 2729 V.
1786 2686 1840 2728 ad
1872 2687 2098 2730 Phaedon.

1350 2825 1647 2883 Σωκράτης
1710 2823 1908 2883 οὖτοςς
1955 2831 2103 2872 ἔλλο-

1292 2889 1395 2938 χῶν
1431 2908 1488 2916 -—
1528 2887 1846 2943 κατέκεισο]
1907 2889 1973 2931 De
2021 2888 2103 2932 hac

1294 2947 1511 2984 structura
1542 2956 1581 2984 ν.
1611 2943 1666 2985 ad
1699 2957 1791 3000 cap.
1826 2946 1857 2990 1.
1892 2946 1949 2987 in.
2003 2947 2103 2988 Sin-

1294 3002 1486 3052 gularem
1535 3000 1735 3043 Socratis
1780 3017 1883 3057 erga
1918 3004 2103 3046 Alcibia-

1296 3058 1396 3099 dem
1431 3071 1625 3100 amorem
1672 3064 1716 3101 et
1753 3061 1978 3102 amicitiam
2011 3074 2103 3103 me-

1296 3120 1438 3157 morat
1494 3116 1774 3158 Plutarch.
1844 3118 1937 3160 Vita
1990 3119 2103 3160 Alci-

1298 3173 1409 3214 biad.
1461 3186 1498 3215 c.
1543 3174 1575 3215 l.
1617 3179 1661 3216 et
1709 3174 1926 3220 Maxim.
1976 3175 2100 3231 Tyr.

1296 3230 1456 3272 XXIV.
1493 3231 1533 3274 5.

1355 3317 1404 3357 C.
1484 3313 1547 3362 ὡς
1600 3313 1664 3356 ου’
1715 3315 1860 3372 παρὰ
1908 3315 2004 3371 Ἀρ.
2045 3341 2099 3349 -

1295 3377 1356 3428 βο
1371 3372 1528 3416 ύλετα
1541 3376 1577 3423 ι]
1614 3374 1751 3417 Verba
1772 3374 1846 3415 καὶ
1876 3374 2099 3430 βούλεται,
