2158 3718
344 191 446 241 156
953 189 1368 242 PLATONIS

340 335 582 410 ἐξαρκεῖν
628 332 781 405 αὐτῷ
826 336 919 390 καὶ
962 335 1097 406 ἐρᾶν
1141 335 1233 388 καὶ
1275 333 1551 402 κήδεσθαι
1583 336 1673 389 καὶ
1699 337 1895 390 τίκτειν
1921 333 2017 392 λό-

340 441 470 490 γους
526 418 814 482 τοιούτους
867 418 959 473 καὶ
1013 420 1216 485 ζητεῖν,
1275 423 1472 482 οἵτινες
1511 416 1806 486 ποιήσουσι
1844 421 2018 491 βελτί-

344 524 442 569 ους
499 500 630 567 τοὺς
685 506 870 566 νέους,
926 505 1020 556 ἵνα
1082 500 1422 579 ἀναγκασθῇ
1458 493 1530 557 αὖ
1573 501 1908 559 θεάσασθαι
1953 501 2016 559 τὸ

339 595 398 645 ἐν
441 597 560 652 τοῖς
603 583 989 657 ἐπιτηδεύμασι
1031 588 1124 642 καὶ
1167 594 1286 651 τοῖς
1311 585 1503 657 νόμοις
1525 583 1696 642 καλὸν
1721 589 1813 642 καὶ
1843 590 2015 644 τοῦτο

339 677 488 738 ἰδεῖν,
532 668 767 747 ὅτιωπᾶν
791 666 931 725 αὐτὸ
959 666 1112 742 αὐτῷ
1140 669 1383 741 ξυγγενές
1409 675 1571 736 ἐστιν,
1598 675 1692 726 ἵνα
1717 667 1780 727 τὸ
1803 675 1928 746 περὶ
1951 669 2015 728 τὸ

452 834 502 874 C.
567 831 657 874 καὶ
695 831 908 884 ζητεῖν]
941 832 1066 875 Haec
1096 834 1220 875 Astio
1253 833 1307 875 ab
1338 832 1480 873 aliena
1511 844 1643 874 manu
1671 832 1833 876 intrusa
1862 834 2014 878 viden-

338 900 418 935 tur.
479 890 598 933 Idem
630 891 694 932 vir
726 890 882 932 doctus
914 891 1111 944 proxima
1141 889 1252 932 hunc
1285 890 1327 932 in
1359 891 1531 932 modum
1570 890 1817 943 refingenda
1847 897 2017 936 censet.

337 950 406 990 ἵνα
432 946 723 1003 ἀναγκασθεὶς
751 964 805 988 av
845 946 1108 990 θεάσασθαι
1140 969 1190 977 —
1225 948 1300 988 καὶ
1338 946 1463 988 τοῦτ’
1507 948 1639 1000 ἰδεῖν,
1684 945 1760 989 ὅτι
1788 969 1844 978 ·-·
1874 949 2018 1004 Ευγγε-
2083 944 2093 952 ’

337 1010 402 1055 ιές
431 1009 563 1059 ἐστιν,
593 1004 643 1046 τὸ
678 1004 775 1060 περὶ
800 1004 851 1047 τὸ
887 1009 1008 1060 σῶμα
1036 1003 1172 1046 καλὸν
1203 1003 1386 1060 σμικρόν
1409 1020 1453 1046 τι
1474 1003 1690 1058 ἡγήσηται
1710 1003 1835 1048 εἶναι.
1865 1019 1904 1051 v
1923 1019 2018 1050 ann.

451 1065 500 1106 D.
561 1066 759 1119 μηκέτι
789 1067 855 1118 τῷ
885 1061 1013 1118 παρ’
1052 1061 1153 1117 ἑνί]
1188 1063 1414 1105 Bekkerus
1446 1075 1524 1117 pro
1555 1064 1669 1116 vulg.
1696 1065 1846 1117 μηκέτι
1875 1062 1930 1105 τό
1963 1063 2018 1107 de

337 1123 583 1166 coniectura
621 1120 999 1162 Sclnleiermacheri
1047 1121 1223 1174 scripsit
1267 1136 1315 1174 μ.
1366 1120 1428 1175 τῷ
1466 1118 1572 1176 παρ’
1612 1119 1696 1172 ἑνί,
1742 1119 1860 1173 quod
1907 1134 2019 1164 nunc

338 1181 477 1222 secuti
511 1191 671 1221 sumus
730 1177 789 1219 Et
827 1177 955 1219 habet
991 1190 1101 1219 unus
1141 1177 1281 1220 codex
1307 1161 1457 1232 μηκέτ’
1490 1178 1567 1219 ἴτω
1595 1190 1647 1219 ex
1678 1189 1788 1219 corr.
1821 1191 1862 1220 v..
1892 1179 2014 1221 infra.

336 1238 445 1281 Dein
474 1235 750 1279 Hommelius
781 1235 956 1290 corrigit
983 1233 1120 1292 ω’ςπερ
1153 1252 1174 1275 ο
1209 1236 1365 1290 ἱκέτης,
1396 1234 1512 1289 quod
1541 1247 1619 1276 cur
1636 1235 1908 1289 comprobari
1937 1249 2017 1280 ne-

336 1376 506 1431 quentis
537 1381 605 1417 est
633 1388 739 1417 usus
756 1407 770 1429 ,
802 1389 840 1417 v.
874 1380 908 1417 A
924 1376 1048 1418 bres
1063 1374 1136 1418 ch.

336 1434 389 1476 ad
411 1434 668 1475 Aristaenet.
690 1435 722 1478 Ι.
743 1447 813 1488 ep.
836 1433 951 1476 XIX.
972 1447 1014 1489 p.
1035 1432 1135 1477 494.

1223 1375 1368 1429 plari
1398 1380 1561 1428 atque
1589 1374 1783 1419 videre
1814 1375 1864 1431 (i.
1891 1389 1927 1419 e.
1962 1389 2016 1420 eo

1222 1433 1526 1485 intelligentiae
1556 1432 1801 1486 pervenire,
1843 1440 1892 1475 ut
1927 1437 2016 1476 sta-

337 1491 436 1534 edit.
471 1491 612 1532 Boiss.

389 1549 428 1590 C
530 1547 622 1588 καὶ
678 1550 887 1590 τίκτειν
945 1545 1139 1603 λόγους

333 1603 636 1652 τοιούτους
705 1606 806 1647 καὶ
876 1605 1134 1658 ζητεῖν]

334 1663 526 1706 Astius
562 1662 679 1704 istud
723 1663 793 1704 καὶ
832 1662 972 1716 ζητεῖν
1005 1663 1138 1716 inepti

334 1721 612 1775 explicatoris
653 1720 992 1763 additamentum
1037 1733 1136 1778 esse

333 1782 498 1820 censet.
565 1778 781 1820 Debuisse
833 1778 946 1829 enim
996 1779 1136 1830 ἐκτρέ-

333 1851 431 1890 φειν
469 1835 613 1890 potius
663 1841 737 1877 aut
777 1836 916 1878 simile
964 1834 1135 1888 aliquod

333 1894 510 1934 verbum
540 1892 658 1946 addi,
694 1894 729 1935 si
759 1893 860 1947 quid
888 1892 1134 1935 addendum

333 1951 490 2003 suerit3
531 1951 646 1992 istud
685 1951 824 2003 ζητεῖν
864 1955 1004 1993 autem
1034 1950 1136 1992 ferri

334 2010 450 2050 nullo
482 2007 614 2050 modo
646 2022 790 2063 posse.
854 2009 933 2050 Cui
961 2012 1137 2050 senten-

333 2066 420 2108 tiae
466 2066 544 2107 viri
594 2066 828 2108 acutissimi
873 2066 1016 2107 fateor
1065 2077 1137 2107 me

334 2136 420 2165 non
440 2121 662 2165 accedere.
719 2124 827 2166 Nam
847 2123 1035 2165 Diotima
1056 2121 1137 2164 hoc

334 2181 461 2233 dicit,
491 2182 622 2222 talem
649 2187 887 2224 amatorem
923 2193 1007 2222 non
1039 2193 1136 2222 mo·-

332 2238 392 2280 do
423 2233 562 2293 ipsum
594 2251 748 2292 parere
777 2239 899 2293 quasi
932 2243 976 2280 et
1005 2251 1059 2280 ex
1089 2250 1137 2279 se

336 2309 590 2351 procreare,
652 2297 729 2338 sed
785 2298 918 2338 etiam
965 2296 1140 2338 aliunde

336 2366 548 2407 quaerere
579 2358 623 2395 et
648 2354 908 2409 investigare
927 2352 1138 2396 eiusmodi

336 2424 588 2463 sermones,
630 2413 700 2464 qui
737 2413 913 2454 iuvenes
955 2411 1140 2453 reddant

335 2469 550 2511 meliores.
614 2469 783 2513 Quibus
822 2469 963 2511 verbis
1006 2467 1139 2522 signi-

335 2529 489 2568 ficatur
518 2527 703 2568 maxima
745 2527 926 2568 hominis
961 2532 1141 2568 conten-

337 2585 398 2625 tio
431 2589 474 2625 et
505 2583 715 2635 studium,
749 2585 819 2638 qui
850 2586 972 2626 alteri
1005 2583 1139 2625 omni-

338 2643 416 2682 bus
448 2640 587 2682 modis
620 2641 829 2695 prodesse
847 2642 1004 2696 cupiat.
1051 2640 1140 2682 Ne-

336 2710 420 2750 que
459 2699 544 2739 iam
578 2699 842 2752 probandam
885 2700 1141 2740 arbitramur

338 2754 529 2796 eiusdem
590 2756 666 2796 viri
727 2756 844 2797 docti
911 2755 1137 2804 rationem,

337 2823 463 2864 quam
495 2811 586 2851 iniit
617 2811 669 2852 ad
703 2825 769 2863 ea,
805 2824 914 2864 quae
944 2810 1138 2864 proxime

339 2872 597 2920 sequuntur,
653 2870 720 2910 vel
770 2867 1024 2920 corrigenda
1071 2866 1139 2907 vel

340 2925 601 2968 illustranda.
657 2924 790 2968 Quod
817 2926 924 2966 enim
947 2925 1140 2965 scriben-

342 2984 441 3025 dum
475 2988 624 3024 censet
664 2981 733 3023 ἵνα
763 2980 1050 3036 ἀναγκασθεὶς
1079 2985 1134 3020 αυἱ

345 3039 603 3082 θεάσασθαι
632 3063 685 3071 -
719 3041 911 3095 ξυγγενές
942 3040 1049 3091 ἐστι,
1085 3037 1135 3079 τὸ

342 3099 441 3154 περι
470 3097 519 3138 τὸ
557 3103 678 3154 σῶμα
695 3097 824 3138 καλὸν
857 3112 926 3151 σμ.
959 3113 998 3137 τ.
1031 3112 1067 3136 κ.
1101 3111 1141 3138 τ.

342 3158 405 3208 L,
445 3168 496 3198 ea
543 3155 753 3198 correctio
785 3160 901 3197 certe
932 3166 1138 3208 superva—

343 3227 479 3255 canea
518 3213 728 3255 videbitur
769 3215 908 3254 locum
948 3211 1055 3253 hunc
1097 3212 1139 3252 in

345 3271 518 3313 modum
537 3270 910 3325 interpretantibus
928 3283 937 3313 t
958 3282 982 3309 ιι
994 3275 1011 3310 t
1030 3282 1049 3309 r
1061 3281 1085 3308 u
1097 3280 1139 3309 r-

344 3342 436 3370 sus
486 3334 726 3383 cogatur
784 3329 1025 3382 pulcrum
1087 3326 1139 3366 in

343 3385 570 3438 studiis,
620 3386 862 3440 legibus,
922 3383 1139 3425 institu-

348 3445 417 3484 tis
478 3444 841 3497 conspicuum
906 3446 1139 3484 contem-

1221 1489 1338 1543 tuat)
1355 1464 1550 1530 ”totum
1592 1489 1731 1530 illud
1773 1503 1900 1533 esse
1950 1492 2019 1533 si·
2077 1533 2080 1537 ,

1222 1543 1397 1588 bimet
1427 1546 1540 1600 ipsi
1571 1551 1887 1600 cognatum,
1914 1561 2018 1602 quo

1224 1603 1654 1658 pulcritudinem
1702 1607 2017 1660 corporis

1225 1661 1515 1715 despiciat.
1583 1660 1716 1703 Vides
1765 1662 1895 1717 igitur
1937 1662 2017 1705 du-

1221 1720 1321 1773 plex
1360 1718 1474 1760 istud
1516 1717 1584 1758 ῗνα
1620 1717 1717 1761 nillil
1757 1718 1913 1763 habere
1947 1720 2016 1762 of—

1220 1776 1435 1818 fensionis.
1495 1775 1554 1816 Et
1582 1776 1642 1817 ita
1674 1775 1778 1818 haec
1797 1776 1851 1819 ad
1871 1790 2018 1819 amus-

1221 1835 1299 1876 sim
1334 1837 1574 1887 congruunt
1605 1846 1702 1875 cum
1730 1835 1817 1876 illis
1847 1848 1889 1889 p.
1918 1835 2015 1880 210.

1221 1891 1291 1943 B.,
1321 1891 1393 1932 ubi
1426 1891 1607 1945 primum
1639 1890 1689 1931 τὸ
1719 1890 1787 1931 ἐπ’
1819 1893 1920 1934 εἴδει
1942 1908 2019 1933 κα-

1220 1948 1297 1990 λὸν
1327 1949 1368 1989 in
1401 1948 1653 2002 corporibus
1671 1948 2014 2003 investigandum

1222 2019 1319 2048 esse
1352 2004 1560 2057 docetnr3
1602 2005 1757 2048 deinde
1791 2006 1894 2050 v‘ero
1928 2007 2018 2049 ani-

1218 2063 1568 2106 madvertendum
1611 2061 1661 2103 τὸ
1694 2062 1764 2103 ἐπὶ
1791 2067 1896 2105 πᾶσι
1926 2069 2020 2112 τοῖς

1221 2120 1385 2176 σώμασι
1403 2119 1537 2160 καλὸν
1567 2132 1666 2162 esse
1697 2119 1740 2161 ἕν
1757 2136 1803 2161 τε
1821 2122 1893 2162 καὶ
1911 2120 2020 2164 ταῦ-

1219 2178 1312 2220 τόν.
1373 2179 1454 2220 Est
1484 2182 1630 2220 autem
1661 2178 1889 2221 verborum
1914 2191 2020 2221 con—

1221 2237 1387 2279 secutio
1408 2236 1534 2278 haecz
1564 2234 1638 2276 καὶ
1667 2235 1787 2288 ἰδεῖν,
1817 2234 1889 2278 ὅτι
1913 2242 2020 2278 τοῦ-

1220 2309 1272 2335 το
1310 2296 1395 2348 (sc.
1438 2293 1488 2335 τὸ
1524 2295 1566 2333 ἐν
1601 2297 1694 2339 τοῖς
1723 2294 1788 2335 ἐκ.
1818 2309 1855 2334 κ.
1887 2310 1924 2334 τ.
1957 2294 2020 2350 λ.)

1221 2356 1305 2394 πᾶν
1336 2350 1448 2392 avr&
1484 2349 1603 2408 αὑτῷ
1632 2351 1747 2406 ξυγγ.
1779 2351 1903 2396 ἐστίν.

1281 2437 1369 2478 ἐπὶ
1407 2435 1507 2485 τὰς
1546 2435 1849 2494 ἐπιστήμας
1895 2437 2018 2495 oe'yoe-

1221 2495 1364 2550 γεῖν]
1405 2494 1547 2538 Mutat
1581 2496 1846 2550 subiectum,
1887 2498 2018 2552 siqui-

1226 2553 1324 2594 dem
1387 2553 1584 2607 intelligit
1641 2553 1720 2594 τὸν
1766 2553 2018 2610 ἡγούμενον.

1225 2610 1314 2651 Sed
1345 2617 1505 2663 quanta
1536 2611 1663 2652 fuerit
1692 2610 1771 2652 hoc
1801 2612 1842 2652 in
1860 2623 2018 2665 genere

1225 2668 1492 2708 Graecorum
1525 2668 1709 2717 licentia,
1741 2669 1807 2709 vel
1837 2668 1905 2709 illa
1935 2667 2016 2710 do-

1224 2725 1404 2774 cebunt,
1453 2736 1561 2776 quae
1609 2722 1663 2765 ad
1705 2724 1931 2778 Protagor.
1976 2738 2016 2779 p.

1222 2781 1318 2824 320.
1341 2785 1390 2821 A.
1411 2784 1455 2821 et
1475 2779 1655 2822 Phaedr.
1677 2781 1827 2835 p.258.
1853 2781 1904 2823 B.
1937 2782 2015 2825 ad-

1222 2837 1482 2891 scripsitnus.

1279 2923 1333 2964 D.
1395 2924 1586 2977 μηκέτι
1634 2929 1702 2982 τιῦ
1743 2922 1865 2980 πάρ’
1923 2927 2014 2980 ἑνί,

1220 2977 1392 3034 ὥςπερ
1423 2982 1645 3036 οικέτης,
1676 2997 1712 3023 κ.
1730 2998 1770 3024 τ.
1788 2981 1844 3037 m]
1877 2983 2017 3026 Etiam

1222 3038 1286 3079 hic
1316 3039 1444 3079 locus
1476 3040 1620 3081 multis
1656 3041 1772 3081 visus
1802 3045 1870 3082 est
1896 3041 2016 3082 intri-

1223 3097 1362 3137 catior
1405 3101 1448 3138 et
1489 3097 1788 3151 impeditior,
1802 3110 1927 3150 quam
1967 3104 2015 3139 ut

1222 3167 1298 3207 pro
1340 3166 1444 3195 sano
1495 3160 1539 3197 et
1586 3156 1831 3208 incorrupto
1872 3155 2015 3198 haberi

1221 3216 1387 3265 posset.
1421 3212 1641 3254 Bastius
1674 3210 1889 3254 δουλεύων
1920 3218 2016 3254 tan·

1221 3282 1350 3321 quam
1390 3270 1535 3311 inutile
1588 3269 1707 3311 vocis
1743 3270 1907 3323 οἰκέτης
1950 3271 2017 3311 in-

1221 3330 1605 3379 terpretamentum
1658 3326 1827 3368 extrudi
1879 3326 2016 3369 iussit.

1221 3384 1408 3425 Astius
1456 3385 1604 3427 maluit
1655 3384 1785 3426 verba
1831 3383 1940 3427 hunc
1976 3383 2016 3424 in

1226 3440 1399 3484 modum
1433 3441 1610 3495 corrigi:
1653 3443 1804 3495 μηκέτι
1835 3443 1884 3484 τὸ
1917 3440 2012 3496 παρ’
