2158 3718
1754 63 1755 66 Ὺ
1803 103 1900 157 187

815 103 1075 148 PHAEno
1108 119 1152 161 p.
1175 107 1245 148 84.
1294 72 1298 75 ’

148 251 204 302 εἴ
239 266 304 316 γε
341 246 411 317 δή
445 265 526 309 τις
563 243 703 299 αὐτὰ
738 245 926 314 μέλλει
972 246 1176 307 ἱκανῶς
1223 245 1497 309 διεξιέναι.
1575 245 1625 297 εἰ
1658 245 1761 314 μὲν
1798 238 1904 297 οὖν

145 351 198 385 τι
236 330 372 385 ἄλλο
411 335 780 398 σκοπεῖσθον,
819 327 989 383 οὐδὲν
1026 331 1193 398 λέγω·
1255 330 1305 382 εἰ
1340 329 1404 383 δέ
1435 349 1488 383 τι
1524 329 1652 400 περὶ
1687 328 1904 382 τούτων

145 414 461 487 ἀπορεῖτον,
499 415 674 485 μηδὲν
700 412 1049 484 ἄποκνήσητε
1085 416 1178 468 καὶ
1215 412 1376 487 αὐτοὶ
1415 416 1592 468 εἰπεῖν
1629 416 1722 468 καὶ
1760 413 1904 477 διεξ-
1926 424 1959 463 D

147 503 366 570 ελθεῑν,
415 504 471 554 εἴ
513 517 589 570 πῃ
627 499 764 570 ὑμῖν
801 502 1059 569 φαίνεται
1094 500 1316 569 βέλτιον
1353 503 1649 569 λεχθῆναι,
1698 499 1791 552 καὶ
1829 492 1905 552 αὖ

146 586 240 639 καὶ
285 584 380 654 ἐμὲ
426 585 907 655 ξυμπαραλαβεῖν,
958 589 1012 638 εἴ
1040 605 1092 639 τι
1129 587 1343 655 μᾶλλον
1380 588 1571 638 οἴεσθε
1607 581 1724 654 μετ’
1766 585 1904 653 ε’μού

145 668 496 739 εὐπορήσειν.
547 671 658 722 Καὶ
696 669 725 723 ὁ
752 672 992 771 Σιμμίας
1015 672 1171 774 ἔφη,
1202 671 1312 723 Καὶ
1349 669 1478 740 μήν,
1517 662 1562 722 ὦ
1587 667 1903 738 Σώκρατες,

142 751 360 824 ταληθῆ
399 768 488 808 σοι
527 756 655 825 ε’ρω.
709 755 882 826 πάλαι
916 754 1024 826 γὰρ
1048 753 1208 826 ἡμων
1246 754 1502 825 ἑκάτερος
1539 751 1767 824 ἀπορῶν
1805 751 1904 806 τὸν

141 840 335 919 ἕτερον
381 846 637 910 προωθεῖ
678 841 771 893 καὶ
818 840 1035 893 κελεύει
1082 839 1312 910 ἐρέσθαι
1359 837 1451 893 δια
1495 838 1556 893 τὸ
1607 840 1906 908 επιθυμειν

141 945 245 995 μεν
282 924 543 994 οἰκοῦσαι,
583 923 772 978 ὀκνειν
810 924 872 978 δε
909 922 1078 993 ὄχλον
1116 925 1394 995 παρέχειν,
1433 925 1508 994 μή
1545 938 1634 977 σοι
1670 922 1834 993 ἀηδες
1868 915 1910 994 ᾗ

143 1007 236 1064 δια
271 1008 375 1079 τὴν
411 1013 706 1080 παροῦσαν
756 1009 1067 1079 ξυμφοράν.
1143 1009 1255 1061 Καὶ
1292 1007 1353 1071 ὃς
1397 1007 1640 1071 ἀκούσας
1679 1007 1910 1075 ἐγέλασέ

139 1113 201 1162 τε
235 1093 412 1165 ἠρέμα
447 1096 546 1147 καί
578 1107 742 1163 φησι,
790 1095 999 1162 Βαβαί,
1049 1085 1095 1146 αἶ
1132 1096 1367 1163 Σιμμία·
1434 1085 1470 1162 ἦ
1506 1111 1617 1146 που
1655 1094 1906 1161 χαλεπῶς

141 1177 213 1232 ἂν
256 1175 389 1241 τούς
435 1176 643 1242 ἄλλους
695 1181 944 1248 πείσαιμι
982 1176 1350 1248 ἀνθρώπους,
1390 1176 1464 1240 ὥς
1501 1176 1569 1230 οὐ
1607 1174 1956 1247 ξυμφοράνΕ

138 1262 382 1334 ἡγοῦμαι
418 1262 521 1333 τὴν
558 1266 854 1334 παροῦσαν
890 1264 1083 1333 τύχην,
1123 1262 1214 1317 ὅτε
1239 1284 1303 1332 γε
1327 1261 1458 1333 μηδ’
1484 1259 1628 1332 ὑμᾶς
1661 1261 1905 1332 δύναμαι

140 1351 390 1418 πείθειν,
438 1346 579 1403 ἄλλα
617 1351 918 1419 φοβεῖσθε,
965 1347 1037 1419 μὴ
1078 1348 1495 1419 δυςκολεότερόν
1545 1368 1597 1401 τι
1634 1352 1743 1400 νῦν
1782 1347 1904 1401 διά-

138 1511 354 1550 revocavit
365 1505 616 1575 λέγεσθαι.
648 1508 708 1548 De
730 1508 947 1562 particulis
967 1506 1068 1562 μῶν
1087 1501 1153 1563 μή
1165 1540 1176 1562 ,
1202 1521 1306 1559 quas
1327 1507 1623 1561 Wyttenbaeh.
1646 1508 1689 1547 in
1715 1506 1818 1562 μῶν
1838 1521 1904 1562 πῃ

138 1571 344 1605 mutatum
363 1566 452 1617 ivit
476 1565 586 1606 conf.
609 1571 752 1606 annot.

254 1619 306 1664 εἰ
345 1618 406 1663 δέ
446 1622 523 1674 τι]
563 1623 691 1662 Editt.
725 1635 870 1662 omnes
902 1619 945 1663 εἰ
973 1618 1041 1664 δέ.
1083 1623 1262 1691 Restitui
1283 1636 1328 1662 τι
1358 1623 1496 1662 eVat.
1519 1623 1627 1664 Ven.
1650 1621 1826 1666 HF.101
1849 1622 1903 1662 di

138 1674 1304 1744 Ambr.1nBod1.e-xtsc'3fflTub.11abetsl‹35',u
1328 1679 1443 1719 unde
1462 1679 1680 1719 Heindolf.
1704 1678 1899 1718 eoniieie-

138 1737 211 1776 bat
232 1731 276 1777 εἰ
295 1728 343 1776 δ’
368 1731 435 1777 ἔτι
457 1749 517 1781 τι
555 1737 743 1777 Verbum
771 1728 970 1790 απορεῖν
997 1737 1054 1775 ita
1084 1749 1178 1776 eum
1208 1737 1449 1776 accusativo
1471 1736 1659 1775 iunctum
1678 1735 1904 1775 illustravit

137 1792 352 1835 Heindorf
376 1794 430 1832 ad
454 1793 606 1845 Cratyl.
628 1807 670 1846 p
695 1793 847 1834 4091).
890 1793 988 1835 Mox
1016 1793 1135 1833 Bodl.
1159 1806 1267 1847 api.
1292 1805 1348 1836 m.
1370 1793 1479 1836 Ven.
1501 1791 1547 1838 Ξ
1571 1793 1615 1832 in
1635 1805 1768 1845 marg.
1792 1793 1899 1832 Tub.

136 1851 246 1902 Aug.
270 1847 490 1891 διελθεῖν
512 1861 586 1902 pro
609 1848 884 1915 διεξελθεῖν
904 1851 1106 1902 probante
1127 1850 1266 1889 Herm.

247 1906 294 1946 E.
326 1905 594 1959 πείσαιμι
634 1899 1001 1961 ανθρώπους]
1045 1907 1094 1947 V.
1118 1899 1404 1956 ανθρώπους
1433 1904 1672 1959 πείσαιμι,
1704 1906 1817 1956 quod
1848 1918 1902 1944 ex

134 1962 326 2028 plurimis
355 1963 473 2004 libris
496 1971 716 2005 mutatum.
756 1963 986 2016 Vulgarem
1009 1964 1198 2004 ordinem
1220 1964 1340 2006 Turr.
1365 1970 1600 2005 servarunt
1641 1962 1783 2002 Herm.
1805 1975 1897 2002 voe.

114 2012 422 2085 ’··ανθρῶπους
443 2020 562 2059 uncis
585 2020 770 2060 seclusit.

248 2067 343 2117 ὅτε
363 2073 442 2130 γε]
470 2077 523 2116 V.
546 2067 634 2129 ότι,
664 2077 775 2128 quod
805 2085 1036 2117 correctum
1058 2090 1079 2116 e
1101 2075 1229 2119 Coisl.
1251 2077 1347 2116 Vat.
1369 2077 1476 2119 Tub.
1506 2076 1614 2117 Ven.
1637 2074 1684 2122 Ξ
1706 2076 1802 2117 Par.
1824 2074 1900 2116 OG

134 2133 240 2173 HIL
260 2133 661 2174 Vindobonensibus
684 2133 793 2176 Flor.
815 2146 839 2172 a
861 2135 918 2174 d
908 2146 922 2172 1
942 2146 984 2172 m
1005 2135 1114 2187 Aug.
1140 2133 1286 2176 Ambr.
1312 2133 1408 2174 Zitt.

136 2259 281 2299 nicht
303 2266 441 2299 etwa.
464 2272 504 2302 v.
525 2272 623 2300 ann.
648 2260 703 2300 ad
722 2258 822 2311 Lys.
834 2273 875 2313 p.
891 2261 972 2301 208

137 2316 182 2360 G.
212 2317 488 2358 Hermann.
510 2316 722 2383 adViger.
746 2330 789 2369 p.
808 2318 971 2368 789sq.

136 2372 239 2414 Cum
259 2373 302 2412 vi
322 2372 599 2426 praemissum
618 2367 732 2426 ὑμῖν
756 2379 819 2413 est
839 2386 889 2426 p1
894 2386 971 2438 op

136 2438 197 2470 ter
221 2429 502 2482 oppositionis
523 2430 754 2476 rationem
786 2428 886 2494 μῶν
906 2423 971 2484 μή

134 2494 273 2526 autem
303 2486 468 2525 mediae
498 2486 814 2538 interrogationi
843 2487 968 2526 inter-

133 2543 332 2596 positum,
356 2550 401 2581 ut
423 2542 482 2582 De
473 2543 610 2612 Rep.
632 2543 705 2584 VI.
727 2555 769 2595 p.
794 2543 940 2584 5050.

187 2599 237 2642 D.
275 2595 373 2639 καὶ
414 2612 584 2640 αυτοι
629 2595 869 2669 εἰπεςῗῖν]
898 2600 973 2640 His

134 2656 273 2695 verbis
304 2656 561 2708 respondent
588 2656 664 2696 illa
693 2652 776 2696 καὶ
806 2652 868 2697 αὐ
890 2653 971 2698 καὶ

133 2704 214 2779 ἔμε
239 2710 648 2779 ξυμπαραλαβεῖν.

190 2760 429 2821 ἐγέλασέ
451 2781 509 2809 τε
530 2761 714 2833 ᾔρέμα
735 2769 838 2811 καί
864 2783 971 2824 φη-

133 2823 204 2875 σι]
226 2825 310 2865 Hae
331 2826 567 2878 praesentis
586 2838 678 2865 curn
697 2827 852 2867 aoristo
871 2839 973 2867 eon-

132 2881 346 2920 iunctione
393 2881 494 2921 nihil
542 2882 821 2933 siequentius
886 2884 971 2925 vid.

132 2936 404 2976 Heindorf.
455 2938 509 2977 ad
557 2937 598 2978 h.
631 2939 657 2977 1.
703 2938 968 2983 Sohaefer.

132 2990 268 3034 Melet.
300 3005 341 3044 p.
367 2994 461 3033 116.
493 2993 704 3034 Porson.
737 2996 791 3035 ad
826 2997 969 3050 Eurip.

132 3049 233 3090 Hee.
271 3050 338 3088 21.
383 3048 491 3090 Med.
531 3051 654 3093 1138
698 3051 881 3092 Astius
918 3055 971 3094 ad

132 3105 311 3148 Phaedr.
334 3118 377 3158 p.
401 3105 497 3147 335.
533 3105 709 3149 Matth.
735 3108 775 3156 §.
799 3109 895 3149 504.

188 3149 221 3214 ἦ
268 3174 377 3202 που
426 3160 683 3226 χαλεπῶς
722 3161 793 3217 —]
843 3165 971 3206 Recte

134 3217 431 3283 Hesychius
473 3206 505 3270 ἦ
544 3230 637 3258 που
678 3219 972 3273 interpretatur

133 3267 280 3322 ὅντως
320 3287 440 3326 που,
482 3274 739 3314 wahrlieh
778 3278 885 3320 wol.
930 3292 968 3322 ν

136 3331 261 3383 Gorg.
294 3344 334 3384 p.
355 3306 511 3373 448’A.
549 3332 632 3372 469
654 3331 700 3370 B.
740 3332 847 3372 Euth
852 3335 971 3387 yp.hr

135 3399 177 3438 p.
197 3388 224 3426 4
246 3389 295 3429 A.
334 3387 431 3439 Lys.
463 3389 545 3428 207
568 3388 614 3430 D.
646 3387 897 3440 Euthydem.
929 3404 970 3443 p.

134 3444 215 3482 299
239 3444 288 3485 A.
320 3444 380 3482 De
402 3443 509 3496 Rep.
532 3444 586 3487 X.
610 3457 650 3496 p.
675 3445 756 3484 595
780 3445 823 3484 C.

1115 2261 1162 2303 E.
1173 2255 1234 2301 ὅτ
1245 2273 1266 2300 ε
1286 2275 1311 2313 γ
1325 2257 1366 2313 ε]
1379 2273 1552 2313 prorsus
1566 2259 1794 2313 respondet
1804 2259 1895 2302 Lat.

1059 2317 1496 2368 quandoquidem.
1531 2330 1569 2360 v.
1592 2317 1646 2357 ad
1666 2317 1833 2370 Protag.
1857 2329 1899 2370 p.

1113 2425 1184 2484 μὴ
1246 2428 1402 2478 δυςκ,
1461 2451 1512 2458 —-
1569 2423 1895 2484 διάκειμαι]

1058 2487 1329 2527 Heindorf.
1381 2493 1421 2526 et
1467 2488 1762 2527 Buttmann.
1825 2486 1896 2530 Gr,

1058 2544 1203 2597 Ampl.
1227 2542 1275 2587 T.
1305 2546 1340 2587 Ι.
1370 2556 1414 2596 p.
1436 2540 1519 2585 545
1542 2538 1793 2596 διάκειμαι
1823 2556 1898 2597 pro

1061 2601 1326 2641 coniunctivo
1367 2600 1535 2648 habent,
1598 2601 1717 2640 cuius
1758 2609 1897 2640 tamen

1059 2657 1221 2697 formae
1241 2664 1355 2698 certa
1378 2657 1572 2710 exempla
1594 2658 1759 2700 desunt.
1795 2657 1898 2697 Nam

1059 2714 1166 2753 infra
1230 2716 1315 2755 .93
1338 2715 1374 2753 A
1410 2727 1491 2754 non
1515 2722 1579 2753 est
1600 2714 1776 2754 dubium
1798 2715 1898 2766 quin

1060 2782 1318 2825 συγκεηται
1351 2783 1446 2811 eum
1475 2771 1591 2810 libris
1628 2770 1900 2812 scribendum

1061 2828 1129 2870 sit
1169 2828 1297 2891 Apud
1318 2829 1445 2868 Isocr.
1467 2836 1608 2868 autem
1630 2827 1692 2866 De
1712 2828 1894 2868 antidos.

1058 2885 1140 2925 259
1176 2876 1303 2932 ὅπως
1336 2874 1397 2926 ἂν
1432 2879 1570 2948 ὑμεῖς
1607 2881 1898 2952 σαφέστερον

1061 2934 1240 2988 εἰδότες
1271 2935 1359 2995 τὴν
1388 2934 1598 3007 δύναμιν
1629 2954 1789 2982 αυτων
1818 2954 1899 2982 ου-

1057 3011 1119 3037 τω
1136 2990 1392 3038 διάκεισθε
1408 2991 1524 3051 πρὸς
1543 2990 1768 3045 ἑκάστους
1785 3004 1898 3037 recte

1058 3054 1238 3096 Bekker.
1269 3055 1493 3106 legendum
1524 3062 1666 3094 censet
1702 3049 1898 3106 διακέη-

1057 3110 1164 3151 σθε.
1206 3112 1349 3162 Itaque
1371 3103 1620 3161 διάκειμαι
1641 3124 1736 3150 cum
1758 3111 1826 3150 Ho
1842 3123 1897 3149 o-

1056 3168 1314 3218 geveenio
1369 3167 1430 3206 De
1470 3176 1577 3219 part
1618 3180 1659 3219 p.
1703 3167 1785 3208 684
1828 3167 1894 3207 ed.

1059 3223 1229 3266 Selliitz.
1252 3224 1291 3263 Μ
1303 3223 1537 3263 atthiaeo
1558 3224 1625 3265 Gr.
1650 3225 1689 3273 §-
1710 3225 1804 3264 520.
1824 3235 1891 3265 an

1058 3281 1082 3319 2
1106 3287 1146 3318 et
1167 3281 1391 3321 Giasero
1414 3280 1641 3322 Adversas.
1651 3293 1710 3345 p.
1735 3283 1789 3321 39
1819 3291 1893 3332 pro

1058 3336 1282 3376 indicativo
1315 3337 1490 3388 accipio,
1523 3343 1568 3374 ut
1596 3331 1662 3389 μή
1684 3337 1739 3376 sit
1762 3348 1889 3376 num.

1058 3392 1201 3442 lysid.
1229 3406 1271 3445 p.
1295 3393 1376 3432 218
1398 3393 1430 3431 D
1462 3391 1723 3460 φοβοῦμαι,
1753 3385 1816 3445 μὴ
1840 3413 1890 3418 -

1059 3443 1215 3501 λόγοις
1236 3443 1468 3501 ψεύδεσιν
1499 3442 1891 3502 ἐντετυχήκαμεν,
