2158 3718
377 151 489 200 146

1005 145 1420 200 PLATONIS

383 292 526 350 εἶναι
567 290 632 349 τὸ
677 290 851 358 αὐτό,
906 291 1030 350 οἷον
1085 298 1142 348 ἐκ
1190 296 1487 367 παιδαρίου
1546 291 1577 348 ὁ
1634 289 1808 356 αὐτὸς
1860 294 2071 362 λέγεται

386 384 486 443 ἕως
521 373 596 433 ἂν
637 375 943 450 πρεσβύτης
985 381 1237 447 γένηται·
1282 369 1448 442 οὗτος
1489 383 1677 449 μέντοι
1705 375 1966 433 οὐδέποτε
1998 375 2070 431 τὰ

343 488 346 492 ’
394 458 540 517 αὐτὰ
592 465 736 533 ’ἔχων
794 468 852 515 ἐν
909 458 1062 531 αὐτῷ
1119 458 1269 531 ὅμως
1308 459 1338 516 ὁ
1385 460 1556 527 αὐτὸς
1599 464 1880 524 καλεῖται,
1926 458 2071 515 ἀλλὰ

395 552 517 610 νέος
558 546 643 601 άεὶ
687 544 1040 617 γιγνόμενος,
1098 544 1169 599 τά
1224 548 1279 599 δὲ
1324 543 1594 651 άπολὶὲύς,
1653 547 1743 599 καὶ
1787 541 1929 598 κατὰ
1975 546 2076 609 τὰς

305 635 349 684 Ε
397 634 589 702 τρίχας
630 632 724 684 καὶ
768 628 949 700 σάρκα
993 632 1084 684 καὶ
1128 628 1282 684 ὀστᾶ
1313 632 1407 684 καὶ
1450 629 1588 702 αἷμα
1629 633 1722 684 καὶ
1747 627 1968 699 ξύμπαν
2008 626 2074 685 τὸ

394 735 568 786 σωμα.
630 715 724 767 καὶ
773 711 849 783 μὴ
893 710 982 768 ὅτι
1037 711 1182 768 κατὰ
1241 710 1304 769 τὸ
1363 717 1551 785 σῶμα,
1609 710 1752 768 ἀλλὰ
1797 715 1890 767 καὶ
1934 709 2078 768 κατά

396 795 502 864 τὴν
561 794 747 872 ψυχὴν
804 802 857 852 οἱ
909 795 1141 869 τρόποι,
1198 794 1269 852 τὰ
1314 793 1473 864 ήθη,
1530 795 1708 863 δόξαι,
1764 801 2078 868 ἐπιθυμίαι,

396 880 629 948 ἡδοναί,
682 884 885 947 λῦπαι,
944 880 1147 958 φόβοι,
1204 878 1415 936 τούτων
1460 887 1663 936 ἕκαστα
1708 878 1966 938 οὐδέποτε
2004 878 2079 936 τὰ

399 963 546 1021 αὐτὰ
590 963 855 1039 πάρεστιν
898 964 1139 1037 ἑκάστῳ,
1181 962 1324 1021 ἀλλὰ
1370 963 1441 1020 τὰ
1485 969 1586 1038 μὲν
1628 968 1884 1036 γίγνεται,
1927 962 1998 1019 τὰ
2026 968 2084 1020 δὲ

400 1047 732 1106 ἀπόλλυται.
777 1048 920 1106 πολὺ
971 1054 1028 1106 δὲ
1069 1049 1283 1106 τούτων
1326 1048 1692 1122 ἀτοπώτερον
1729 1056 1820 1114 ἔτι,
1863 1045 1950 1104 ὅτι
1993 1051 2088 1104 καὶ

263 1146 370 1196 208
406 1139 467 1190 αὶ
507 1137 805 1206 ἐπιστῆμαι
842 1132 918 1206 μὴ
966 1133 1055 1190 ὅτι
1093 1140 1152 1190 αἱ
1193 1138 1294 1206 μὲν
1337 1138 1650 1204 γίγνονται,
1705 1139 1765 1189 αἱ
1810 1136 1866 1189 δὲ
1911 1131 2088 1188 ἀπόλ-

403 1222 602 1274 λυνται
642 1216 792 1289 ἡμῖν,
832 1222 925 1274 καὶ
967 1218 1232 1275 οὐδέποτε
1278 1224 1330 1274 οἱ
1374 1216 1538 1273 αὐτοί
1580 1225 1739 1288 ἐσμεν
1786 1215 1912 1273 οὐδὲ
1942 1213 2087 1272 κατά

403 1299 508 1367 τὰς
549 1300 868 1375 ἐπιστήμας,
914 1300 1058 1358 ἀλλὰ
1104 1305 1198 1358 καὶ
1242 1306 1343 1373 μία
1386 1301 1587 1369 ἑκάστη
1631 1304 1742 1357 τῶν
1781 1304 2092 1372 ἐπιστημῶν

402 1383 617 1442 ταύτὸν
657 1384 871 1458 πάσχει.
931 1384 981 1443 ὃψ
1003 1384 1112 1459 γὰρ
1156 1390 1399 1443 καλεῖται
1446 1389 1695 1458 μελετᾶν,
1738 1383 1811 1449 ὡς
1850 1383 2094 1453 ἐξιούσης

403 1474 519 1528 ἐστὶ
562 1472 663 1539 τῆς
704 1469 1034 1544 ἐπιστήμης·
1079 1468 1386 1544 λήθηγὰρ
1433 1468 1732 1542 ἐπιστήμης
1765 1470 1964 1538 ἔξοδος,
2001 1491 2096 1543 με-

521 1694 654 1746 ἕχων
683 1694 734 1734 ἐν
775 1691 972 1749 ἑαυτῶ]
1004 1691 1124 1733 mm&
1159 1691 1286 1734 Bodl.
1321 1691 1468 1733 Ambr.
1499 1694 1605 1746 Ang-
1626 1703 1668 1736 u.
1703 1691 1800 1734 Vat.
1816 1690 1859 1736 d.
1877 1703 1919 1738 n.
1939 1705 1982 1746 p.
2000 1705 2036 1734 r.
2055 1705 2094 1732 s.

405 1751 523 1794 Flor.
533 1765 572 1794 a.
589 1752 629 1794 b.
639 1764 675 1793 c.
686 1751 714 1792 i.
725 1763 767 1792 ιι.
829 1751 940 1792 Dein
971 1735 1136 1805 ὁμοίως
1166 1750 1265 1792 Par.
1277 1749 1380 1793 ΒΚ.
1405 1749 1498 1791 Vat.
1514 1763 1552 1804 p

522 1836 574 1879 Ε.
634 1834 770 1878 κατὰ
818 1834 918 1889 τὴν
969 1834 1150 1891 ψυχὴν
1198 1836 1247 1877 οἱ
1298 1832 1527 1891 τρόποι]
1578 1831 1711 1875 τόποι
1749 1833 1878 1879 Bodl.
1916 1834 2009 1878 Vnt.
2042 1831 2095 1877 A.

403 1897 516 1950 Ang.
545 1908 597 1937 w.

516 1977 876 2034 ἀτοπώτερον
905 1980 1018 2035 ἔτι]
1050 1979 1140 2020 Pro
1172 1979 1252 2030 ἔτι,
1282 1978 1396 2032 quod
1428 1977 1554 2019 Bodl.
1591 1976 1684 2020 Vat.
1706 1975 1758 2017 Δ.
1792 1975 1969 2021 Vind.2.
1992 1976 2094 2018 Par.

401 2038 504 2081 ΒΚ.
538 2038 850 2094 praebuerunt,
882 2041 983 2078 ante
1017 2036 1265 2078 Bekkerum
1296 2037 1567 2113 scribebatur
1596 2036 1695 2075 ἔστι.

407 2179 583 2222 denuo
643 2178 998 2228 iuvenescat‚
1073 2177 1209 2220 aliis

405 2237 667 2291 privetur
697 2241 752 2278 et
781 2236 1036 2278 orbetur.
1102 2235 1209 2288 Ver—

405 2296 560 2336 borum
602 2295 858 2335 sententiam
898 2306 975 2347 per
1006 2306 1054 2336 se
1085 2293 1209 2335 mini-

405 2365 476 2394 me
515 2352 744 2393 obscuram
788 2352 1021 2405 paullulum
1069 2349 1208 2404 impe—

406 2409 540 2452 ditam
572 2408 715 2451 reddit
746 2413 990 2450 structurae
1020 2408 1208 2450 insolen-

404 2468 475 2511 tia.
543 2466 690 2510 Quum
729 2467 841 2508 enim
883 2470 982 2519 post
1025 2463 1211 2518 πρεσβύ-

404 2540 482 2576 της
494 2528 667 2578 γένηται
683 2524 831 2565 subiici
850 2522 1059 2565 deberent
1080 2522 1212 2565 llaec:

404 2580 523 2635 ὅμως
563 2580 773 2622 ουδέποτε
812 2597 866 2621 τα
908 2579 1022 2620 αὕτα
1053 2582 1138 2631 ἔχει
1166 2582 1210 2621 ἐν

403 2638 552 2694 αὐτῷ,
593 2637 698 2679 αλλὰ
731 2637 784 2679 τὰ
817 2640 893 2691 μὲν
923 2637 991 2678 αεὶ
1018 2641 1110 2683 νέος
1141 2639 1207 2691 yl-

401 2707 582 2749 γνεται,
597 2693 650 2736 τὰ
674 2695 718 2736 δὲ
736 2693 968 2745 ἀπόλλυσι,
999 2707 1109 2747 quae
1139 2707 1210 2735 re-

402 2752 616 2793 ferrentur
657 2751 711 2793 ad
750 2751 998 2804 primariam
1034 2755 1208 2791 senten-

403 2810 489 2850 tiae
518 2813 709 2862 partem:
748 2808 935 2849 Diotima
961 2807 1015 2847 ab
1036 2805 1209 2847 inchoa-

402 2870 450 2907 to
482 2865 688 2908 orationis
729 2869 881 2905 tenore
921 2864 984 2904 sic
1015 2862 1207 2914 deflexit,

403 2927 453 2965 ut
481 2923 645 2975 reliqua
674 2922 817 2963 omnia
836 2919 888 2961 ad
911 2933 1005 2962 eam
1032 2933 1208 2962 accom-

401 2980 588 3022 modarit
655 2979 907 3033 particulam
985 2977 1206 3030 enuntiati,

401 3051 510 3092 quae
552 3037 742 3079 continet
783 3035 968 3088 exempli
1017 3036 1077 3079 rei
1117 3036 1205 3078 cla-

403 3096 492 3137 rius
522 3093 805 3138 illustrandae
839 3093 979 3147 gratia
1009 3094 1204 3146 interpo—

404 3154 474 3194 siti
513 3151 984 3194 commemorationem.
1053 3151 1204 3204 ltaque

400 3210 498 3252 nihil
550 3211 591 3251 in
620 3209 704 3251 liis
747 3208 998 3250 mutandum
1050 3221 1203 3249 cense-

400 3281 512 3310 mus.
544 3268 696 3321 Neque
718 3266 847 3309 etiam
868 3265 1066 3316 offendit,
1088 3264 1202 3318 quod

400 3324 454 3365 τὰ
492 3326 541 3368 δὲ
556 3323 750 3371 &nonde
774 3323 933 3366 dictum
963 3329 1045 3374 est,
1075 3336 1207 3376 quum-

404 3395 486 3423 non
534 3381 767 3436 praecedat
816 3379 868 3421 τὰ
933 3381 1019 3432 μέν.
1094 3380 1202 3421 Nam

1293 2175 1398 2218 ἀλλὰ
1438 2179 1528 2221 νέος
1568 2174 1637 2216 ἆει
1677 2173 1932 2244 γιγνόμενος
1978 2176 2095 2219 idem

1295 2239 1364 2276 est
1400 2234 1516 2289 quod
1555 2230 1659 2273 αλλὰ
1702 2231 1754 2274 τὰ
1791 2233 1868 2287 μὲν
1916 2236 2004 2281 νέος
2031 2233 2098 2275 ἀεὶ

1293 2308 1353 2346 y„
1383 2291 1667 2334 usitatissimo
1697 2290 1899 2349 loquendi
1920 2304 2096 2344 genere,

1295 2349 1350 2392 de
1378 2348 1463 2403 quo
1494 2363 1534 2393 v,
1563 2340 1859 2390 Heindorf.
1883 2347 1936 2389 ad
1959 2348 2096 2402 Gorg.

1294 2406 1428 2462 p31.
1461 2406 1515 2450 ad
1540 2405 1719 2448 Theaet
1754 2418 1794 2458 p.
1819 2403 1919 2448 421.
1950 2411 2099 2451 nostra

1294 2422 1348 2507 ad
1382 2465 1558 2519 Protag.
1590 2477 1628 2516 p.
1651 2463 1748 2508 330.
1781 2464 1828 2504 A.
1863 2462 2007 2517 Remp
1981 2476 2022 2517 p.
2045 2463 2094 2505 V.

1294 2536 1337 2576 p.
1358 2521 1455 2565 451.
1485 2522 1533 2563 Ε.
1569 2519 1845 2562 Sebaefer.
1873 2519 1926 2561 ad
1963 2520 2096 2562 Lam-

1295 2582 1402 2621 bert.
1448 2579 1549 2620 Bos
1597 2591 1638 2631 p.
1659 2577 1754 2620 329
1805 2577 2094 2620 Hermann

1295 2637 1350 2679 ad
1369 2637 1513 2690 Viger.
1536 2649 1578 2688 p
1601 2634 1700 2678 699.
1745 2633 1946 2675 Ceterum
1968 2632 2095 2676 baec·

1293 2693 1399 2733 αλλὰ
1422 2669 1533 2740 Ὀνέος
1572 2690 1639 2731 αεὶ
1668 2707 1709 2744 γ.
1743 2713 1796 2720 -
1827 2689 1898 2730 καὶ
1926 2689 2097 2744 ξιὶμπαν

1293 2749 1343 2790 τὸ
1377 2749 1497 2802 σῶμα
1537 2749 1734 2802 opposita
1776 2752 1876 2788 sunt
1916 2761 2096 2801 praece-

1293 2806 1493 2848 dentibus
1515 2806 1621 2849 illis·
1655 2803 1863 2846 οὐδέποτε
1894 2803 1946 2845 τὰ
1979 2804 2093 2846 αὐτὰ

1290 2866 1393 2916 ἔχων
1424 2865 1466 2903 ἐν
1495 2861 1612 2918 αὑτῷ
1617 2895 1629 2915 ,
1662 2868 1711 2904 ut
1741 2862 1869 2904 etiam
1903 2860 1946 2903 in
1976 2863 2088 2904 clau-

1292 2923 1384 2963 sula
1414 2920 1514 2975 poni
1538 2921 1756 2974 potuerint
1787 2920 1940 2961 verba.
1975 2918 2094 2973 ὅμως

1292 2998 1313 3019 ο
1361 2977 1469 3019 αὐτο
1449 2995 1496 3026 υς
1534 2978 1753 3028 καλεῖται,
1803 2989 1912 3030 quae
1951 2982 2095 3019 tamen

1292 3049 1369 3078 cur
1398 3050 1466 3088 eo,
1498 3048 1589 3089 quo
1619 3047 1730 3076 nunc
1751 3035 1966 3088 leguntur,
1998 3036 2095 3077 loco

1291 3095 1376 3136 sint
1411 3094 1648 3148 collocata,
1700 3103 1828 3133 nemo
1876 3092 1958 3133 erit
1992 3093 2094 3145 quin

1291 3164 1464 3194 causam
1526 3155 1570 3193 et
1629 3150 1838 3207 rationem
1894 3149 2096 3193 facillime

1291 3208 1526 3264 perspiciat
1579 3208 1644 3248 De
1673 3207 1746 3246 ἰν(
1734 3210 1784 3261 ᾡ,
1814 3206 2091 3260 quamdiu,

1292 3280 1334 3309 v.
1364 3279 1490 3322 supra
1522 3263 1677 3320 p.185.
1704 3264 1758 3307 D.

1347 3379 1400 3420 Ε.
1433 3378 1501 3431 μὴ
1537 3376 1625 3419 δ’τι
1655 3375 1793 3418 κατὰ
1827 3375 1889 3418 τὸ
1919 3377 2087 3433 σῶμα]
