2158 3718
366 206 467 260 134
965 200 1444 255 PLATONIS

365 354 565 407 πολλοὶ
612 355 914 415 ἐνταυθοῖ,
959 346 1056 412 οὓς
1099 346 1199 417 ἐγώ
1247 345 1373 420 ὁρῶ,
1420 352 1644 421 πρῶτον
1687 349 1789 416 μὲν
1839 347 2056 415 Κρίτων

368 433 587 500 οὑτοσί,
657 434 787 505 ἐμὸς
842 431 1133 500 ἡλικιώτης
1190 435 1281 486 καὶ
1339 433 1609 504 δημότης,
1668 426 2058 502 Κριτοβούλου

278 521 329 575 Ε
367 522 527 575 τοῦδε
572 517 789 589 πατήρ·
835 522 1020 573 ἔπειτα
1046 520 1334 580 Λυσανίας
1371 514 1400 572 ὁ
1435 515 1747 592 Σφήττιος,
1790 517 2059 586 Αἰσχίνου

369 606 530 660 τοῦδε
573 603 792 671 πατήρ·
839 606 920 656 ἔτι
960 599 1234 673 Ἀντιφῶν
1282 599 1310 655 ὁ
1341 598 1644 676 Κηφισιεὺς
1671 599 1874 664 οὑτοσί,
1913 598 2061 652 Ἐπι-

367 697 558 756 γένους
599 687 804 755 πατήρ.
848 685 1007 740 ἄλλοι
1053 689 1242 739 τοίνυν
1289 678 1461 747 οὗτοι,
1506 678 1583 739 ὧν
1629 690 1683 740 οἱ
1727 684 1959 758 ἀδελφοὶ
2005 689 2062 736 ἐν

368 771 543 848 ταύτῃ
587 774 653 847 τῇ
698 772 954 846 διατριβῇ
1000 769 1274 838 γεγόνασι,
1319 769 1721 838 Νικόστρατος,
1763 767 1792 823 ὁ
1833 770 2062 831 &0960-

369 859 556 919 τίδου,
602 853 845 928 ἀδελφὸς
893 854 1170 909 Θεοδότου
1203 887 1285 893 —-—
1317 857 1409 908 καὶ
1453 850 1482 907 ὁ
1527 856 1627 924 μὲν
1674 851 2063 918 τετελεύτηκεν,

368 939 501 1005 ὥςτε
549 936 649 994 οὐκ
694 937 766 993 ἂν
809 937 1017 1002 ἐκεῖνός
1066 960 1123 1004 γε
1169 935 1347 994 αὐτοῦ
1395 941 1773 1003 καταδεηθείη
1818 969 1930 1000 --,
1974 939 2065 989 καὶ

483 1132 535 1172 Ε.
594 1131 869 1182 Αἰσχίνου
909 1132 1074 1171 τοῦδε
1121 1131 1330 1185 πατήρ]
1373 1132 1420 1172 V.
1465 1129 1650 1182 τούτου,
1690 1128 1835 1169 invitis
1874 1128 1986 1170 Ven.
2025 1128 2066 1167 b.

370 1191 471 1231 Par.
506 1189 656 1232 DS'I'.
694 1189 788 1229 Vat.
823 1189 950 1232 Vind.
983 1190 1024 1232 1.
1055 1190 1097 1234 4.
1129 1191 1170 1234 6.
1205 1190 1321 1231 Flor.
1356 1190 1396 1230 d.
1432 1204 1468 1231 e.
1503 1203 1545 1242 g.
1579 1188 1616 1230 Ιι.
1649 1194 1693 1228 et
1726 1186 1853 1228 Bodl.
1884 1198 1996 1226 corr.

484 1249 563 1287 ἔτι
601 1245 859 1300 Ἀντιφῶν
900 1245 923 1286 ὁ
968 1248 1148 1300 Κηφ.]
1186 1248 1233 1288 V.
1261 1250 1325 1288 ln
1357 1246 1398 1287 δ’
1429 1245 1590 1290 'Ava-

1624 1244 1739 1298 quod
1773 1243 1902 1284 miror
1937 1244 1970 1283 Β
1985 1243 2069 1284 ek-

371 1307 555 1346 kerum
587 1304 851 1355 servavisse,
882 1317 1010 1356 quum
1049 1306 1174 1346 Bodl.
1215 1306 1310 1349 Vat.
1345 1304 1449 1347 Ven.
1480 1305 1520 1347 b.
1558 1303 1690 1346 vind.
1720 1302 1760 1345 1.
1791 1300 1834 1344 4.
1869 1301 1910 1345 6.
1950 1299 2069 1342 Flor.

372 1363 415 1406 d.
446 1377 488 1417 g.
523 1362 562 1403 h.
593 1363 695 1403 Par.
728 1361 825 1402 DS.
857 1362 970 1403 aliud
1000 1363 1099 1415 quid
1135 1363 1358 1406 suadeant.

489 1419 746 1472 Νικόστρ.
788 1417 811 1459 ὁ
859 1418 1256 1474 Θεοςδοῒίδου]
1301 1418 1456 1471 steph.
1500 1416 1524 1458 o‘
1561 1417 1786 1468 Ζωτίδου,
1827 1421 1876 1456 ut
1914 1423 1983 1456 est
2031 1415 2072 1455 in

373 1478 472 1520 Par.
511 1478 607 1519 BC.
642 1489 776 1529 marg.
813 1476 936 1518 Bodl.
967 1480 1077 1520 Ven.
1108 1478 1150 1519 b.
1183 1479 1284 1522 Par.
1318 1477 1465 1520 DST.
1513 1476 1617 1518 Ven.
1649 1475 1689 1518 1.
1725 1474 1764 1517 6.
1802 1472 1920 1516 Flor.
1953 1486 1995 1526 g.
2025 1473 2072 1513 h.

376 1535 649 1584 Θεοζωτίδου
676 1533 793 1587 quod
827 1534 1136 1580 Winckelm.
1171 1534 1487 1577 restituendum
1522 1537 1672 1576 censet
1691 1532 1824 1573 etiam
1847 1530 2073 1574 Demosth.

372 1595 414 1635 in
447 1594 622 1635 Midiam
655 1596 696 1646 ἓ.
725 1592 796 1635 59.
858 1591 959 1634 Fuit
989 1594 1121 1636 etiam
1152 1595 1225 1647 qui
1262 1591 1487 1643 Θεοζότου
1518 1592 1681 1634 mallet.

373 1733 606 1777 admodum
651 1739 852 1787 παρεῖναι
882 1737 943 1780 εἵς
974 1751 1070 1776 τινα
1100 1731 1178 1775 τό-

372 1808 454 1833 πον
495 1806 578 1834 non
619 1793 874 1845 simpliciter
914 1793 1069 1835 dicitur
1101 1804 1178 1846 pro

374 1855 575 1904 παρεῖναι
604 1851 645 1889 ἓν
677 1867 764 1890 τινι
794 1850 939 1904 τόπῳ,
982 1850 1059 1893 sed
1099 1863 1180 1903 po-

375 1909 461 1949 tius
495 1910 558 1950 sic
589 1914 836 1961 usurpatur,
867 1913 915 1949 ut
939 1909 1052 1950 duae
1082 1920 1180 1949 sen·

376 1966 540 2007 tentiae
572 1966 613 2007 in
644 1979 776 2008 unam
816 1967 937 2019 quasi
971 1964 1180 2008 confusae

378 2027 425 2064 et
461 2025 675 2066 conflatae
723 2023 940 2079 putandae
982 2025 1087 2075 sint,
1140 2022 1179 2066 h.

379 2095 418 2123 e.
446 2081 722 2134 utsignificet
752 2083 805 2123 in
838 2083 1074 2135 aliquem
1109 2081 1187 2122 lo-

380 2152 494 2181 cum
546 2139 780 2181 venisse
834 2140 1021 2192 ibique
1070 2151 1188 2180 ver-

380 2198 521 2248 sari3
566 2196 627 2238 ita
665 2210 719 2238 ne
759 2199 976 2238 ἐνταυθοῖ
1013 2196 1187 2250 quidem

383 2254 637 2308 simpliciter
665 2267 743 2308 pro
775 2256 978 2296 ἐνταῦθα
1006 2267 1187 2307 usurpa-

382 2319 472 2354 tum
506 2315 599 2361 est,
635 2312 712 2353 sed
745 2317 945 2366 παρεῖναι
974 2313 1191 2353 ἐνταυθοῖ

383 2371 595 2424 significat
654 2368 753 2410 liuc
813 2371 1036 2412 venisse
1089 2370 1188 2410 ibi-

384 2441 503 2481 que
535 2434 971 2480 praesentem
1018 2440 1187 2469 esse.

388 2486 602 2537 Exempla
637 2484 757 2528 huius
790 2486 990 2538 loquendi
1022 2485 1188 2525 formae

386 2541 727 2596 suppeditabunt
749 2542 1001 2584 Valcken.
1019 2542 1073 2582 ad
1095 2541 1190 2582 He-

386 2599 532 2642 rodot.
562 2600 602 2643 1.
623 2600 694 2642 21.
726 2600 862 2653 intpp.
888 2599 942 2640 ad
971 2598 1189 2640 Phaedon.

387 2672 429 2710 p.
468 2657 540 2700 57.
585 2660 632 2697 Α.
677 2658 909 2711 Protagor.
939 2671 979 2710 p.
1007 2656 1105 2700 310.
1140 2658 1190 2695 A·

386 2715 452 2756 De
483 2713 699 2755 ἐνταυθοῖ
733 2714 918 2757 diximus
950 2726 1087 2767 nuper
1117 2726 1191 2755 ex·

386 2772 589 2825 plicatius
621 2771 676 2812 ad
710 2772 820 2813 Phil.
856 2786 896 2826 p.
930 2770 1001 2815 15.
1035 2775 1084 2812 Α.

444 2829 663 2880 Κρίτων
730 2828 949 2882 οὑτοσί]
1023 2828 1191 2869 Crito

391 2893 460 2928 est
491 2887 554 2938 is,
599 2886 718 2927 cuins
757 2888 929 2928 nomine
963 2887 1191 2938 inscriptus

390 2949 458 2985 est
488 2943 642 2985 nobilis
664 2944 734 2985 ille
755 2944 952 2987 Platonis
980 2943 1194 2996 dialogus,

390 3000 446 3042 ad
476 3014 601 3053 quem
642 3002 762 3054 plura
801 3003 857 3043 ‹le
887 3014 940 3043 eo
972 3001 1196 3043 annotabi-

393 3070 503 3101 mus.
546 3058 711 3100 Dicitur
741 3060 937 3101 Socratis
970 3057 1196 3110 ἡλικιώτης

394 3129 429 3157 s.
461 3117 726 3168 aequalis,
761 3123 805 3159 et
834 3114 1053 3170 δημότης,
1087 3115 1127 3157 h.
1158 3129 1195 3157 e.

393 3186 447 3215 ex
482 3173 637 3216 codem
679 3187 790 3228 pago
841 3174 1078 3224 oriundus,
1125 3173 1195 3227 qui

394 3236 570 3273 vocatur
612 3227 854 3282 Ἀλωπεκῆ.
902 3245 940 3273 v.
986 3233 1195 3285 Harpo-

395 3290 595 3340 cratio‚
636 3289 956 3342 Hesychius
1001 3295 1045 3329 et
1072 3289 1197 3330 Ste-

395 3346 603 3401 phanus
638 3347 864 3400 Byzant.
896 3348 938 3388 in
963 3344 1197 3396 Ἀλωπεκῆ.

454 3403 505 3446 Ε.
565 3404 1198 3460 Avoavcaq]1.ysanias‚

399 3460 617 3506 Aeschinis
648 3461 859 3506 Socratici
895 3467 1045 3517 pater,
1091 3461 1200 3506 dici-

1265 1739 1336 1775 tur
1367 1732 1390 1774 0‘
1424 1732 1675 1787 Σφήττιος,
1711 1746 1735 1772 a
1767 1729 1889 1785 δήμῳ
1920 1733 2074 1785 Σφητ-

1264 1797 1345 1847 τῷ,
1386 1792 1455 1844 qui
1489 1791 1570 1832 fnit
1601 1791 1740 1843 δῆμος
1775 1791 1917 1844 φυλῆς
1943 1789 2073 1832 Ἀκα-

1264 1850 1489 1903 μαντίδος.
1522 1862 1560 1892 v.
1596 1849 1922 1901 Harpocrat.
1970 1847 2076 1889 He.-

1267 1907 1414 1963 sycli.
1448 1905 1707 1959 Steplian.
1740 1904 1779 1945 Ιι.
1812 1917 1852 1947 ν.
1885 1907 1950 1947 De
1980 1907 2078 1947 Ae-

1267 1964 1451 2006 schine
1483 1964 1711 2006 Socratico
1745 1975 1784 2005 v.
1818 1961 2002 2017 Diogen.
2022 1963 2076 2005 L.

1266 2023 1318 2065 ll.
1343 2023 1398 2067 66
1415 2035 1509 2075 sqq.
1543 2027 1587 2063 et
1610 2033 1723 2073 qnae
1750 2019 1805 2061 de
1825 2033 1878 2063 eo
1901 2022 2079 2074 collegit

1274 2079 1576 2122 Fischetus
1629 2077 1774 2120 Praef.
1820 2077 1876 2120 ad
1922 2078 2079 2120 Aescli.

1277 2139 1442 2190 Dialog.
1499 2143 1602 2179 tres.
1667 2135 1787 2189 Lips.
1843 2134 1972 2180 1786.
2024 2159 2080 2165 —-

1275 2194 1554 2248 Antiphon
1600 2198 1784 2235 vocatur
1814 2191 2081 2248 Κηφισιεύς,

1276 2267 1299 2295 e
1329 2251 1453 2307 δήμῳ
1487 2253 1672 2307 Κηφισῷ
1693 2284 1704 2303 ,
1733 2251 1804 2304 qui
1836 2252 1917 2292 fuit
1947 2252 2082 2306 φυλῆς

1271 2309 1552 2366 Ἐρεχθηΐδος
1601 2323 1641 2350 V.
1678 2310 2010 2363 Harpocrat.
2042 2309 2083 2349 in

1274 2367 1532 2422 Κηφισιειῖς.
1609 2366 1763 2420 Neque
1808 2380 1913 2408 vero
1975 2379 2083 2407 con-

1276 2425 1535 2467 fundendus.
1560 2430 1630 2468 est
1681 2437 1778 2465 cum
1825 2423 2084 2477 Antiplionte

1275 2483 1564 2534 Rhamnusia,
1596 2482 1650 2523 ‹le
1673 2494 1757 2534 quo
1789 2480 1917 2522 docta
1939 2486 2084 2522 exstat

1277 2541 1313 2580 Ι)
1327 2553 1351 2580 a
1364 2553 1402 2580 ν.
1427 2541 1470 2581 R
1484 2553 1510 2581 u
1522 2540 1544 2581 Ιι
1558 2541 1618 2581 uk
1629 2553 1651 2580 e
1663 2552 1688 2579 n
1702 2539 1737 2579 ii
1763 2538 2015 2592 disputatio.
2029 2562 2083 2567 —

1279 2597 1560 2650 Epigenes
1600 2611 1667 2650 ap.
1708 2594 1907 2650 Xenopli.
1950 2597 2084 2638 Mem.

1274 2655 1351 2698 IV.
1383 2655 1454 2698 12.
1497 2667 1593 2696 cum
1626 2654 1810 2695 Socrate
1850 2653 1906 2695 de
1936 2655 2083 2708 negle-

1277 2716 1348 2753 cto
1380 2713 1577 2765 corporis
1608 2713 1724 2752 cultu
1755 2709 1962 2765 disputat.

1335 2767 1492 2810 ἄλλοι
1549 2771 1737 2810 τοίνυν
1789 2763 1957 2810 οὗτοι
2002 2767 2083 2821 -]

1280 2826 1345 2868 Ad
1366 2826 1470 2868 haec
1506 2827 1900 2870 Heindorfius:
1934 2825 2086 2878 „Male

1277 2882 1513 2932 ἀσύνδετος
1545 2885 1770 2927 estol-atio
1793 2882 1932 2938 neque
1963 2896 2085 2924 com-

1280 2941 1454 2984 modum
1495 2949 1563 2984 est
1606 2942 1643 2986 li.
1688 2943 1714 2983 l.
1768 2941 1882 2983 istud
1923 2942 2084 2991 τοίνυν,

1282 3000 1482 3053 igitur,
1514 3008 1561 3043 ut
1591 3000 1824 3055 depravata
1857 2999 1960 3041 haec
1990 3011 2088 3039 ver-

1281 3058 1335 3098 ba
1366 3057 1618 3109 videantur,
1664 3058 1728 3099 sic
1769 3056 1955 3098 fortasse
1991 3069 2086 3097 cor-

1285 3115 1483 3167 rigenda:
1540 3116 1665 3156 ἅλλοι
1726 3129 1773 3160 τε
1824 3114 2085 3156 ἰνταυθοῖ.“

1278 3172 1374 3215 Non
1423 3175 1612 3216 debebat
1660 3172 1837 3214 haerere
1886 3172 1950 3213 vir
1996 3171 2088 3212 exi-

1280 3231 1403 3272 mius·
1471 3230 1726 3281 Sexcenties
1781 3230 1890 3271 enim
1927 3230 2087 3278 τοίνυν,

1282 3293 1330 3329 ut
1364 3288 1461 3331 Lat.
1496 3291 1598 3331 iam
1630 3299 1788 3337 vero,
1820 3299 1903 3328 non
1935 3285 2089 3327 συλλο-

1285 3353 1501 3400 γιστικῶς,
1532 3346 1609 3388 sed
1637 3345 1934 3402 μεταβατικῶς
1965 3342 2090 3397 poni·

1285 3408 1369 3447 tur.
1402 3417 1440 3445 v.
1477 3404 1530 3447 ud
1561 3404 1720 3456 Remp.
1752 3401 1884 3444 VIII.
1915 3414 1957 3455 p.
1987 3399 2088 3444 555.

1286 3466 1331 3504 et
1359 3461 1416 3506 X.
1449 3476 1491 3517 p.
1510 3461 1608 3508 603.
1637 3461 1683 3502 Β.
1713 3459 1894 3514 Protag.
1924 3471 1966 3513 p.
1986 3458 2087 3503 319-
