2158 3718
704 110 712 111 ἡ
763 119 765 122 ’
796 141 1055 186 ΡΗΑΕοο
1084 156 1131 200 p.
1163 143 1261 185 117.
1799 141 1904 194 303

30 284 42 297 ’“
116 305 186 340 τα
209 282 518 353 ἀναγκαῖα.
568 282 681 335 Καὶ
706 279 820 353 ἅμα
853 280 1140 352 δακρύσας
1172 280 1692 350 μεταστρεφόμενος
1717 277 1899 351 ἀπῄει.
1932 291 1967 331 D

119 370 232 424 Καὶ
278 367 308 423 6
348 366 655 436 Σωκράτης
702 364 1023 434 ἀναβλέψας
1067 362 1208 434 πρὸς
1243 363 1446 432 αὐτόν,
1484 364 1597 417 Καὶ
1633 364 1736 432 σύ,
1776 366 1904 434 ἔφη,

118 463 297 524 χαῖρε,
335 455 431 507 καὶ
465 449 623 521 ἡμεῖς
657 452 835 503 ταῦτα
871 450 1196 519 ποιήσομεν.
1271 449 1384 502 Καὶ
1419 447 1533 518 ἅμα
1569 446 1709 518 πρὸς
1745 446 1905 518 ἡμᾶς,

110 536 207 601 Ὡς
242 535 486 605 ἀστεῖος,
517 537 646 604 ἔφη,
685 532 715 588 6
754 532 1083 603 ἅνθρωπος·
1137 534 1231 586 καὶ
1267 531 1419 602 παρὰ
1456 533 1640 587 πάντα
1676 552 1771 602 μοι
1806 530 1906 585 τὸν

119 622 329 692 χρόνον
364 619 594 691 προςῄει
629 619 725 672 καὶ
762 619 1040 686 διελέγετο
1069 618 1250 672 ἐνίοτε
1287 618 1382 682 καὶ
1418 610 1490 687 ἦν
1529 615 1758 684 ἀνδρῶν
1796 619 1908 687 λῷ-

121 721 277 786 στος,
325 704 422 758 καὶ
470 707 583 757 νῦν
627 724 706 766 ως
751 705 1025 771 γενναίως
1073 722 1141 772 με
1188 700 1553 808 αποδακρύει.
1631 699 1755 755 αλλ’
1805 720 1907 769 αγε

120 790 196 859 δή
212 830 228 859 ,
279 809 321 842 ω
362 791 620 858 Κρίτων,
668 788 1002 858 πειθώμεθα
1040 785 1220 858 αὐτῷ,
1269 788 1364 840 και
1402 786 1684 855 ενεγκάτω
1723 805 1805 849 τις
1841 783 1903 838 τὸ

119 874 440 944 φάρμακον,
482 875 533 926 εἰ
567 872 877 941 τέτριπται·
922 873 974 926 εί
1008 872 1070 926 δε
1107 872 1202 942 μή,
1239 871 1488 942 τριψατω
1516 869 1545 926 6
1581 869 1903 941 ἄνθρωπος.

117 958 230 1012 Καὶ
279 955 308 1011 6
345 960 600 1026 Κρίτων,
645 956 791 1009 Ἀλλ’
840 953 1021 1026 οἶμαι,
1070 958 1206 1029 ἔφη,
1257 958 1458 1025 ἔγωγε,
1499 948 1546 1009 ὦ
1583 955 1902 1024 Σώκρατες,
1935 966 1968 1006 Ε

118 1045 200 1096 ἔτι
235 1041 399 1112 ἥλιον
439 1038 584 1095 εἶναι
624 1042 716 1094 ἐπὶ
752 1049 867 1104 τοῖς
904 1037 1062 1109 ὄρεσι
1099 1040 1194 1093 καὶ
1231 1038 1391 1094 οὔπω
1432 1040 1748 1093 δεδυκέναι.
1809 1039 1907 1092 καὶ

119 1125 232 1196 ἅμα
279 1124 388 1194 ἐγώ
438 1121 565 1179 οἴδα
606 1126 704 1178 ’καὶ
744 1123 951 1187 ἄλλους
988 1124 1140 1177 πάνυ
1179 1122 1283 1190 ὀψὲ
1320 1127 1619 1192 πίνοντας,
1678 1121 1908 1176 ἐπειδὰν

118 1212 498 1281 παραγγελθῇ,
547 1208 738 1272 αὐτοῖς
749 1251 765 1278 ,
822 1209 1232 1279 δειπνήσαντας
1287 1228 1347 1262 τε
1403 1209 1497 1262 καὶ
1552 1207 1786 1270 πιόντας
1842 1199 1908 1260 εὖ

120 1295 288 1366 μάλα,
327 1295 422 1348 καὶ
459 1294 905 1364 ξυγγενομένους
940 1293 997 1362 γ’
1039 1295 1228 1356 ἐνίους
1266 1285 1347 1346 οἷν
1386 1291 1458 1346 ἂν
1494 1292 1743 1361 τύχωσιν
1785 1291 1908 1345 ἑπι-

119 1382 458 1449 θυμοῦντες.
535 1377 673 1432 ἄλλα
714 1378 891 1448 μηδὲν
930 1379 1184 1447 ἐπείγου·
1228 1380 1309 1431 ε”τι
1345 1376 1454 1447 γὰρ
1495 1377 1745 1446 ἐγχωρεῖ,
1799 1376 1911 1427 Καὶ

121 1462 149 1517 6
201 1464 535 1534 Σωκράτης,
585 1463 834 1525 Εἰκότως
874 1461 952 1532 γ’,
1002 1465 1139 1532 ἔφη,
1189 1455 1235 1515 c3
1280 1464 1536 1531 Κρίτων,
1598 1461 1811 1514 ἐκεῖνοί
1851 1478 1911 1512 τε

122 1550 301 1618 ταῦτα
344 1549 636 1616 ποιοῦσιν,
691 1544 792 1610 οὓς
838 1545 910 1600 σύ
948 1548 1155 1616 λέγεις,
1203 1550 1419 1600 οἴονται
1463 1543 1572 1615 γὰρ
1612 1545 1911 1615 κερδανεῖν

123 1635 301 1706 ταῦτα
337 1631 699 1701 ποιήσαντες,
730 1633 824 1684 καὶ
862 1633 1038 1700 ἔγωγε
1074 1634 1252 1687 ταῦτα
1291 1629 1519 1692 εἰκότως
1556 1626 1626 1682 ού
1663 1628 1906 1697 ποιήσω·

123 1714 296 1770 οὐδὲν
339 1713 448 1785 γὰρ
495 1712 648 1785 οἶμαι
695 1716 1018 1786 κερδαίνειν
1065 1712 1259 1784 ὀλίγον
1306 1713 1548 1782 ὕστερον
1585 1710 1734 1766 πιών
1772 1710 1910 1765 ἄλλο
1930 1723 2010 1764 117

237 1873 287 1918 D.
321 1866 445 1915 ἄλλ’
468 1887 497 1913 α
509 1871 590 1928 γε]
617 1873 683 1915 Sic
707 1870 1652 1919 Bodl.Coisl.Vat.Ven.EVind.'1‘Par.G
1674 1870 1768 1912 Zitt.
1791 1870 1907 1909 Vett.

127 1931 246 1972 editt.
270 1922 393 1971 amo}
412 1942 481 1984 γε,
505 1931 617 1982 quod
637 1932 722 1970 iam
743 1932 967 1972 Foisterus
988 1930 1241 1970 mutandum
1263 1929 1384 1971 vidit.

237 2001 286 2041 E.
321 1993 411 2042 ἐπὶ
454 2002 574 2065 τοῖς
614 1992 791 2054 ὄρεσι]
840 1999 910 2041 Sic
936 2001 1032 2041 Bas.
1057 2002 1082 2039 2
1112 2006 1151 2039 et
1181 1999 1305 2040 codd.
1335 1998 1423 2038 fere
1445 2010 1606 2041 omnes.
1637 1996 1735 2040 Ald.
1766 1997 1864 2036 Bas.
1889 1997 1910 2035 1

127 2057 274 2111 Steph.
294 2050 350 2098 ἐν
371 2058 471 2104 τοῖς
493 2048 637 2109 ὄρεσι.

240 2115 314 2168 ὧν
337 2139 403 2167 αν
412 2119 690 2190 τύχωσιν]
713 2117 776 2168 ἄν
779 2138 1016 2193 perperam
1040 2138 1124 2167 om.
1147 2125 1270 2167 Bodl
1293 2124 1401 2166 Ven.
1417 2122 1519 2170 ΞΠ
1535 2123 1664 2165 Vind.
1693 2123 1735 2163 ‘1‘
1760 2123 1854 2161 Zitt.

242 2173 342 2231 οὓς
364 2175 429 2222 σὺ
453 2181 658 2236 λέγεις]
683 2183 735 2223 V.
759 2172 789 2222 ἃ
812 2176 870 2223 σὺ
893 2179 1058 2237 λέγεις,
1082 2183 1195 2234 quod
1215 2186 1358 2221 tuetur
1377 2181 1472 2220 Pau.
1497 2181 1542 2219 E.

243 2249 431 2293 ταῦτα
454 2244 711 2304 εἰκότως]
735 2253 789 2294 V
818 2247 1009 2301 εἰκότως
1040 2250 1193 2293 ταῦτα
1221 2251 1365 2291 invitis
1389 2250 1506 2290 libris
1528 2249 1648 2291 Bodl.
1669 2247 1795 2289 Coisl.
1814 2249 1914 2290 Vat.

126 2306 623 2355 Ven...,Hde‘1‘d⁵
645 2306 747 2350 Par.
771 2307 935 2349 GFlor.
960 2310 987 2349 d
1018 2310 1111 2349 Zitt.
1152 2308 1260 2348 Dein
1288 2306 1410 2349 Bodl.
1433 2305 1769 2371 superscriptum
1788 2304 1916 2344 habet

128 2363 400 2417 κερδανεῖν,
443 2365 555 2429 quod
592 2364 816 2404 ediderunt
843 2365 1095 2405 Tiuicenses
1132 2370 1172 2404 et
1200 2365 1345 2407 Herm.
1386 2362 1467 2403 Pro
1503 2356 1627 2403 πιών
1657 2359 1786 2403 Coisl.
1814 2361 1911 2400 Vat.

127 2422 222 2462 Par.
247 2421 280 2462 G
310 2421 419 2463 Flor.
443 2421 470 2460 d
499 2432 668 2462 απιων.
708 2419 830 2464 Bodl.
851 2421 960 2465 Ven.
983 2421 1034 2462 H
1058 2422 1151 2462 Par.
1178 2421 1208 2462 C
1236 2417 1402 2468 ποιῶν,
1432 2419 1545 2471 quod
1567 2423 1705 2458 tamen
1729 2417 1773 2456 in
1794 2416 1913 2459 Bodl.

129 2477 1528 2518 emendatum..

54 2615 55 2618 ’
130 2617 364 2658 Elmslei.
389 2616 444 2656 ad
463 2616 563 2659 Eur.
585 2617 696 2660 Med
714 2618 836 2658 1024
862 2618 981 2658 Bor-

132 2685 375 2713 nemann.
397 2673 450 2712 ad
471 2673 580 2716 Xen
594 2674 895 2738 Anab.V11.7,
912 2675 980 2718 17.

188 2729 239 2769 D.
259 2726 356 2770 καὶ
378 2725 528 2781 παρὰ
552 2742 743 2772 παντα
753 2743 859 2794 μοι
881 2706 983 2772 τὸν

133 2778 361 2839 χρόνον]
402 2785 519 2826 Solet
547 2786 605 2826 ita
633 2799 763 2839 παρα
792 2787 845 2826 de
872 2794 979 2826 tem-

131 2853 252 2895 pore,
293 2842 407 2892 quod
446 2841 575 2894 vulgo
613 2855 870 2895 praesens
910 2849 982 2883 aut

135 2897 330 2937 durans
372 2897 529 2949 dicunt,
573 2900 827 2952 saepissime
856 2912 983 2940 usur—

133 2953 241 3050 pari.
272 2953 383 2995 Xen.
405 2952 528 2993 Mem.
553 2955 604 2998 II
632 2957 670 3005 1,
695 2948 871 3007 2παρὰ
894 2950 984 3009 τὴν

194 3007 324 3050 είνου
365 3001 531 3073 ἀρχήν,
572 3012 670 3051 sub
709 3011 860 3052 illius
888 3013 983 3051 im-

134 3065 308 3119 perio,
338 3064 428 3103 illo
470 3077 633 3117 lmpe1
644 3074 780 3109 ante
823 3066 986 3108 Sensus

133 3121 203 3161 hio
234 3128 318 3161 est=
349 3133 442 3174 per
469 3127 611 3161 totos
641 3121 741 3162 hos
762 3124 987 3175 triginta

137 3177 275 3230 dies,
320 3189 448 3227 quos
478 3178 528 3216 in
562 3189 775 3218 carcere
810 3185 983 3220 trans-

140 3234 244 3286 egi,
274 3245 350 3272 me
378 3233 648 3274 invisebat
688 3235 983 3275 interdum-

137 3290 942 3354 quemecumconfabulabatui.

196 3339 456 3398 τριψάτω
490 3339 514 3386 6
545 3338 872 3399 ἄνθρωπος]
915 3347 986 3388 Sic

139 3393 397 3454 ἅνθρωπος
436 3402 526 3442 fele
557 3404 608 3443 de
636 3403 807 3443 homine
838 3404 910 3443 vili
947 3412 988 3444 et

139 3464 348 3499 contemto
373 3459 538 3508 dicitur,
569 3467 615 3500 ut
636 3458 702 3499 hic
724 3459 775 3500 de
795 3461 985 3501 ministro

1069 2626 1109 2656 et
1156 2618 1396 2670 apparitore
1445 2615 1834 2657 undecimvirorum
1875 2620 1915 2652 et

1066 2674 1210 2727 paullo
1232 2680 1329 2726 post
1350 2674 1404 2714 de
1432 2672 1643 2715 carnifice.
1686 2670 1917 2710 'terebatur

1067 2738 1210 2771 autem
1232 2743 1376 2770 semen
1400 2730 1573 2779 cicutae,
1597 2734 1643 2768 ut
1665 2739 1816 2768 succus
1841 2738 1916 2766 ex-

1068 2786 1332 2882 priEmeretur.
1375 2787 1480 2826 Plin.
1507 2785 1556 2825 H.
1581 2785 1631 2824 N.
1654 2784 1793 2826 XXV
1819 2783 1885 2823 13.

1125 2840 1301 2886 Ε.καὶ
1325 2840 1501 2897 ξυγγ]
1533 2842 1663 2882 Recte
1686 2837 1916 2892 Stepha—

1069 2911 1186 2939 nus:
1249 2906 1296 2939 et
1355 2899 1562 2951 quidem
1626 2893 1915 2937 nonnullos

1073 2956 1186 2995 suis
1209 2957 1476 2995 amoiibus
1497 2955 1715 3014 potitos.

1130 3005 1307 3053 ούδεν
1346 3005 1452 3066 γὰρ
1480 3013 1642 3063 οἶμαι
1679 3004 1917 3060 κερδαί-

1073 3067 1214 3120 νειν]
1254 3068 1316 3108 De
1346 3068 1539 3107 infinitivi
1568 3064 1805 3119 praesentis
1834 3074 1915 3100 usu

1072 3136 1111 3163 v.
1142 3125 1197 3164 ad
1228 3122 1384 3165 Criton.
1416 3137 1460 3177 p.
1489 3125 1542 3164 52
1567 3123 1610 3162 C.
1652 3122 1711 3161 De
1742 3132 1786 3158 1e
1821 3119 1916 3169 ipsa

1072 3186 1213 3219 autem
1255 3194 1296 3222 v.
1339 3181 1541 3221 Antonin.
1583 3179 1651 3219 IV.
1681 3178 1748 3240 47,
1775 3174 1918 3224 ibique

1073 3234 1314 3279 Gataker.
1355 3236 1453 3276 Mox
1475 3236 1603 3275 veiha
1632 3245 1728 3284 παρ
1735 3224 1916 3283 ’-ἐμαυ

1070 3291 1134 3348 τῷ
1176 3305 1229 3332 ne
1270 3294 1406 3333 otiosa
1446 3304 1540 3331 esse
1579 3296 1726 3354 putes,
1773 3286 1917 3326 addita

1071 3337 1168 3388 si'int
1198 3349 1281 3396 illa,
1314 3361 1395 3399 quo
1426 3347 1662 3387 accuratius
1692 3343 1917 3384 definiatur

1071 3406 1281 3446 sententia
1302 3404 1506 3445 formulae
1528 3396 1698 3455 ὄφλειν
1720 3394 1914 3463 γέλωτα,

1073 3473 1199 3512 quam
1250 3468 1416 3503 constat
1465 3458 1705 3512 significare
1756 3456 1915 3494 risum
