2158 3718
764 156 766 161 ’
835 168 1093 213 ΡΗΑΕΒΟ
1126 183 1169 225 p.
1193 171 1261 210 61.
1304 163 1308 166 “
1856 168 1924 220 95

155 314 276 364 λειν
324 308 376 363 δ’
425 309 497 363 ἂν
543 312 619 380 τῷ
665 307 1087 377 ἀποθνήσκοντι
1140 305 1240 361 τὸν
1296 306 1616 376 φιλόσοφον
1659 307 1923 371 ἕπεσθαι;

163 398 233 448 Τί
266 395 377 464 δαί,
417 387 463 448 ὦ
496 395 702 463 Κέβης;
742 390 848 446 οὐκ
886 390 1159 462 ἀκηκόατε
1196 391 1268 445 σύ
1305 410 1364 444 τε
1401 393 1494 444 καὶ
1520 395 1762 461 Σιμμίας
1798 391 1927 460 περὶ

154 482 269 532 τῶν
304 479 575 532 τοιούτων
616 479 876 548 Φιλολάῳ
915 476 1340 545 συγγεγονότεςς
1393 473 1578 529 Οὐδέν
1623 496 1687 544 γε
1734 476 1926 545 σαφές,

156 556 202 616 οἷ
214 582 225 592 ’
239 562 553 634 Σώκρατες.

155 648 298 716 λέγω
314 666 325 676 ·

627 559 791 615 Ἀλλὰ
845 560 955 631 μὴν
1010 559 1161 630 κάγώ
1220 561 1276 624 ἐξ
1333 558 1502 629 ἀκοῆς
1556 561 1684 629 περὶ
1740 558 1928 613 αὐτῶν

390 647 426 700 ὁὶ
460 647 564 717 μὲν
602 639 710 700 οὖν
747 648 1004 715 τυγχάνω
1044 644 1316 716 α’κηκοιός,
1357 645 1575 715 φθόνος
1612 643 1799 707 οὐδεὶς
1836 644 1929 697 λε’-

152 752 294 801 γειν.
346 732 440 785 καὶ
475 729 583 801 γὰρ
623 735 755 794 ἴσως
793 733 886 785 καὶ
923 732 1162 801 μάλιστα
1199 729 1397 799 πρέπει
1435 729 1710 799 μέλλοντα
1750 731 1983 783 ἐκεῖσεΕ

154 814 462 887 ἀποδημεῖν
511 818 839 870 διασκοπεῖν
885 836 943 871 τε
981 816 1075 870 καὶ
1111 818 1456 886 μυθολογεῖν
1492 815 1621 886 περὶ
1657 818 1754 884 τῆς
1790 812 1930 868 ἄπο-

269 989 318 1031 D.
350 985 559 1045 σαφές]
594 987 758 1043 σαφῶς
789 989 906 1029 Bodl.
929 989 1036 1032 Tub.
1080 988 1202 1037 Quod
1223 988 1260 1028 si
1282 1000 1429 1028 verum
1453 994 1530 1037 est,
1555 957 1736 1040 pertinet
1756 989 1811 1032 ad
1830 1001 1928 1028 vei-

157 1047 260 1086 bum
283 1059 337 1086 ex
356 1052 506 1100 anteg1
510 1059 618 1087 essm
640 1046 917 1099 repetendum
939 1037 1226 1098 ἠκούσαμεν.
1257 1043 1370 1086 conf.
1395 1043 1630 1111 Euthypln.
1655 1046 1678 1085 7
1701 1045 1737 1084 A
1761 1041 1804 1086 εἰ
1822 1042 1930 1097 μέν·

156 1115 229 1144 τοι
249 1095 461 1169 άληθῶς.
502 1103 760 1144 Adverbium
783 1103 936 1156 probat
956 1102 1183 1142 Hermann.
1216 1100 1433 1141 Sententia
1454 1096 1605 1153 σαφές
1626 1101 1816 1152 1equi11t.
1840 1103 1929 1154 Ap-

156 1165 294 1223 paret
295 1161 408 1199 enim
428 1171 518 1199 rem
540 1160 679 1226 ipsam
699 1166 745 1199 ut
765 1159 967 1199 incertam
989 1158 1141 1210 notari,
1164 1170 1248 1198 non
1271 1157 1469 1198 audiendi
1489 1158 1676 1199 modum.

273 1206 304 1257 οὶ
324 1210 447 1271 μὲν]
473 1217 526 1257 V.
550 1211 713 1269 μέντοι
734 1215 879 1256 invitis
901 1215 1120 1274 codicibus
1141 1214 1230 1255 fele
1251 1214 1464 1265 omnibus,
1487 1220 1533 1254 ut
1555 1215 1733 1256 videtur.

157 1357 336 1399 correxit
381 1350 565 1399 αυτὸν
621 1348 799 1399 ἑαυτὸν
847 1349 1000 1410 βιαζε-

159 1414 292 1456 σθαι.
353 1415 445 1464 Quo
474 1421 586 1454 certe
616 1425 699 1454 non
723 1426 843 1467 opus.
888 1410 1000 1454 Sub-

157 1472 309 1512 iectum
341 1479 406 1512 est
433 1463 557 1520 τινοὶ,
587 1471 699 1523 quod
723 1471 838 1524 apud
859 1470 999 1510 infini-

157 1528 291 1568 tivum
330 1528 588 1582 pendentem
627 1540 710 1568 usu
749 1528 1000 1581 pervulgato

158 1585 370 1627 reticetur.
395 1583 504 1627 conf.
531 1586 582 1626 61
607 1583 652 1626 G.

219 1639 291 1683 Τι’
315 1639 438 1695 δαί,
462 1633 599 1693 ὦΚ.;
621 1632 722 1682 οὐκ
745 1632 1001 1695 ἀκηκόα-

159 1710 218 1738 τε
239 1696 309 1750 -—-]
339 1698 404 1738 Ex
423 1697 502 1738 hoc
524 1698 615 1738 loco
639 1696 937 1737 Boeckhius
959 1698 1000 1737 in

159 1753 348 1795 Philolao
387 1767 430 1806 p.
463 1755 545 1795 104
567 1766 659 1806 sqq.
704 1754 873 1806 collegit
912 1752 1003 1792 fieri

158 1811 365 1877 potuisse,
407 1818 452 1851 ut
480 1810 600 1851 Plato
631 1812 716 1850 iam
757 1810 1003 1851 adolescens

160 1867 418 1908 accuratiore
438 1866 735 1920 philosophiae
754 1866 1000 1919 Pythagori-

160 1936 234 1963 cae
255 1923 401 1964 notitia
421 1936 495 1977 per
516 1923 753 1964 Philolaum
776 1924 873 1964 olim
894 1922 1001 1963 The-

159 1981 223 2021 bis
263 1986 566 2021 commoratum
604 1981 878 2023 imbueretur.
943 1979 1005 2020 De

114 2060 119 2063 -
161 2049 244 2089 quo
266 2037 390 2078 nobis
411 2037 531 2077 aliter
549 2037 731 2079 videtur
761 2036 870 2077 Nam
891 2037 1005 2088 quod

162 2093 358 2134 Socrates
388 2092 585 2135 Cebetem
613 2106 662 2133 ae
689 2093 910 2134 Simmiam
938 2093 1005 2132 in-

161 2155 366 2203 terrogat,
426 2150 719 2190 audiverintne
767 2150 928 2201 aliquid
981 2161 1006 2188 a

144 2205 370 2255 Philolao,
393 2212 541 2259 utpote
561 2205 716 2247 Thebis
739 2214 930 2256 versato,
954 2206 1007 2246 de

162 2269 296 2303 morte
312 2262 563 2312 voluntaria,
585 2263 645 2302 illi
667 2270 807 2303 autem
828 2274 1005 2316 respon-

108 2331 113 2340 *
163 2320 264 2359 dent
294 2320 559 2372 improbasse
588 2319 758 2371 quidem
789 2319 906 2359 illum
928 2318 1009 2358 hoc

162 2376 310 2416 mortis
331 2387 482 2428 genus,
513 2388 590 2415 nec
609 2384 752 2415 tamen
773 2376 1007 2416 sententiae

163 2445 266 2473 suae
305 2433 491 2473 rationes
541 2432 653 2472 clare
694 2444 744 2472 ac
784 2433 1007 2485 perspicue

164 2488 465 2542 explicavisse,
509 2495 574 2529 est
601 2489 644 2530 id
671 2488 861 2542 profecto
893 2489 1004 2528 eins-

163 2545 290 2594 modi,
319 2552 366 2586 ut
393 2556 526 2598 prope
554 2546 810 2586 contrarium
831 2546 1008 2599 probare

163 2602 370 2644 videatur.
451 2601 556 2641 Nam
603 2602 783 2655 primum
837 2602 1007 2653 quidem

164 2657 352 2700 Thebani
379 2658 504 2699 amici
530 2657 715 2699 fatentur
735 2658 912 2699 Philolai
940 2670 1009 2698 ra-

163 2715 322 2756 tionem
350 2715 432 2755 sibi
460 2716 668 2756 mansisse
704 2716 1005 2757 obscuriorem.

164 2771 283 2812 Unde
314 2771 455 2824 colligi
491 2771 587 2812 licet
634 2784 726 2811 eam
771 2785 824 2812 ne
854 2771 1008 2812 Thebis

166 2828 334 2879 quidem
351 2828 455 2869 satis
472 2833 560 2868 tum
578 2829 828 2871 innotuisse.
848 2828 1010 2869 Deinde

166 2883 361 2925 Socrates
390 2885 484 2937 ipse
509 2884 632 2925 claris
667 2886 805 2926 verbis
833 2891 1014 2925 testatur

167 2940 248 2981 sibi
270 2940 472 2993 sapientis
493 2941 607 2983 illius
630 2942 861 2982 doctrinam
883 2942 1010 2995 plane

168 2997 378 3037 mansisse
416 2997 618 3049 ignotam.
669 2997 828 3046 Quibus
868 2999 1009 3038 verbis

166 3053 283 3093 Plato
340 3052 506 3093 videtur
551 3053 789 3106 significare
843 3053 1013 3095 Socrate

166 3110 266 3150 vivo
296 3109 455 3150 nullam
484 3109 584 3150 dum
612 3110 786 3151 rationis
816 3110 1012 3150 Philolai·

168 3178 242 3206 cae
263 3166 454 3206 notitiam
475 3166 664 3206 Athenas
685 3167 887 3220 perlatam
905 3166 1012 3207 fuis-

169 3235 229 3264 se.
290 3222 495 3263 Nimirum
535 3230 581 3262 ut
619 3224 766 3276 paucis
807 3223 1010 3274 dicamus,

168 3278 272 3331 quid
293 3279 416 3320 nobis
438 3279 643 3330 videatur,
676 3291 778 3320 usus
810 3286 874 3320 est
894 3279 1011 3319 Plato

168 3334 238 3375 hic
257 3334 431 3376 artificio
454 3335 746 3384 callidissimo,
777 3347 858 3388 quo
880 3336 1013 3388 signi-

169 3390 325 3440 ficaret,
349 3391 450 3444 quid
470 3393 523 3433 de
545 3391 831 3445 disputatione
849 3390 1014 3432 Socrati

168 3448 324 3489 tributa
346 3448 613 3490 sentiendum
641 3454 768 3492 esset.
814 3446 890 3490 Cui
919 3460 1012 3488 cum

171 3516 255 3546 non
297 3518 432 3559 pauca
472 3504 764 3561 adscripserit,
814 3515 919 3558 quae
961 3516 1011 3546 ex

1087 1356 1301 1397 doctrinae
1369 1356 1673 1410 Pythagoricae
1743 1355 1933 1396 fontibus

1088 1414 1214 1453 ducta
1236 1420 1350 1464 sunt,
1372 1412 1454 1453 hoc
1475 1414 1565 1453 loco
1589 1413 1670 1453 sibi
1691 1412 1932 1453 faciendum

1087 1470 1265 1524 putavit,
1286 1476 1332 1510 ut
1353 1482 1402 1509 ea
1423 1470 1563 1522 aliquo
1585 1469 1709 1509 modo
1731 1469 1935 1508 indicaret

1088 1538 1171 1567 non
1212 1527 1295 1565 iam
1334 1526 1418 1579 ipsi
1439 1525 1603 1567 Socrati
1644 1531 1743 1566 nota
1782 1525 1931 1577 fuisse,

1089 1583 1166 1624 sed
1193 1595 1217 1623 a
1248 1590 1383 1623 semet
1403 1583 1497 1636 ipso
1520 1583 1620 1623 inde
1643 1594 1738 1623 esse
1758 1583 1935 1635 repetita

1089 1646 1129 1679 et
1144 1652 1220 1693 per
1237 1639 1394 1692 dialogi
1410 1639 1820 1680 verisimilitudinem
1838 1639 1935 1678 huic

1089 1697 1261 1740 tributa.

1148 1747 1425 1806 Φιλολάῳ]
1467 1752 1560 1793 Fuit
1587 1753 1655 1793 hic
1684 1752 1935 1792 Tarentinus

1090 1809 1158 1849 vel
1176 1809 1406 1850 secundum
1430 1809 1537 1851 alios
1560 1809 1836 1859 Crotoniates,
1860 1821 1937 1848 no-

1089 1866 1323 1907 bilissimus
1363 1865 1677 1918 Pythagoreus,
1739 1867 1793 1906 de
1852 1877 1934 1917 quo

1092 1935 1370 1974 quaecunque
1410 1930 1509 1963 nota
1548 1931 1647 1963 sunt
1695 1922 1936 1963 doctissime

1093 1979 1291 2032 exposuit
1310 1980 1361 2021 A.
1385 1978 1603 2019 Boeckh.
1627 1978 1838 2020 Philolaos
1861 1978 1935 2018 des

1090 2035 1398 2088 Pythagoreers
1452 2034 1615 2075 Lehren
1675 2037 1798 2076 nebst
1856 2035 1935 2074 den

1092 2092 1408 2133 Bruchstiicken
1431 2092 1572 2132 seines
1594 2092 1792 2132 Werkes.
1824 2090 1933 2133 Berl.

1094 2150 1227 2199 1819,
1263 2149 1336 2199 qui
1358 2161 1411 2187 ex
1439 2147 1520 2189 hoc
1540 2149 1632 2189 loco
1655 2149 1748 2202 ipso
1771 2147 1938 2200 collegit

1091 2205 1252 2245 vixisse
1286 2204 1523 2244 Philolaum
1560 2205 1724 2245 circiter
1756 2205 1854 2244 inde
1884 2204 1936 2244 ab

1094 2261 1328 2314 Olympiad.
1348 2260 1479 2303 LXX.
1499 2274 1634 2312 usque
1655 2262 1710 2302 ad
1732 2260 1936 2314 OLXCV.

1095 2316 1163 2359 Of.
1183 2318 1308 2356 etiam
1325 2316 1458 2356 Mein
1471 2330 1521 2357 er
1534 2330 1570 2358 s,
1601 2316 1850 2359 Geschichte
1866 2317 1939 2357 der

1094 2373 1465 2414 wissenschaften
1492 2374 1535 2413 in
1560 2372 1867 2413 Griechenland
1898 2386 1936 2412 u.

1093 2430 1212 2471 Rom.
1234 2430 1375 2472 Vol.I.
1398 2431 1638 2482 p.178sqq.
1660 2430 1934 2472 Hermann.

1095 2486 1247 2529 Gesch.
1281 2486 1354 2526 der
1382 2487 1485 2528 Plat.
1508 2486 1666 2527 Philos.
1689 2489 1719 2529 I.
1743 2498 1784 2539 p.
1808 2487 1875 2527 59.
1900 2495 1940 2526 et

1153 2593 1384 2653 φθόνος
1413 2592 1612 2648 ουδεὶς
1642 2599 1698 2651 λ.]
1747 2600 1936 2640 luben-

1095 2663 1174 2697 tei
1196 2657 1388 2705 dicam,
1406 2656 1586 2696 formula
1602 2657 1819 2705 solemnis,
1833 2669 1939 2707 quae

1097 2714 1220 2754 etiam
1243 2712 1829 2766 Sophist.217B.Legg-.11
1856 2713 1940 2753 664

1096 2771 1146 2813 A.
1173 2778 1213 2810 et
1234 2769 1331 2810 alibi
1343 2770 1517 2836 legitur.

1152 2823 1250 2867 καὶ
1279 2819 1548 2893 μάλιστα]
1583 2835 1648 2867 est
1669 2827 1751 2867 vel
1773 2827 1940 2866 maxi-

1095 2895 1184 2926 me
1223 2882 1385 2923 Deinde
1405 2879 1640 2949 μέλλοντα
1663 2883 1777 2948 apud
1796 2882 1937 2923 infini-

1097 2941 1155 2979 tiv
1161 2953 1230 2980 um
1269 2940 1523 2993 pendentem
1566 2941 1625 2979 ita
1664 2940 1854 2993 ponitur,
1895 2945 1941 2978 ut

1096 3008 1282 3059 persona
1299 2996 1562 3050 intellegatur
1586 2996 1816 3037 indefinita.
1838 2995 1941 3035 Vul-

1099 3045 1784 3176 ςοῙῖψέῡξιΞιεεῗῖξὶρεΙΘιιέιποδημεῖν
1836 3108 1863 3150 i
1896 3120 1935 3159 q.

1102 3162 1170 3214 εἰς
1198 3156 1361 3206 ’Ἅιδου
1389 3158 1598 3208 απιέναι.
1641 3165 1747 3206 Nam
1799 3167 1880 3205 κεῖ
1901 3173 1941 3203 et

1100 3214 1250 3263 ἐκεῖσε
1291 3222 1344 3261 de
1372 3222 1463 3262 loco
1492 3223 1721 3262 inferorum
1751 3234 1836 3263 non
1878 3229 1940 3260 est

1098 3278 1365 3342 infrequens3
1411 3279 1520 3318 unde
1548 3274 1597 3319 οἷ
1623 3271 1725 3321 ἐκεῖ
1751 3277 1940 3318 mortui

1099 3341 1141 3375 et
1162 3328 1220 3375 τὰ
1242 3327 1341 3377 ἐκεῖ
1359 3347 1442 3375 res
1470 3335 1760 3375 inferorum
1789 3334 1939 3374 dicun-

1099 3397 1179 3441 tur,
1204 3392 1367 3455 quibus
1388 3399 1662 3444 opponuntui
1690 3385 1740 3431 οι
1758 3381 1939 3431 ἐνθάδε

1101 3456 1141 3489 et
1163 3440 1220 3489 τὰ
1242 3439 1445 3490 ἐνθάθε.
1482 3459 1521 3491 ν.
1546 3447 1691 3501 Symp.
1723 3459 1763 3501 p
1790 3446 1870 3486 192
1891 3443 1938 3488 Ε.

1100 3502 1230 3557 Soph.
1294 3501 1391 3548 Ant.
1447 3505 1512 3548 75.
1576 3505 1705 3545 lsocr.
1765 3501 1936 3546 Plataic
