2158 3718
613 114 731 166 AD
779 113 1283 169 CRITONEM.
1695 118 1792 168 175)

99 258 246 311 illius
293 258 512 311 virtutis
559 265 614 309 et
651 257 987 339 honestatis,
1043 276 1204 339 quam
1256 276 1355 327 per
1402 264 1576 309 totam
1625 257 1790 310 vitam

101 349 225 383 cum
259 328 591 402 praeceptis.
642 328 757 380 tum
805 346 904 381 suo
953 329 1125 397 ipsius
1164 328 1408 398 exemplo
1448 328 1791 381 commenda-

100 407 290 468 verat,
338 399 447 452 ullo
485 397 647 452 modo
698 399 977 452 immemor
1027 419 1143 452 esse
1181 398 1445 480 videatur.
1521 398 1632 466 Qui
1673 400 1791 467 qui-

102 470 245 539 dem,
285 469 470 522 audita
506 470 662 522 amici
704 471 964 538 oratione,
1004 479 1128 523 ante
1167 470 1345 523 omnia
1382 471 1460 522 ait
1495 469 1792 522 videndum

101 561 240 610 esse,
279 561 408 594 num
446 541 597 594 salva
637 541 904 611 sapientia
949 549 1004 594 61
1038 542 1242 595 iustitia
1281 541 1664 595 commissurus
1702 541 1789 609 sit,

101 621 166 667 ut
212 612 397 666 invitis
452 612 664 683 legibus
704 613 936 682 publicis
975 633 1002 665 e
1042 633 1255 667 carcere
1296 613 1558 683 aufugiat.
1635 610 1791 678 Quae

101 684 285 738 omnia
332 690 485 736 tanta
535 702 657 749 cum
694 685 960 755 gravitate
1000 691 1162 755 atque
1203 685 1475 756 sapientia
1513 683 1793 752 disputan-

100 763 220 823 tur,
276 761 336 808 ut
387 753 541 808 Crito
591 745 875 808 consilium
933 763 1093 807 antea
1145 755 1330 808 datum
1380 755 1616 824 denique
1675 755 1793 824 ipse

101 827 407 907 improbare
469 834 524 878 et
585 833 844 894 tanquam
890 827 1128 879 iustitiae
1191 835 1246 880 et
1304 826 1521 896 pietatis
1578 825 1793 896 legibus

103 897 436 951 contrarium
475 897 705 950 abiicere
744 906 985 969 cogatur.
1059 897 1166 950 Est
1205 917 1334 950 vero
1375 917 1584 949 summa
1609 897 1794 968 dispu-

101 969 326 1022 tationis
365 969 477 1021 fere
514 968 665 1021 haec,

244 1039 651 1120 Expergefacto
685 1037 901 1092 Socrati
949 1039 1175 1090 nunciat
1211 1037 1364 1091 Crito
1404 1039 1510 1091 hoc
1546 1038 1666 1107 ipso
1705 1036 1794 1090 die

103 1109 276 1163 videri
323 1129 518 1162 navem
564 1127 775 1161 sacram
822 1128 889 1160 ex
925 1108 1067 1161 Delo
1106 1109 1284 1162 insula
1318 1109 1617 1162 redituram
1655 1127 1793 1175 esse,

104 1200 214 1250 qua
260 1199 480 1233 reversa
527 1180 578 1232 ei
623 1178 960 1232 moriendum
1008 1180 1096 1232 sit.
1181 1181 1283 1236 1116
1332 1200 1460 1233 vero
1523 1180 1626 1232 etsi
1690 1179 1795 1232 sibi

102 1250 248 1305 hunc
300 1252 549 1304 nuntium
603 1252 806 1303 fatetur
841 1251 1156 1332 neutiquam
1197 1271 1316 1304 esse
1369 1251 1655 1304 molestum
1704 1259 1797 1303 aut

103 1342 355 1405 gravem,
404 1330 588 1376 tamen
638 1321 705 1374 de
755 1322 871 1375 eius
919 1323 1147 1375 veritate
1200 1323 1415 1376 dubitat
1462 1322 1619 1390 ideo,
1670 1322 1798 1404 quia

103 1395 208 1448 sibi
253 1395 577 1476 insomnium
624 1392 898 1475 quoddam
943 1392 1105 1447 modo
1159 1393 1462 1465 prodiderit
1525 1412 1582 1446 se
1633 1393 1796 1445 tertio

105 1465 323 1519 demum
385 1465 475 1518 die
536 1465 593 1517 in
652 1465 885 1534 patriam
945 1465 1238 1519 coelestem
1297 1464 1598 1517 rediturum
1661 1483 1796 1545 esse.

105 1535 271 1605 Quod
307 1536 526 1606 quidem
561 1535 1049 1589 luculentissimum
1097 1544 1179 1590 est
1217 1543 1592 1607 argumentum
1629 1535 1799 1589 maxi-

103 1627 222 1662 mae
258 1608 430 1690 ipsius
469 1627 599 1679 erga
637 1607 769 1660 deos
805 1607 1055 1678 pietatiS,
1097 1627 1205 1678 qua
1238 1608 1314 1660 ita
1351 1608 1500 1676 facit,
1539 1619 1602 1660 ut
1638 1607 1798 1659 etiam

106 1679 429 1733 divinationi
476 1651 683 1748 aliquid
730 1677 1078 1732 tribuendum
1128 1687 1349 1732 censeat
1397 1679 1476 1749 (p.
1514 1681 1598 1734 43.
1637 1680 1691 1730 A
1727 1709 1797 1716 —-

105 1755 175 1805 44
211 1751 325 1820 B..)
367 1781 437 1788 —
510 1751 651 1803 Tum
698 1769 827 1804 vero
866 1747 1019 1803 Crito
1071 1759 1126 1803 et
1162 1770 1261 1804 suo
1311 1757 1365 1803 et
1402 1751 1627 1803 aliorum
1666 1749 1797 1804 ami-

107 1842 294 1877 corum
330 1822 547 1876 nomine
585 1841 706 1875 eum
743 1821 1128 1874 amantissimis
1158 1822 1416 1892 precibus
1454 1821 1640 1903 studet
1673 1839 1796 1891 per-

105 1913 349 1960 movere,
401 1901 462 1946 ut
498 1892 816 1965 aufugiendi
855 1894 1259 1963 opportunitate
1293 1912 1437 1946 nunc
1471 1893 1578 1974 ipsi
1615 1892 1800 1945 oblata

105 1971 308 2034 utatur,
345 1983 518 2034 eoque
556 1939 717 2018 modo
758 1984 922 2034 quum
959 1982 1091 2017 suae
1131 1965 1302 2035 ipsius
1332 1964 1493 2017 saluti
1531 1963 1797 2031 consulat,

106 2044 223 2089 tum
249 2036 412 2088 etiam
437 2037 633 2089 bonam
663 2037 956 2088 amicorum
994 2043 1048 2088 et
1081 2036 1425 2087 familiarium
1462 2054 1684 2088 suorum
1720 2034 1800 2086 fa·
1832 2048 1839 2053 “

107 2126 248 2160 1116111
306 2114 551 2175 tueatur,
617 2107 820 2187 quippe
870 2108 992 2175 qui,
1050 2107 1154 2159 nisi
1213 2107 1391 2177 ipsum
1441 2106 1797 2170 servaverint,

109 2198 276 2248 quum
310 2186 493 2230 tamen
542 2178 655 2229 eius
692 2180 771 2229 rei
819 2178 1198 2247 opportunitas
1249 2177 1375 2229 data
1410 2178 1603 2244 fuerit,
1653 2144 1800 2247 apud

107 2269 360 2320 magnam
412 2248 684 2301 hominum
731 2247 1132 2311 multitudinem
1182 2248 1321 2300 male
1383 2248 1493 2300 sint
1545 2247 1799 2300 audituri.

111 2320 368 2375 Socrates
405 2338 532 2373 vero
571 2319 719 2390 vulgi
758 2318 976 2391 quidem
1014 2308 1218 2372 iudicio
1241 2318 1414 2371 nihil
1401 2338 1456 2371 m
1483 2318 1582 2371 tali
1608 2336 1803 2372 caussa

108 2390 456 2445 tribuendum
493 2409 611 2444 esse
649 2365 973 2460 respondet,
1026 2392 1182 2443 cuius
1221 2390 1505 2471 opiniones
1543 2408 1709 2459 saepe
1746 2391 1803 2442 in

113 2460 274 2516 rebus
322 2461 659 2533 gravissimis
708 2461 918 2514 soleant
965 2480 1086 2514 esse
1138 2461 1440 2515 levissimae
1487 2464 1565 2531 (p.
1621 2464 1710 2513 44.
1751 2460 1800 2512 Β

111 2565 180 2573 --
215 2504 356 2603 D.).t>
375 2564 443 2571 -—
517 2531 671 2586 Crito
719 2539 902 2585 tamen
952 2531 1129 2585 denuo
1177 2551 1298 2585 eum
1336 2531 1654 2585 cohortatur
1689 2531 1802 2585 eni-

112 2605 235 2672 xius
271 2603 342 2657 ad
377 2605 562 2675 fugam
599 2602 1018 2675 capessendam,
1069 2611 1360 2673 monetque
1409 2603 1642 2674 primum
1689 2623 1802 2656 ma-

113 2695 253 2757 gnae
291 2675 655 2728 multitudinis
693 2676 988 2756 potentiam
1025 2694 1154 2728 sane
1201 2675 1488 2728 maximam
1534 2693 1683 2742 esse,
1742 2681 1804 2726 ut

111 2746 344 2800 maxima
380 2747 519 2799 mala
556 2745 747 2799 afferre
786 2746 971 2817 possit.
1047 2744 1152 2799 Cui
1187 2745 1485 2827 respondet
1540 2746 1628 2798 ille
1666 2745 1803 2798 mul-

114 2817 400 2871 titudinem
425 2818 534 2871 fere
562 2836 727 2871 coeco
757 2817 1072 2899 cupiditatis
1097 2817 1306 2888 impetu
1331 2817 1481 2898 regi,
1505 2836 1604 2870 nec
1642 2835 1803 2898 posse

115 2908 422 2959 quenquam
470 2889 649 2941 facere
700 2896 795 2942 aut
830 2888 1174 2957 insipientem
1224 2895 1318 2942 aut
1367 2888 1697 2958 sapientem,
1748 2907 1805 2939 1n

116 2979 226 3029 quo
279 2967 426 3013 certe
473 2959 759 3013 maximum
807 2960 1006 3012 malum
1046 2967 1221 3029 atque
1273 2960 1476 3013 bonum
1513 2960 1806 3012 maximum

116 3038 383 3084 cernatur.
459 3029 573 3084 Sed
608 3049 717 3112 non
753 3031 952 3084 desinit
990 3029 1143 3085 Crito
1183 3049 1355 3100 usque
1391 3030 1591 3083 instare
1629 3030 1806 3101 preci-

114 3102 235 3155 bus.
309 3102 522 3183 Itaque.
543 3101 774 3155 amicum
808 3108 1020 3169 monet,
1071 3110 1134 3155 ut
1169 3122 1236 3155 ne
1276 3101 1343 3156 de
1380 3101 1492 3154 suis
1532 3101 1805 3154 familiari-

116 3173 219 3227 bus
268 3187 324 3226 et
369 3173 584 3240 amicis,
647 3173 740 3254 qui
800 3192 922 3226 eum
972 3192 1186 3228 servare
1236 3172 1644 3240 constituerint,
1694 3171 1805 3224 ullo

117 3243 290 3326 modo
327 3244 589 3298 sollicitus
639 3244 742 3312 sit,
807 3244 899 3314 qui
950 3244 1133 3314 potius
1185 3245 1437 3298 lubenter
1483 3262 1582 3314 pro
1633 3244 1806 3296 salute

118 3315 232 3369 eius
270 3335 428 3369 omne
467 3314 765 3386 periculum
802 3315 982 3369 subire
1020 3316 1194 3386 parati
1218 3316 1365 3378 'sint3
1413 3314 1677 3368 iacturam
1712 3332 1806 3366 au-

1345 3399 1474 3451 12*
