2158 3718
257 117 290 180 8
899 94 1389 168 PROLEGOMENA

255 269 386 320 illam
414 269 670 319 nobiscum
696 269 1020 318 communica.
1075 267 1178 331 Ego
1204 282 1344 326 ver0,
1380 270 1539 334 inquit
1564 269 1813 328 SocrateS,
1849 269 2022 320 faciam

258 341 391 407 quod
434 341 619 406 petitis;
663 355 824 404 neque
860 339 990 389 enim
1025 339 1255 402 exiguum
1288 338 1407 397 hoc,
1454 339 1587 406 quod
1621 333 1754 390 mihi’
1785 347 2022 405 superest,

258 414 380 463 vitae
408 418 600 476 tempus
626 410 799 461 melius
826 408 1070 460 collocare
1093 410 1292 474 possim,
1315 426 1462 476 quam
1481 412 1520 461 si
1541 411 1600 460 de
1623 412 1716 462 hoc
1742 412 2023 476 gravissimo

257 483 368 534 loco
394 484 657 548 sapientiae
682 481 799 548 quid
824 481 945 530 mihi
970 480 1191 530 videatur
1216 481 1354 532 vohis
1379 497 1618 547 exponam
1635 480 1685 548 1).

398 554 460 604 Et
492 555 704 619 primum
741 552 938 617 quidem
967 551 1215 602 videamus
1252 568 1358 603 eam
1394 555 1647 611 rationem,
1680 569 1803 620 quae
1827 553 2025 604 ultimae

260 626 558 691 antiquitatis
585 624 903 673 confirmatur
930 624 1227 673 testimonio,
1279 623 1515 675 Dicuntur
1542 626 1670 674 enim
1699 626 1846 676 animi
1870 629 2025 675 nostri

259 699 375 748 hinc
410 697 468 746 ad
508 696 693 745 inferos
731 700 779 744 et
811 693 924 744 inde
959 695 1170 743 vicissim
1195 696 1245 743 in
1270 694 1482 746 humana
1518 711 1727 762 corpora
1751 697 2026 760 transgredi

259 784 316 819 ac
353 767 500 817 veluti
533 769 584 816 in
611 765 783 815 orbem
813 781 872 815 ex
898 764 1067 816 inferis
1095 765 1155 815 ad
1182 780 1386 830 superos
1413 775 1461 817 et
1488 782 1513 816 a
1541 770 1730 832 superis
1757 768 1818 818 ad
1842 769 2027 818 inferos
2074 810 2086 819 ,

259 841 490 902 migrare.
528 836 662 894 Quae
689 837 928 887 sententia
957 838 998 886 si
1022 852 1136 888 vera
1165 843 1251 894 est,
1281 837 1340 887 de
1369 839 1639 887 animorum
1667 838 2028 889 immortalitate

260 909 473 961 dubitari
498 923 598 957 non
622 910 816 973 poterit.
849 907 1114 957 Confirmat
1139 915 1301 958 autem
1326 908 1456 959 illius
1482 912 1750 960 sententiae
1775 911 2028 960 veritatem

259 982 354 1031 hoc
397 981 628 1037 maxime,
675 980 807 1044 quod
851 980 902 1028 in
945 980 1169 1029 universa
1215 994 1383 1030 rerum
1426 986 1600 1030 natura
1645 981 1773 1030 hanc
1810 981 2029 1031 videmus

256 1052 418 1117 legem
453 1056 734 1101 constanter
761 1050 1026 1108 dominari,
1063 1056 1118 1100 ut
1152 1052 1396 1101 contraria
1424 1068 1482 1101 ex
1509 1054 1764 1102 contrariis
1790 1054 2027 1108 oriantur,

259 1123 407 1174 veluti
441 1138 554 1173 cum
590 1123 746 1172 maius
781 1123 938 1171 oritur
967 1138 1025 1172 ex
1051 1123 1265 1179 minore,
1298 1122 1494 1172 tardum
1534 1138 1592 1173 ex
1620 1123 1795 1180 veloci,
1833 1125 2028 1173 firmum

260 1212 320 1246 ex
346 1195 563 1252 infirmo,
604 1193 737 1244 calor
774 1208 833 1242 ex
866 1194 1052 1258 frigore
1089 1199 1135 1243 et
1160 1194 1387 1244 vicissim.
1438 1194 1620 1244 Eadem
1645 1196 1792 1258 igitur
1818 1196 2030 1245 necessi-

261 1272 357 1317 tate
390 1267 515 1315 inter
551 1281 605 1316 se
640 1266 924 1315 coniunctas
955 1279 1061 1315 esse
1087 1270 1298 1315 mortem
1326 1271 1374 1316 et
1398 1266 1544 1316 vitam
1570 1272 1744 1331 sponte
1771 1267 2029 1331 consequi·

258 1343 353 1395 tur,
400 1338 465 1388 ita
508 1343 562 1387 ut
605 1352 664 1386 ex
705 1337 812 1385 vivo
854 1336 938 1386 fiat
970 1341 1195 1386 mortuus
1230 1342 1277 1386 et
1310 1338 1518 1387 vicissim
1555 1353 1613 1387 ex
1647 1343 1842 1387 mortuo
1882 1338 2030 1386 vivuS.

259 1409 357 1459 Sed
383 1423 497 1473 age,
535 1423 643 1457 rem
680 1406 958 1472 diligentius
994 1408 1140 1457 etiam
1166 1408 1550 1462 consideremus,
1602 1408 1770 1474 Itaque
1797 1408 2032 1473 quidquid

263 1486 493 1537 mutatur,
519 1479 571 1528 id
595 1479 646 1528 in
672 1478 820 1528 alium
846 1484 1025 1529 statum
1051 1480 1258 1528 transire
1277 1479 1589 1530 manifestum
1617 1487 1704 1529 est.
1743 1479 2033 1530 Continetur

260 1557 423 1601 autem
452 1550 611 1600 omnis
636 1550 839 1600 mutatio
867 1550 1047 1615 triplici
1073 1550 1388 1607 condicione;
1417 1566 1530 1600 nam
1556 1551 1715 1615 primo
1742 1565 1823 1600 res
1848 1557 2032 1600 mutata

260 1639 320 1673 ex
347 1622 509 1688 aliquo
537 1627 685 1679 statu,
725 1622 774 1670 in
801 1636 898 1687 quo
926 1627 1068 1671 antea
1094 1620 1276 1679 fuerat,
1306 1622 1533 1678 discedit,
1575 1621 1750 1672 deinde
1776 1621 1946 1672 eadem
1973 1622 2034 1671 ad

259 1693 391 1744 aliud
427 1693 657 1758 quiddam
693 1694 889 1750 transit,
932 1693 1142 1757 denique
1177 1695 1400 1757 pervenit
1426 1694 1486 1743 ad
1513 1692 1726 1759 aliquem
1752 1699 1954 1750 statum,
1982 1693 2033 1741 in

261 1780 408 1829 quem
456 1770 596 1814 antea
640 1763 886 1814 tendebat.
939 1763 1098 1814 Veluti
1142 1765 1182 1814 si
1228 1766 1337 1828 quis
1373 1765 1576 1822 dormit,
1618 1766 1658 1814 is
1695 1781 1754 1814 ex
1790 1763 1947 1829 vigilia
1983 1765 2034 1813 in

259 1851 485 1886 somnum
529 1836 737 1885 transiit.
799 1835 931 1885 Inter
976 1850 1202 1885 somnum
1245 1842 1407 1886 autem
1452 1842 1595 1901 atque
1631 1835 1842 1900 vigiliam
1883 1837 2034 1884 inter-

260 1909 442 1958 iectum
472 1912 545 1956 est
569 1906 714 1963 illud,
745 1906 875 1971 quod
901 1921 1131 1957 vocamus
1157 1906 1642 1957 obdormiscere.
1678 1907 1818 1957 Unde
1843 1906 2033 1956 intelle-

263 1980 416 2042 gitur,
455 1993 603 2044 quam
640 1978 702 2026 sit
731 1992 897 2027 verum
935 1977 1064 2042 quod
1091 1978 1298 2028 diximus
1325 1978 1384 2027 de
1412 1978 1589 2043 triplici
1615 1979 1851 2043 cuiusque
1877 1983 2034 2027 muta-

264 2051 409 2099 tionis
436 2049 741 2099 condicione.
793 2048 976 2098 Eadem
1011 2050 1134 2098 ratio
1179 2055 1253 2098 est
1295 2050 1334 2098 si
1370 2051 1479 2114 quis
1514 2049 1726 2098 vicissim
1767 2065 1826 2098 ex
1862 2063 2033 2097 somno

261 2121 432 2171 redeat
474 2120 535 2170 ad
579 2119 817 2184 vigiliam;
857 2135 969 2170 nam
1011 2121 1298 2185 priusquam
1338 2122 1442 2185 ipsa
1490 2120 1648 2184 vigilia
1691 2119 1874 2177 incidit,
1915 2118 2036 2169 illud

261 2192 425 2242 locum
458 2190 637 2242 habeat
669 2207 872 2241 necesse
909 2197 1003 2248 est,
1051 2191 1181 2257 quod
1218 2192 1574 2256 expergisci
1618 2206 1862 2241 vocamus.
1916 2189 2035 2240 Cum

263 2279 378 2314 vero
415 2263 538 2313 haec
571 2262 648 2312 lex
683 2277 772 2327 per
811 2268 964 2312 totam
999 2277 1166 2313 rerum
1213 2269 1438 2313 naturam
1475 2262 1651 2319 valeat,
1692 2278 1827 2319 eum,
1866 2262 1949 2326 qui
1984 2262 2033 2310 in

261 2335 390 2384 hanc
423 2334 569 2383 vitam
604 2334 774 2391 intret,
812 2349 1013 2384 necesse
1051 2340 1125 2384 est
1159 2333 1287 2384 illam
1328 2349 1586 2398 permeare
1625 2334 1762 2398 quasi
1790 2333 2035 2382 condicio-

261 2421 402 2463 nem,
441 2420 587 2470 quam
621 2406 793 2455 nasci
828 2405 991 2456 dicere
1018 2405 1253 2462 solemus,
1296 2420 1405 2455 eum
1432 2420 1563 2461 ver0,
1603 2406 1684 2469 qui
1710 2410 1933 2454 mortuus
1959 2405 2035 2460 sit,

261 2476 588 2527 moriendo
625 2476 684 2526 ad
719 2476 856 2526 illum
892 2483 1070 2526 statum
1116 2477 1411 2541 pervenisse.
1487 2477 1620 2535 Quae
1666 2491 1777 2525 cum
1819 2476 1884 2524 ita
1923 2476 2034 2531 sint,

262 2548 481 2597 animum
516 2548 772 2597 moriendo
808 2563 906 2597 non
943 2549 1206 2611 exstingui,
1245 2547 1329 2597 sed
1357 2549 1405 2595 in
1432 2545 1577 2595 alium
1606 2552 1785 2595 statum
1809 2547 2033 2601 transire,

263 2618 404 2668 facile
441 2625 514 2667 est
550 2618 609 2667 ad
655 2618 1053 2681 intellegendum.
1118 2619 1239 2667 Nam
1287 2618 1547 2682 quominus
1586 2618 1918 2667 existimemus
1951 2631 2036 2665 na-

266 2696 425 2738 turam
461 2687 614 2738 altera
649 2690 723 2739 sui
755 2695 895 2753 parte
932 2690 1070 2754 quasi
1107 2689 1398 2746 claudicare,
1440 2704 1548 2737 cum
1588 2687 1719 2745 illud,
1757 2688 1887 2752 quod
1914 2703 2036 2736 mo-

264 2759 481 2809 riendo
535 2760 832 2823 respondeat
883 2760 1110 2825 quodque
1164 2775 1235 2809 ex
1278 2760 1506 2808 inferis
1544 2760 1753 2808 redire
1791 2774 2034 2815 vocamUS,

265 2846 364 2880 non
391 2831 602 2887 eveniat,
639 2830 733 2880 hoc
759 2832 968 2880 maxime
993 2830 1219 2895 impedit,
1260 2831 1389 2895 quod
1421 2829 1608 2879 sublata
1635 2846 1804 2880 rerum
1830 2844 2035 2895 genera-

265 2903 397 2952 tione
431 2902 687 2965 reciproca
722 2901 971 2965 paullatim
1004 2908 1105 2952 tota
1139 2917 1306 2951 rerum
1334 2909 1506 2950 natura
1535 2902 1672 2966 quasi
1697 2902 1965 2965 rigesceret
1990 2908 2038 2950 et

266 2978 656 3023 consumeretur.
708 2972 868 3022 Veluti
903 2975 944 3022 si
979 2972 1097 3023 illud
1135 2979 1319 3023 tantum
1358 2975 1601 3030 eveniret,
1642 2973 1772 3035 quod
1810 2987 2037 3022 vocamus

267 3044 755 3101 obdormiscere,
795 3059 954 3109 neque
984 3043 1145 3094 locum
1173 3044 1377 3094 haberet
1404 3046 1730 3101 contrarium,
1771 3043 1900 3108 quod
1937 3059 2036 3092 ex-

265 3116 707 3182 pergiscimur,
754 3117 916 3165 omnia
971 3116 1029 3165 ad
1083 3123 1354 3166 extremum
1404 3122 1642 3180 perpetuo
1693 3123 2036 3179 premerentur

267 3202 454 3238 somn0.
507 3185 693 3236 Eodem
727 3187 877 3251 igitur
910 3188 1055 3236 modo
1092 3188 1151 3236 de
1190 3203 1271 3243 eo,
1312 3187 1441 3251 quod
1470 3185 1791 3236 moriendo
1820 3192 1891 3234 est
1917 3199 2034 3234 con-

266 3259 485 3314 trarium,
515 3257 716 3307 iudicari
744 3259 982 3307 convenit.
1022 3258 1142 3308 Nam
1170 3259 1209 3307 si
1236 3259 1396 3307 onmia
1425 3263 1735 3307 morerentur
1771 3271 1860 3306 nec
1895 3255 2035 3319 quid-

268 3344 414 3397 quam
442 3329 603 3378 denuo
630 3331 679 3378 in
709 3330 849 3379 vitam
876 3329 1082 3387 rediret,
1112 3330 1171 3379 ad
1199 3337 1470 3380 extremum
1498 3330 1660 3379 omnia
1686 3327 1847 3376 forent
1873 3342 2035 3376 emor-

383 3485 913 3538 nasae-wo.
