2222 3762
1775 91 1865 143 IX

169 237 272 306 qui-
302 235 595 306 plurimum
631 254 694 289 ea
731 234 1004 302 valerent,
1057 233 1096 285 ii
1146 233 1303 286 facile
1340 250 1599 297 summam
1636 231 1691 284 in
1731 232 1862 284 civi-

166 315 288 368 tate?
308 306 704 362 auctoritatem
738 311 1203 376 consequerentur
1216 324 1242 368 ;;
1282 311 1396 356 tum
1445 302 1794 374 philosophia
1832 322 1864 355 a

168 378 401 437 Socrate.
450 377 516 430 ab
568 377 812 430 inanium
860 396 1039 433 rerum
1066 416 1068 420 -
1092 375 1504 445 quaestionibus
1544 381 1772 426 avocata
1809 383 1864 426 et

168 448 240 509 ad
277 447 665 519 explorandam
690 448 987 501 hominum
1035 447 1200 501 vitam
1247 465 1531 515 moresque
1572 444 1863 497 emendan-

168 519 269 577 dos
318 518 573 577 traducta
624 526 735 584 est;
787 527 904 572 tum
954 518 1201 588 denique
1224 518 1411 570 literae
1450 536 1513 569 ac
1538 515 1860 587 disciplinae

169 610 354 650 omnes
393 590 842 659 ita—floruere„ut
879 609 970 644 eas
1009 610 1120 644 non
1155 589 1356 651 iniuria
1391 588 1579 642 eodem
1617 596 1862 658 tempore

168 669 228 717 et
259 669 419 717 natas
457 669 513 715 et
546 681 717 733 prope
770 662 1039 733 perfectas
1077 679 1197 714 esse
1235 660 1452 713 dixeris.
1530 660 1726 728 Itaque
1761 659 1860 711 mi-

166 733 396 789 randum
432 752 543 786 non
580 741 691 802 est,
743 733 891 803 quod
928 734 1119 801 Plato,
1170 751 1335 802 quum
1386 731 1589 802 insigni
1629 729 1860 800 quadam

165 812 390 863 ‚naturae
443 804 684 857 bonitate
740 805 1056 873 excelleret,
1110 804 1166 857 in
1206 804 1454 857 omnibus
1491 803 1595 856 illis
1633 802 1859 869 artibuS,

167 876 366 944 quibus
403 883 555 929 aetas
605 876 829 946 puerilis
869 876 1070 929 erudiri
1108 876 1369 943 solebat,
1405 874 1696 945 plurimum
1733 893 1862 943 pro-

164 948 363 1001 fecisse
415 947 659 1015 adeoque
696 948 1016 1015 vaequalium
1068 946 1478 1000 admirationem
1515 952 1739 1016 propter
1775 964 1861 1015 ra-

164 1038 280 1084 ram
319 1036 503 1076 earum
541 1018 824 1071 scientiam
862 1025 1070 1070 mature
1109 1017 1378 1075 excitasse
1429 1024 1698 1069 narratur.
1773 1016 1861 1070 De

165 1107 279 1157 qua,
311 1107 368 1144 re
410 1107 549 1158 quae
584 1088 923 1157 posteritatis
960 1089 1250 1141 memoriae
1290 1087 1509 1157 prodita
1546 1093 1700 1156 sunt,
1736 1086 1863 1156 quia

164 1177 389 1217 narrare
420 1159 656 1230 longum
678 1166 762 1212 est
799 1167 855 1212 et
892 1178 924 1211 a
960 1166 1145 1212 nostro
1187 1159 1438 1212 instituto
1479 1158 1748 1225 alienum,
1789 1158 1862 1210 si-

159 1230 331 1295 lentio
370 1230 726 1301 praeterimus
764 1231 835 1299 ³¹²).
909 1231 1117 1284 Verum
1167 1231 1258 1283 ille
1309 1249 1475 1299 quum
1512 1230 1569 1282 in
1613 1228 1862 1283 omnibus

165 1302 381 1356 artibus.
409 1302 718 1371 praeclaros
767 1302 960 1355 fecerit
995 1320 1351 1374 progreSSUS,
1398 1309 1581 1355 tamen
1637 1320 1736 1371 pro
1777 1320 1860 1369 e0,

166 1393 276 1443 quo
313 1380 507 1432 natura
540 1374 722 1444 ipsum
759 1381 1072 1442 ornaverat,
1113 1374 1290 1444 pulcri
1327 1373 1656 1442 venustique
1697 1391 1861 1426 sensu

165 1455 221 1498 et
255 1463 435 1505 amore
472 1454 680 1497 mature
732 1443 944 1498 delatus
983 1453 1066 1498 est
1101 1445 1366 1515 imprimis
1418 1443 1486 1497 ad
1525 1443 1709 1515 poesis
1749 1450 1862 1496 stu-

165 1515 330 1574 dium.
405 1516 603 1585 Itaque
642 1536 751 1569 non
790 1517 966 1570 solum
1002 1524 1192 1587 poetas
1236 1516 1526 1586 diligenter
1571 1515 1861 1587 lectitavit,

165 1586 264 1645 sed
297 1588 463 1648 etiam,
491 1588 762 1658 ipsemox
800 1588 1129 1651 carminibus
1168 1587 1474 1659 pangendis
1514 1606 1736 1659 operam
1766 1585 1861 1639 de-

163 1659 264 1712 dit.
336 1659 580 1717 Narrant
617 1660 759 1712 enim
799 1679 920 1712 eum
956 1667 1174 1730 praeter
1203 1659 1308 1712 alia
1335 1659 1707 1730 composuisse
1744 1677 1863 1711 car-

165 1749 289 1786 men
327 1730 560 1801 epicum,
601 1749 709 1798 quo
746 1730 937 1784 laudes
966 1732 1193 1785 Homeri
1232 1731 1534 1785 aemulatus
1574 1731 1662 1798 sit,
1701 1737 1863 1799 atque

169 1801 506 1873 tetralogiam
567 1802 902 1870 fabularum,
969 1822 1131 1872 quam
1191 1822 1313 1856 cum
1379 1804 1499 1857 aliis
1557 1802 1734 1873 poetis
1796 1800 1863 1853 de

163 1873 402 1943 praemio
453 1881 760 1928 certaturus
808 1875 863 1926 in
915 1893 1132 1928 scenam
1179 1874 1482 1945 producere
1521 1874 1623 1928 sibi
1660 1892 1862 1945 propo-

164 1944 335 2001 suerit
373 1945 471 2014 **).
546 1945 632 1998 Ex
673 1965 781 2014 qua
817 1965 926 1999 una
961 1965 1018 2000 re
1056 1947 1391 2018 intelligitur,
1434 1953 1639 2015 quanto
1678 1943 1862 1997 studio

164 2013 381 2069 deditus
431 2018 588 2086 poesi
639 2017 837 2082 fuerit,
890 2018 1013 2088 ipsa
1062 2018 1310 2071 nimirum
1365 2025 1563 2071 natura
1615 2015 1753 2069 duce
1810 2023 1865 2068 et

162 2087 440 2157 magistra.
529 2087 640 2142 Sed
689 2088 836 2157 quod
874 2108 1264 2161 saepenumero
1317 2089 1545 2156 accidit,
1598 2096 1660 2141 ut
1706 2106 1863 2159 prae-

164 2158 310 2211 clara
357 2159 579 2230 ingenia
627 2179 760 2213 casu
808 2161 990 2229 aliquo
1031 2169 1255 2231 repente
1293 2161 1634 2214 abducantur
1669 2160 1735 2212 ab
1775 2177 1863 2211 ea-

163 2248 284 2280 rum
321 2248 497 2280 rerum
535 2230 747 2298 studio‘,
789 2250 926 2298 quas
965 2250 1172 2283 summa
1209 2233 1371 2284 animi
1411 2231 1710 2301 cupiditate
1749 2249 1862 2282 am-

164 2299 324 2369 plexa
360 2307 502 2367 sunt,
545 2299 688 2352 idem
729 2302 889 2353 etiam
929 2302 1147 2354 Platoni
1189 2302 1452 2356 accidisse
1493 2308 1728 2369 constat,
1769 2300 1864 2370 qui

164 2388 294 2422 casu
359 2369 536 2423 dicam
592 2391 673 2433 anv
720 2372 903 2424 divina
966 2373 1161 2441 aliqua
1203 2373 1551 2443 providentia
1600 2392 1632 2425 a
1681 2373 1862 2444 poesis

165 2459 344 2493 amore
398 2441 467 2493 ad
517 2442 896 2514 philosophiae
950 2444 1191 2497 studium
1242 2444 1526 2498 traductus
1579 2451 1679 2496 est.
1752 2442 1863 2496 Hic

167 2511 309 2564 enim
332 2531 496 2581 quum
524 2516 630 2566 iam
664 2513 720 2566 id
758 2522 964 2585 ageret,
1005 2522 1067 2567 ut
1105 2535 1238 2584 quas
1269 2516 1668 2587 composuisset
1706 2515 1862 2568 fabu-

161 2584 242 2636 las
291 2583 347 2637 in
397 2603 615 2638 scenam
663 2586 1032 2640 introduceret
1081 2594 1243 2656 atque
1303 2587 1368 2640 de
1407 2588 1646 2658 praemio
1687 2592 1862 2640 certa—

163 2654 320 2708 minis
360 2675 481 2711 eum
520 2656 639 2709 aliis
677 2660 855 2728 poetis
897 2657 1283 2727 contenderet,
1325 2657 1610 2727 Socrates,
1651 2657 1744 2727 qui
1779 2657 1862 2710 iu-

163 2727 316 2779 venis
355 2728 688 2797 praeclaram
739 2729 976 2782 indolem
1026 2730 1133 2781 iam
1172 2738 1331 2783 antea
1370 2731 1748 2802 cognovisset,
1792 2727 1863 2780 ad

165 2816 286 2850 eum
349 2799 610 2867 accessit,
679 2802 932 2871 omnique
997 2800 1200 2872 gloriae
1250 2801 1550 2873 cupiditate
1614 2820 1679 2854 ex
1743 2800 1860 2853 eius

163 2877 340 2923 mente
377 2871 603 2942 expulsa
639 2879 792 2926 tanto
832 2891 991 2926 verae
1030 2872 1206 2926 laudis
1245 2872 1448 2927 studio'
1470 2875 1584 2927 eius
1621 2872 1859 2925 animum

230 3084 270 3136 *)
303 3086 358 3126 V.
390 3086 546 3137 Diog.
578 3085 758 3130 Laert.
792 3087 878 3128 ΙΙΙ.
911 3087 953 3130 4.
987 3088 1129 3141 ibique
1161 3088 1310 3130 Mena
1326 3103 1367 3142 g.
1402 3101 1426 3141 p
1480 3088 1576 3132 137.

200 3143 280 3194 **),
306 3144 352 3184 V.
385 3144 596 3187 Aelian.
635 3144 681 3186 V.
710 3145 765 3186 H.
801 3146 852 3186 11.
884 3146 954 3189 30.
988 3146 1435 3198 Diog.Laert.11.
1470 3146 1542 3190 30.
1576 3146 1722 3199 ibique
1756 3145 1858 3186 Me-

311 3214 423 3255 nag.
488 3201 582 3241 Has
621 3203 887 3245 narrationes
929 3204 1043 3255 quod
1086 3205 1277 3245 Astius
1321 3217 1397 3256 pro
1438 3204 1598 3246 fabulis
1628 3201 1858 3260 {habendas

307 3261 476 3301 censuit
508 3273 547 3312 p.
580 3258 672 3311 18„
714 3261 912 3312 equidem
954 3262 1016 3303 iis.
1043 3268 1146 3314 puto
1189 3262 1346 3315 aliquid
1384 3267 1504 3304 certe
1542 3262 1628 3303 veri
1659 3262 1855 3310 subesse,

308 3322 353 3357 nt
388 3331 469 3359 non
503 3323 666 3358 temere
701 3319 960 3362 reficiendae
994 3318 1228 3361 videantur.
