2158 3718
498 180 1012 234 sYMPositJM
1048 197 1097 248 p.
1143 182 1245 232 182
1284 182 1358 236 st.

1700 188 1772 240 57

102 323 314 384 ἐνθαδε
352 307 412 383 δὲ
455 323 596 384 πολὺ
638 325 852 383 τούτων
896 324 1127 383 κάλλιον
1161 331 1607 399 νενομοθέτηται
1647 339 1772 407 καί;

96 408 240 487 ὅπερ
284 412 470 478 εἶπον,
484 411 580 467 οὐ
623 409 818 487 ῥᾴδιον
862 404 1223 477 κατανοῆσαι.

231 492 370 572 Cap.
399 494 491 551 X.
545 495 960 566 Ἐνθυμηθέντι
1001 493 1124 568 γάρ,
1171 491 1260 551 ὅτι
1300 497 1510 566 λέγεται
1551 497 1779 557 κάλλιον

109 575 170 634 τὸ
217 582 470 654 φανερῶς
512 583 644 653 ἐρᾶν
685 584 784 635 τοῦ
828 579 1044 650 λάθρᾳ,
1086 582 1178 634 καὶ
1218 578 1460 651 μάλιστα
1506 587 1618 639 τῶν
1660 607 1780 656 γεν-

106 662 418 723 ναιοτάτων
459 668 552 718 καὶ
593 663 846 737 ἀρίστων,
891 661 996 718 κᾶν
1039 669 1282 735 αἰσχίους
1314 662 1496 720 ἄλλων
1532 660 1645 735 (Bm,
1688 673 1781 724 καὶ

107 743 202 803 ὅτι,
238 739 310 802 αὖ
352 744 387 815 ὴ
421 752 812 818 παρακέλευσις
846 751 928 817 τῷ
972 750 1162 818 ἐρῶντι
1187 749 1339 823 παρὰ
1373 749 1599 806 πάντων
1629 758 1783 809 θαυ-

107 829 320 904 μαστή,
365 831 467 902 οὐχ
509 830 584 897 ὥς
626 854 680 888 τι
722 829 950 904 αἰσχρὸν
994 835 1274 898 ποιοῦντι,
1334 837 1427 888 καὶ
1484 834 1665 892 ἑλόντι
1722 859 1780 894 τε

105 913 276 971 καλὸν
321 918 467 971 δοκεῖ
509 913 650 972 εἶναι
699 920 792 972 καὶ
836 913 911 985 μὴ
967 914 1150 971 ἑλόντι
1193 915 1446 988 αἰσχρόν,
1507 923 1599 975 καὶ
1643 919 1782 994 πρὸς

105 996 169 1055 τὸ
213 1006 498 1071 ἐπιχειρεῖν
543 1004 683 1056 ἑλεῖν
725 1001 975 1066 ἐξουσίαν
1021 997 1051 1055 ὁ
1087 999 1258 1072 νόμος
1300 1005 1490 1057 δέδωκε
1534 1007 1609 1074 τῷ
1656 1012 1784 1077 ἐρα-

106 1086 207 1161 στῇ
266 1081 576 1155 θαυμαστὰ
640 1087 774 1158 ἔργα
829 1086 1169 1155 ἐργαζομένῳ
1212 1090 1598 1153 ἐπαινεῖσθαι,
1655 1087 1693 1143 ἃ
1737 1090 1787 1146 εἴ

107 1188 191 1233 ,τις
231 1164 453 1240 τολμῴη
500 1177 682 1224 ποιεῖν
722 1164 850 1223 ἄλλ’
900 1163 1094 1224 ὁτιοῦν
1134 1167 1342 1224 διώκων
1384 1172 1477 1226 καὶ
1517 1171 1787 1246 βουλόμε-

108 1331 206 1373 bam
237 1343 325 1374 om.
370 1329 496 1377 Bodl.
537 1332 637 1374 Vat.
679 1328 736 1374 A.
773 1332 878 1374 Par.
920 1332 1117 1376 DEFK.
1155 1333 1267 1386 Ang.
1312 1346 1361 1377 w.
1404 1333 1502 1376 Vat.
1534 1347 1575 1377 n.
1608 1349 1651 1389 p
1683 1349 1718 1378 r.
1751 1350 1787 1379 s.

109 1387 218 1433 Ven.
244 1393 281 1430 t.
312 1387 430 1431 Flor.
464 1403 502 1434 a.
535 1391 562 1431 b
606 1402 645 1431 c.
676 1399 841 1431 errore.

155 1483 157 1485 .
225 1445 538 1488 καιὲλοντι
566 1462 623 1487 τε
653 1445 849 1502 καλόν]
882 1461 928 1487 τε
959 1462 1044 1493 om.
1081 1446 1205 1490 Bodl.
1240 1448 1337 1490 vat.
1370 1445 1422 1490 A.
1455 1449 1583 1491 Vind.
1612 1450 1653 1495 2.
1686 1451 1788 1493 Par.

107 1503 202 1545 ΒΚ
251 1503 344 1544 Vat
350 1515 423 1572 p.
459 1517 502 1546 ιι.
532 1504 648 1546 Flor
680 1518 716 1545 a
753 1517 788 1544 c.
822 1518 968 1547 errore
997 1506 1143 1546 nescio
1175 1518 1273 1558 quo.

223 1560 275 1604 Ε.
334 1555 362 1601 ἃ
393 1562 446 1602 ει
469 1578 549 1610 τις
579 1559 814 1618 τολμωη]
851 1563 938 1603 αἰεί
964 1578 1028 1612 τις
1053 1562 1178 1605 Bodl.
1201 1563 1294 1606 Vat.
1326 1560 1379 1605 A.
1412 1563 1464 1603 ἄν
1494 1578 1532 1605 ει
1554 1564 1658 1609 Par.
1689 1565 1792 1606 DK-

108 1616 205 1660 Vat.
233 1631 278 1673 p.

109 1797 117 1802 .
158 1756 581 1814 Ἐνθυμηθέντι
641 1755 765 1814 γάρ,
818 1755 905 1799 δ’τι

106 1819 341 1869 λέγεται
380 1833 416 1859 κ.
450 1832 491 1858 τ.
533 1817 602 1866 λ.]
676 1817 903 1857 Pausanias

106 1874 300 1929 plurimis
362 1874 582 1915 sententiis
636 1874 902 1915 coacervatis

108 1932 264 1974 deinde
298 1931 523 1973 inchoatae
553 1932 758 1972 orationis
789 1931 900 1972 adeo

109 1989 400 2038 obliviscitur,
435 1994 482 2029 ut
520 1989 714 2030 videatur
746 1988 786 2029 in
818 1991 900 2031 alia

108 2047 250 2090 omnia
281 2048 439 2097 abiise,
482 2044 621 2087 donec
658 2046 711 2087 ad
755 2052 898 2090 extre-

109 2117 226 2147 mum
265 2105 304 2145 in
346 2105 597 2146 memoriam
646 2117 793 2146 eorum
834 2118 907 2146 re-

111 2162 240 2211 deat,
278 2161 333 2202 de
374 2162 529 2213 quibus
566 2162 620 2202 ab
652 2163 768 2203 initio
803 2176 905 2204 coe-

114 2224 236 2274 perat
268 2218 422 2262 dicere.
496 2219 645 2271 ltaque
681 2220 904 2273 participio

112 2278 408 2327 ἐνθυιιηθέντι
458 2275 558 2317 nihil
607 2275 649 2316 in
698 2278 904 2329 proximis

112 2333 372 2386 respondet,
421 2332 499 2375 sed
550 2332 708 2374 excidit
756 2341 906 2376 orator

112 2390 310 2433 inchoata
347 2396 575 2432 structura.
648 2391 789 2443 ipsam
831 2404 905 2431 au—

110 2454 199 2490 tem
233 2448 502 2500 sententiam,
529 2460 655 2500 quam
689 2449 908 2490 enuntiare

113 2506 272 2557 voluit,
303 2505 408 2546 infra
440 2506 614 2547 demum
646 2521 687 2561 p.
726 2506 822 2550 183.

111 2563 319 2614 resumit,
361 2563 432 2604 ubi
477 2563 539 2604 sic
591 2565 704 2617 loqui
743 2564 904 2619 pergit.

113 2619 254 2676 ταύτῃ
297 2622 372 2675 μὲν
416 2615 495 2660 οὖν
536 2621 707 2675 οἰηθείη
751 2621 803 2661 ἄν
843 2637 909 2668 τις

114 2677 330 2731 πάγκαλον
358 2675 616 2729 νομίζεσθαι
644 2696 677 2719 κ
704 2696 743 2721 τ.
762 2679 798 2719 λ.
842 2678 908 2719 Ex

111 2737 269 2788 quibus
299 2736 443 2776 verbis
463 2735 710 2790 intelligitur
741 2749 837 2778 eum
868 2735 908 2776 in

113 2797 258 2835 mente
315 2792 514 2863 halmisse
573 2793 708 2836 haec·
778 2795 911 2833 ἐνθι-

112 2854 302 2903 μηθέντι
330 2848 438 2904 γάρ,
469 2847 542 2889 ὅτι
572 2851 739 2906 λέγεται
761 2874 808 2879 -
838 2848 912 2890 δυ’-

116 2908 216 2951 ξειεν
268 2905 319 2946 ἂν
381 2905 603 2959 πάγκαλον
657 2907 913 2981 νομίζεσθαι

113 2964 158 3003 ἐν
190 2963 291 3014 τῇδε
322 2967 374 3014 τῇ
391 2962 513 3002 πόλει
533 2963 603 3003 καὶ
632 2965 681 3006 ‘to‘
717 2969 817 3019 ἐρᾶν
846 2966 914 3004 καὶ

117 3037 166 3059 ἰο
213 3020 367 3071 φίλους
404 3021 638 3074 γίγνεσθαι
681 3028 773 3070 τοῖς
812 3025 914 3078 ἐρα-

116 3081 251 3120 σταῖς.

174 3150 266 3173 καν
297 3133 511 3183 σιίσχίοι
505 3149 547 3180 ς
576 3134 743 3174 ἄλλων
789 3138 909 3184 ὦσι]

115 3193 254 3234 Intell.
297 3204 556 3245 corpore,
597 3204 679 3232 non
721 3194 912 3235 animo.

112 3249 276 3290 Deinde
315 3249 395 3301 οὐχ
434 3246 488 3296 ὥς
532 3266 575 3289 τι
606 3249 781 3302 αἰσχρὸν
812 3264 913 3290 ποι-

112 3310 234 3346 οῦντι
262 3311 381 3348 arcte
413 3311 643 3347 connectas
674 3320 765 3348 cum
786 3320 912 3359 prae-

112 3364 366 3406 cedentibus
408 3363 493 3404 liis:
548 3361 620 3403 δ’τι
662 3362 684 3416 ἡ
726 3365 912 3417 παρακέ-

114 3423 255 3468 λευσις
301 3444 351 3452 —-
396 3418 662 3476 θαυμαστή,
708 3425 756 3463 ut
795 3426 911 3465 recte

991 1759 1090 1801 addi
1123 1762 1317 1815 potuerit
1346 1759 1429 1812 οὔχ
1458 1757 1513 1806 ὥς
1541 1777 1585 1800 τι
1601 1760 1793 1815 ἀἰσχρόν

988 1823 1205 1870 ποιοῦντι,
1238 1821 1358 1860 cuius
1390 1819 1451 1859 rei
1484 1818 1594 1859 ratio
1626 1819 1666 1859 in
1701 1821 1786 1861 isto

986 1876 1226 1928 θαυμαστὴ
1260 1877 1384 1917 inest.
1419 1898 1476 1904 —
1506 1875 1593 1914 καὶ
1628 1874 1780 1916 ἑλόν-

986 1948 1042 1972 -ιι
1072 1948 1125 1972 τε
1157 1951 1192 1975 κ.
1223 1934 1260 1974 ὃ.
1294 1934 1320 1976 ί.
1351 1948 1388 1975 e.
1417 1948 1490 1972 και
1529 1931 1600 1973 ὅτι
1638 1932 1781 1974 ἑλόντι

982 2005 1018 2030 κ.
1051 2005 1091 2033 τ.
1120 1989 1157 2032 λ.

1041 2077 1094 2122 Ε.
1155 2095 1249 2118 και
1289 2076 1423 2130 πρὸς
1463 2094 1522 2118 το
1567 2077 1782 2128 ἐπιχει-

989 2140 1137 2191 ρεῖν]
1185 2141 1235 2178 et
1288 2136 1350 2178 ad
1401 2134 1655 2188 capiendi
1688 2147 1782 2175 co-

989 2198 1178 2235 natum
1220 2195 1395 2246 legem
1428 2206 1460 2233 s
1500 2205 1698 2234 morem
1731 2189 1782 2232 ei

990 2250 1122 2292 hanc
1163 2249 1370 2292 fecisse
1409 2254 1782 2303 potestatem,

989 2315 1058 2348 ut
1097 2308 1226 2349 mira
1275 2307 1447 2348 faciat
1490 2320 1550 2356 ac
1582 2306 1783 2348 nihilo-

989 2365 1158 2406 minus
1190 2364 1461 2407 laudetur.
1486 2370 1567 2405 etc.
1595 2365 1784 2417 Elegans

988 2427 1132 2463 tamen
1166 2423 1312 2463 Astii
1344 2423 1590 2463 coniectura
1622 2428 1687 2463 est
1723 2424 1785 2464 le·-

991 2479 1174 2533 gendum
1217 2481 1403 2532 putantis
1443 2478 1555 2533 πρὸς
1589 2477 1665 2535 τῷ,
1706 2479 1786 2522 hoc

992 2549 1142 2579 sensux
1189 2536 1426 2590 denique
1466 2550 1566 2578 non
1603 2539 1785 2580 solum

993 2594 1096 2635 hoc
1122 2593 1430 2635 concedere
1456 2595 1627 2648 legem
1654 2609 1788 2638 ama·-

993 2651 1127 2701 tori,
1175 2655 1231 2692 ut
1274 2652 1541 2693 amasium
1580 2666 1788 2706 capere

994 2713 1251 2759 conetur,
1285 2709 1703 2762 verumetiam,
1734 2718 1789 2752 ut

994 2766 1124 2808 mira
1153 2764 1365 2807 faciens
1398 2767 1668 2809 laudetur.
1703 2769 1788 2810 Ce-

994 2830 1133 2866 terum
1171 2823 1413 2874 θαιιμαοτὰ
1447 2826 1512 2866 vel
1555 2824 1788 2878 θαυμάσια

994 2886 1133 2921 ποιεῖν
1158 2882 1222 2922 vel
1247 2879 1524 2934 ἐργάζεσθαί,
1555 2888 1602 2924 ut
1621 2883 1723 2924 infra
1744 2898 1784 2937 p.

995 2937 1094 2982 213.
1126 2938 1176 2979 1).
1204 2941 1387 2991 Apolog.
1422 2953 1462 2993 p.
1489 2939 1556 2983 35.
1586 2943 1638 2981 Α.
1673 2941 1789 2981 The-

997 3001 1080 3038 aet.
1115 3009 1156 3048 p.
1195 2995 1289 3037 ¹5¹.
1322 3001 1393 3047 A„
1435 2997 1589 3037 dicitnr
1630 2997 1682 3037 de
1722 2998 1787 3048 iis,

1000 3053 1073 3105 qui
1107 3053 1173 3092 vel
1207 3058 1384 3106 propter
1423 3054 1616 3094 dolorem
1651 3059 1693 3093 et
1724 3054 1789 3093 in-

1000 3109 1303 3160 dignationem,
1319 3113 1381 3151 vel
1401 3111 1454 3151 ob
1469 3112 1679 3162 ingentem
1702 3111 1781 3150 lae-

996 3167 1131 3208 titiam
1164 3168 1229 3208 vel
1263 3169 1391 3208 etiam
1426 3181 1527 3220 prae
1552 3167 1790 3207 vehementi

995 3224 1134 3276 aliqua
1166 3225 1402 3279 cupiditate
1434 3225 1538 3265 mira
1570 3223 1740 3277 faciunt.

1052 3306 1083 3348 εἳ
1113 3311 1173 3351 εἴ
1207 3327 1289 3358 τις
1325 3311 1486 3361 τολμ.
1518 3330 1566 3337 —-
1604 3320 1716 3360 quae
1753 3308 1789 3348 si

994 3366 1087 3418 quis
1126 3368 1286 3410 audeat
1322 3367 1478 3415 facere,
1512 3377 1640 3417 quum
1673 3365 1790 3405 aliud

991 3423 1094 3477 quid
1124 3430 1296 3479 praeter
1325 3422 1440 3466 istud
1467 3423 1673 3475 perficere
1698 3427 1790 3464 stu-
