2158 3718
236 125 306 177 48
595 86 597 89 ¹
874 125 1371 170 PROLEGOMENA

236 267 496 334 probaret,
549 267 636 318 sed
671 274 725 318 ut
760 284 931 319 eorum
967 270 1189 318 notitiam
1225 269 1579 334 adipisceretur
1594 267 1645 336 ¹).
1719 269 1845 329 Quid
1879 269 2009 335 quod

238 339 361 389 adeo
396 338 716 404 Anaxagorae
759 339 934 405 placita
971 339 1162 389 videtur
1207 341 1481 390 accuratius
1526 341 1719 403 cognita
1761 339 2008 398 habuisse,

238 410 300 460 ad
335 425 459 476 quae
493 410 630 460 Plato
666 425 774 460 sese
807 410 897 459 sub
936 412 1037 460 eius
1072 426 1280 475 persona
1316 416 1508 469 narrat,
1548 417 1865 476 posteaquam
1892 409 2010 460 alio-

236 495 350 530 rum
400 482 686 545 sapientiam
744 481 925 531 frustra
985 481 1358 545 degustavisset,
1419 484 1622 547 propius
1673 478 2012 545 accessisse²)?

237 551 499 601 Praeterea
535 567 650 602 vero
689 553 830 601 etiam
866 552 906 601 is
941 551 1054 609 fuit,
1094 553 1172 601 cui
1207 552 1329 601 adeo
1375 552 1597 602 doctrina
1643 553 1864 603 idearum
1901 566 2010 601 cum

239 622 450 688 quadam
494 621 924 673 verisimilitudinis
967 623 1128 687 specie
1172 622 1373 672 attribui
1406 630 1586 687 posset.
1650 623 1850 673 Constat
1884 623 2014 672 enim

239 694 494 743 Socratem
520 695 568 742 in
597 693 883 742 disserendo
909 695 975 742 ita
1003 700 1250 743 versatum
1277 708 1408 750 esse,
1445 700 1501 743 ut
1527 709 1812 744 communes
1845 707 2013 742 rerum

238 764 462 813 notiones
505 763 780 828 diligentius
826 765 1106 830 exquireret
1140 766 1188 813 in
1227 780 1381 830 eaque
1424 780 1478 814 re
1526 766 1669 815 etiam
1713 764 2013 830 peculiarem

237 841 446 900 poneret
471 850 687 900 operam.
738 836 907 901 ltaque
933 851 1104 886 revera
1131 837 1357 900 proxime
1393 836 1601 885 accessit
1634 835 1694 884 ad
1729 835 1887 893 ideas,
1923 834 2015 882 nisi

238 905 370 970 quod
396 905 489 955 hae
517 907 796 972 neutiquam
826 914 939 957 sunt
965 921 1131 956 merae
1159 908 1337 955 mentis
1372 906 1616 956 humanae
1642 906 1891 963 notioneS,
1930 903 2016 954 sed

239 978 429 1042 species
462 979 638 1026 mentis
674 983 904 1027 aeternae
940 978 1034 1026 vim
1070 992 1238 1027 rerum
1275 978 1492 1027 omnium
1529 978 1578 1026 in
1612 993 1665 1026 se
1692 977 2013 1026 continenteS.

239 1046 480 1104 Quocirca
507 1047 648 1097 nobis
675 1049 873 1113 quidem
901 1049 1099 1097 minime
1127 1048 1329 1098 dubium
1355 1049 1570 1104 videtur,
1609 1049 1724 1112 quin
1752 1046 1886 1097 Plato
1916 1051 2016 1096 toto

237 1117 333 1167 hoc
367 1117 476 1167 loco
513 1119 764 1169 Socratem
802 1121 1000 1170 iusserit
1035 1135 1088 1169 ea
1126 1135 1353 1177 narrare,
1394 1134 1519 1183 quae
1555 1134 1664 1168 cum
1692 1116 2017 1168 verisimiliter

240 1189 298 1239 ad
335 1189 469 1238 hunc
503 1190 681 1239 referri
715 1197 940 1255 possent,
982 1196 1144 1240 tamen
1181 1206 1351 1240 revera
1388 1191 1447 1239 de
1483 1206 1534 1239 se
1562 1191 1668 1254 ipso
1697 1194 1861 1239 essent
1888 1189 2015 1238 acci-

237 1258 482 1325 pienda3).
537 1261 772 1325 Spectant
809 1262 938 1311 enim
973 1262 1134 1311 omnia
1172 1261 1382 1325 denique
1408 1261 1469 1309 ad
1494 1260 1718 1309 idearum
1745 1260 2018 1309 doctrinam

240 1329 621 1395 dialecticaeque
657 1347 800 1382 nsum
836 1333 948 1382 inde
982 1347 1275 1397 suspensum
1315 1330 1594 1395 habentque
1620 1331 1667 1379 id
1695 1331 2016 1396 propositum,

239 1407 295 1451 ut
326 1408 508 1468 quanto
544 1402 667 1452 haec
706 1403 930 1452 doctrina
955 1402 1273 1468 physicorum
1300 1403 1476 1451 rationi
1505 1408 1633 1451 esset
1659 1400 2016 1467 anteponenda,

240 1471 316 1522 vel
344 1489 402 1522 60
429 1478 641 1531 constet,
681 1474 811 1538 quod
848 1489 960 1524 cum
997 1475 1198 1522 omnino
1235 1488 1404 1522 rerum
1430 1487 1606 1522 causae
1634 1473 1808 1522 exinde
1835 1472 2018 1537 optime

242 1543 507 1606 declarari,
543 1550 649 1593 tum
684 1545 1059 1595 immortalitatis
1086 1559 1199 1610 spes
1225 1544 1502 1593 firmissime
1529 1543 1826 1592 communiri
1850 1543 2017 1608 possit.

383 1615 479 1664 Sed
514 1617 804 1665 revertimur
849 1616 908 1665 ad
945 1617 1103 1681 ipsum
1139 1615 1407 1665 Platonem.
1461 1614 1866 1664 Artificiosissime
1902 1628 2019 1662 vero

240 1684 320 1735 ille
347 1687 587 1736 sententia
614 1687 675 1736 de
711 1688 832 1736 ideis
867 1686 1106 1736 illustrata
1133 1702 1231 1735 non
1259 1686 1406 1735 modo
1435 1686 1686 1734 Simmiam
1714 1691 1762 1735 et
1787 1684 2018 1735 Cebetem

239 1757 381 1806 finxit
407 1757 521 1806 huic
546 1758 725 1807 rationi
751 1755 1121 1823 adstipulantes‚
1159 1758 1242 1806 sed
1273 1759 1421 1807 etiam
1447 1756 1760 1807 Phaedonem
1790 1762 1838 1805 et
1862 1755 2019 1804 Eche-

242 1833 450 1886 cratem,
488 1829 571 1892 qui
603 1834 744 1878 antea
782 1835 828 1878 et
863 1829 954 1894 ipsi
987 1829 1166 1878 horum
1204 1827 1587 1877 dubitationibus
1636 1828 1842 1876 fuissent
1873 1826 2019 1876 vehe-

240 1905 432 1948 menter
467 1899 759 1964 perturbati.
813 1900 1052 1950 Nimirum
1088 1901 1153 1948 ita
1190 1900 1435 1948 indicatur
1472 1897 1669 1947 easdem
1695 1897 1802 1947 illas
1828 1896 2019 1947 dubita-

240 1970 423 2026 tioneS,
453 1985 579 2034 quae
613 1972 660 2019 vi
687 1977 734 2020 et
769 1972 1002 2034 gravitate
1030 1986 1117 2019 sua
1144 1970 1445 2020 audientium
1471 1970 1655 2034 pariter
1681 1973 1826 2035 atque
1853 1968 2017 2017 confa-

241 2039 516 2090 bulantium
553 2043 741 2091 animos
776 2047 916 2091 antea
954 2042 1164 2091 maxime
1198 2039 1550 2106 perculissent,
1588 2054 1720 2089 nunc
1756 2054 1929 2089 rursus
1955 2039 2019 2087 ita

242 2126 348 2162 esse
374 2117 613 2170 remotaS,
650 2118 704 2162 ut
739 2127 911 2163 omnes
938 2113 998 2162 de
1032 2111 1395 2162 immortalitate
1422 2112 1654 2175 optimam
1680 2125 1820 2176 spem
1845 2110 2020 2160 animis

242 2184 575 2249 conceperint.
1212 2208 1215 2210 >

358 2341 404 2397 1)
435 2343 487 2383 Id
517 2341 822 2397 probabiliter
854 2341 1100 2382 concludas
1135 2356 1158 2381 6
1180 2342 1296 2382 Χ611.
1321 2342 1455 2383 Μ6111.
1482 2342 1516 2384 Ι.
1542 2342 1581 2391 6,
1607 2341 1673 2392 14,
1694 2339 1772 2380 ubi
1802 2337 1882 2380 ille
1914 2351 2018 2379 nar·

242 2404 369 2441 ratur
401 2402 540 2440 etiam
571 2403 778 2442 veterum
809 2399 1090 2451 sapientium
1121 2399 1262 2439 libros
1295 2411 1393 2438 eum
1427 2398 1588 2437 amicis
1620 2396 1778 2438 sedulo
1810 2395 2017 2450 pervolu-

242 2462 389 2504 tasse,
429 2458 540 2498 item
579 2471 635 2498 ex
674 2458 754 2507 iis,
804 2469 922 2508 quae
961 2456 1133 2496 ibidem
1170 2455 1211 2494 I.
1248 2457 1284 2505 1,
1320 2456 1373 2494 14
1410 2455 1657 2495 memoriae
1690 2453 1869 2506 prodita
1901 2456 2018 2502 sunt,

241 2514 502 2554 luculenter
540 2514 826 2567 intellegitur
863 2514 1012 2566 ipsum
1051 2512 1211 2552 harum
1249 2524 1399 2552 rerum
1435 2524 1526 2550 non
1561 2511 1820 2564 imperitum
1860 2509 2019 2560 fuisse,

243 2571 360 2624 quod
393 2572 534 2612 etiam
567 2585 622 2611 ex
653 2570 772 2612 Plat.
807 2570 939 2622 Apol.
972 2583 1014 2622 p.
1049 2571 1102 2608 26
1124 2570 1163 2608 Ι)
1200 2569 1366 2608 coniici
1396 2570 1564 2620 potest.

356 2627 400 2681 2)
434 2628 486 2667 Id
507 2628 582 2668 vel
604 2641 659 2667 ex
692 2640 744 2667 eo
776 2626 827 2666 fit
856 2625 1125 2677 verisimile,
1158 2625 1276 2676 quod
1298 2624 1416 2677 apud
1437 2624 1677 2665 Platonem
1710 2623 1757 2662 in
1775 2621 2019 2676 Apologia,

241 2684 329 2724 hoc
370 2687 441 2724 est
479 2686 526 2723 in
567 2697 621 2724 eo
661 2683 801 2733 libro,
843 2683 919 2734 qui
956 2682 1095 2734 plane
1137 2682 1283 2733 ipsius
1313 2682 1441 2721 vitae
1473 2681 1661 2720 veritati
1694 2681 2020 2722 convenienter

243 2741 443 2793 scriptus
476 2743 560 2789 est,
593 2754 636 2792 p.
658 2740 711 2779 26
732 2740 822 2778 DE
854 2739 909 2778 de
940 2740 1247 2790 Anaxagorae
1279 2737 1409 2776 libris
1442 2738 1508 2777 ita
1540 2738 1752 2789 loquitur,
1784 2740 1835 2776 ut
1866 2749 2019 2777 eorum

243 2800 513 2849 argumenta
551 2797 737 2837 novisse
775 2794 999 2837 videatur.
1060 2794 1238 2834 Deinde
1281 2794 1418 2833 etiam
1460 2793 1579 2846 apud
1616 2794 1732 2833 Xen.
1773 2794 1911 2834 Mem.
1941 2793 2020 2833 IV.

245 2855 282 2903 7,
317 2854 343 2892 6
380 2854 700 2905 Anaxagoram
739 2855 834 2891 tam
868 2852 1039 2890 acriter
1071 2851 1278 2903 corripit,
1321 2853 1370 2889 ut
1410 2850 1455 2889 id
1486 2850 1611 2890 nullo
1642 2853 1778 2902 pacto
1810 2850 1910 2890 fieri
1941 2862 2020 2903 po-

242 2909 387 2950 tuisse
418 2909 644 2959 videatur,
678 2908 766 2947 nisi
797 2908 1019 2947 rationem
1042 2909 1131 2948 viri
1156 2920 1210 2947 ac
1232 2906 1488 2947 doctrinam
1520 2920 1695 2947 omnem
1725 2909 2020 2960 perspectam

242 2966 504 3016 habuisset,
546 2968 683 3018 atque
724 2964 839 3004 adeo
880 2964 1037 3004 eadem
1078 2964 1175 3004 fere
1208 2964 1255 3003 in
1286 2963 1366 3004 illo
1399 2963 1715 3017 reprehendit,
1750 2976 1865 3016 quae
1900 2962 2020 3016 apud

242 3022 487 3063 Platonem
518 3022 743 3071 ridentur,
781 3021 1147 3073 quandoquidem
1178 3020 1475 3073 philosophus
1499 3020 1819 3060 Clazomenius
1850 3020 2020 3059 dicitur

242 3075 465 3133 μέγιστον
488 3077 727 3132 φρονῆσαι
751 3071 828 3118 ἐπὶ
850 3076 911 3132 τῷ
936 3074 1018 3125 τὰς
1042 3077 1133 3118 τῶν
1155 3075 1285 3118 θεῶν
1307 3071 1527 3130 μηχανὰς
1550 3070 1846 3130 ἐξηγεῖσθαι.

357 3135 401 3188 3)
437 3134 526 3189 [Fr.
548 3136 816 3188 Ueberweg,
850 3135 1265 3186 Untersuchungen
1288 3135 1401 3173 iiber
1422 3134 1463 3176 d.
1486 3133 1707 3174 Echtheit
1727 3146 1768 3173 u,
1789 3132 2018 3185 Zeitfolge

242 3191 566 3233 Platonischer
605 3191 860 3240 Schriften,
901 3204 1005 3244 pag.
1039 3192 1221 3231 92-«94
1261 3190 1382 3230 hanc
1421 3191 1735 3230 narrationem
1780 3190 1836 3229 ad
1879 3202 2017 3229 unum

245 3248 483 3291 Socratem
514 3248 801 3290 referendam
834 3261 935 3288 esse
966 3248 1079 3288 vult.
1141 3248 1197 3287 Ei
1228 3247 1501 3287 adversatur
1530 3248 1605 3287 Fr.
1639 3245 1879 3295 Susemihl,
1910 3245 2017 3285 Pla-

243 3306 455 3347 tonische
503 3305 850 3358 Forschungen.
889 3305 966 3346 1V.
1018 3304 1203 3357 Spricht
1239 3304 1308 3343 Pl.
1351 3306 1411 3343 im
1450 3303 1622 3344 Phaed.
1657 3316 1700 3355 p.
1734 3305 1788 3343 95
1820 3315 1888 3355 sq.
1927 3313 2017 3342 von

245 3363 398 3404 seiner
428 3363 626 3415 eigenen
655 3361 1333 3415 EntwickelungsgeschichteP
1365 3361 1591 3414 Philolog.
1624 3361 1693 3404 20.
1715 3359 1876 3412 Jahrg.
1908 3371 2015 3411 pag.

246 3420 507 3469 226—237,
546 3419 626 3459 ubi
666 3417 851 3460 eandem
890 3418 987 3458 fere
1029 3418 1305 3465 sententiam
1339 3419 1526 3471 profert,
1560 3429 1692 3470 quam
1726 3415 2015 3469 Stallbaum„

244 3473 359 3520 licet
390 3490 491 3518 eam
522 3475 659 3517 aliter
688 3474 920 3518 defendat.
