2158 3718
859 0 863 7 ,
906 0 911 5 -
953 0 1028 22 *Kys*
1047 17 1053 24 ι
1086 0 1101 20 ι
1112 0 1164 21 ...ἢιρ
1199 0 1201 3 -
1227 0 1245 10 w
1262 8 1271 14 ,.
1285 5 1295 12 U
1311 18 1314 19 .
1328 0 1333 3 Ἴ
1387 0 1457 13 «max--
1470 0 1498 19 ‘7
1508 0 1778 25 ‘'²2¹⁸¹'⁴'‘''⁴s²‘'÷'„ffi·l⁴¹‘1?jv*:3'¹'
1791 11 1799 22 ,Ἰ
1830 0 1845 10 ιι

228 132 328 193 102
949 134 1272 183 PLATONJS

225 282 352 350 βης·
412 282 471 334 τί
511 277 620 350 γὰρ
668 279 740 334 ὀὶν
784 279 1123 350 βουλόμενοι
1170 277 1372 349 ἄνδρες
1427 280 1595 350 σοφοὶ
1650 277 1724 344 ῶς
1778 276 2004 350 ἀληθῶς

227 366 500 430 δεσπότας
535 364 798 436 ἀμείνους
823 363 1014 418 αὐτῶν
1041 364 1309 434 φεύγοιεν
1347 366 1440 418 καὶ
1478 366 1683 436 ῥᾳδίως
1720 363 2000 419 ἀπαλλάτ-

227 469 410 505 τοιντο
458 447 672 515 αὐτῶν,
722 452 820 504 καί
861 471 955 520 μοι
1001 450 1160 503 δοκεῖ
1200 451 1400 519 Κέβης
1429 452 1506 514 εἰς
1553 451 1614 505 σὲ
1663 453 1868 504 τείνειν
1905 448 2004 504 τὸν

198 535 417 605 λόγον,
458 534 544 589 ὅτι
580 533 729 589 ου’τω
770 535 976 606 ῥᾳδίως
1014 534 1204 636 φέρεις
1240 554 1333 587 και
1369 533 1512 605 ἡμᾶς
1549 535 1872 589 ἀπολείπων
1911 535 2004 589 καὶ

170 633 203 674 Β
227 619 500 692 ἄρχοντας
538 618 807 689 ἀγαθούς,
848 617 923 682 ῶς
960 616 1129 682 αὐτὸς
1166 616 1472 688 ὁμολογεῖς,
1501 621 1700 721 (θεούς.
1777 623 2003 688 Δίκαια,

226 707 362 775 ε’φη,
412 705 617 773 λέγετε.
694 701 847 774 οἶμαι
893 701 1001 773 γὰρ
1050 702 1194 774 ὑμᾶς
1241 705 1456 773 λέγειν,
1496 702 1582 758 ὅτι
1619 705 1723 775 χρή
1761 725 1828 774 με
1865 703 2006 774 πρὸς

226 793 403 843 ταῦτα
441 787 904 860 ἀπολογήσασθαι
943 786 1124 858 ὥςπερ
1165 789 1227 842 ἐν
1267 790 1620 860 δικαστηρίῳ.
1697 790 1865 844 Πάνυ
1903 790 2007 860 μὲν

228 866 356 943 οὖν,
396 875 504 943 ἔφη
543 871 572 926 ὁ
612 876 871 944 Σιμμίας.

370 963 483 1029 Cap.
527 963 646 1013 VIII.
726 960 872 1030 Φέρε
919 959 1016 1028 δή,
1063 951 1105 1028 ἦ
1153 957 1204 1011 δ’
1247 957 1334 1028 ὅς,
1383 962 1645 1029 πειραθῶ,
1688 957 1829 1030 πρὸς
1865 958 2008 1030 ὑμᾶς

225 1044 621 1115 πιθανώτερον
647 1042 1116 1115 ἀπολογήσασθαι
1154 1044 1190 1114 ἢ
1227 1041 1367 1114 πρὸς
1404 1042 1535 1108 τούς
1574 1045 1851 1108 δικαστάς.
1895 1042 2004 1114 ἐγώ

224 1131 352 1200 γάρ,
393 1132 520 1199 ἔφη,
561 1122 606 1183 ὦ
631 1133 844 1200 Σιμμία
880 1149 940 1183 τε
977 1130 1071 1182 καὶ
1097 1130 1296 1198 Κέβης,
1338 1130 1390 1182 εί
1421 1129 1524 1199 μὲν
1550 1127 1623 1199 μὴ
1663 1128 1819 1201 ᾤμην
1853 1129 2008 1200 ἥξειν

224 1218 451 1284 πρῶτον
488 1214 592 1285 μὲν
629 1213 780 1286 παρὰ
816 1213 987 1278 θεοὺς
1024 1213 1231 1277 ἄλλους
1268 1215 1487 1284 σοφούς
1524 1235 1583 1268 τε
1619 1215 1711 1268 καὶ
1737 1212 2006 1283 ἀγαθούς,

226 1301 415 1354 ἔπειτα
452 1301 546 1353 καὶ
582 1299 715 1370 παρ’
759 1298 1098 1370 ἀνθρώπους
1123 1299 1582 1369 τετελευτηκότας
1607 1299 1870 1370 ἀμείνους
1893 1303 2009 1353 τῶν

229 1384 458 1454 ε’νθάδε,
497 1383 736 1455 ἠδίκουν
775 1384 846 1438 ἄν
884 1383 989 1438 οὐκ
1028 1382 1362 1453 ἀγανακτῶν
1399 1388 1475 1455 τῷ
1500 1386 1757 1456 θανάτῳ·
1799 1387 1910 1437 νῦν
1947 1384 2009 1439 δὲ

174 1462 295 1529 Οεῧ
333 1474 469 1538 ἴστε,
509 1466 595 1524 ὅτι
631 1468 765 1540 παρ’
808 1469 1019 1541 ἄνδρας
1055 1489 1114 1523 τε
1154 1469 1353 1535 ἐλπίζω
1393 1468 1693 1539 ἀφίξεσθαι
1729 1468 2003 1539 ἀγαθούς·

340 1621 618 1683 ἀμείνους
659 1623 871 1683 αὐτῶν]
917 1629 985 1670 Sic
1014 1636 1115 1672 vett.
1142 1629 1258 1672 editt
1304 1629 1389 1670 Sed
1411 1630 1519 1670 Ven.
1542 1628 1588 1676 Ξ
1614 1635 1653 1670 et
1682 1629 1802 1670 multi
1830 1629 1903 1670 alii
1923 1621 2009 1671 αὖ·

227 1685 334 1735 τῶν.
376 1687 506 1739 Atqui
536 1685 743 1740 intellegit
773 1687 971 1727 Simmias
1003 1687 1197 1727 dominos
1226 1687 1361 1739 ipsis
1392 1687 1659 1739 sapientibus
1688 1686 1903 1739 meliores,
1925 1698 2010 1727 non

227 1749 393 1784 semet
420 1744 557 1797 ipsis
586 1744 948 1797 praestabiliores.
980 1757 1022 1783 v.
1051 1742 1094 1783 G.
1119 1743 1165 1783 F.
1188 1743 1462 1785 Hermann.
1503 1743 1716 1787 Abhandl
1748 1757 1790 1787 u.
1823 1743 2007 1797 Beitrag.

224 1813 267 1854 p.
293 1801 347 1841 66
369 1813 461 1852 sqq.
504 1800 662 1855 Nuper1
682 1808 824 1841 tamen
846 1801 963 1844 editt.
986 1793 1147 1842 αὐτῶν
1169 1808 1463 1853 susceperunt.
1488 1801 1599 1843 conf
1624 1813 1667 1853 p.
1693 1802 1772 1842 107
1797 1800 1840 1842 C.

338 1870 386 1912 B.
419 1866 562 1925 πρὸς
602 1869 814 1925 ταῦτα]
849 1871 988 1925 Vulgo
1013 1872 1142 1912 omiss
1146 1884 1216 1911 um
1242 1884 1263 1910 e
1283 1871 1402 1914 Bodl.
1429 1870 1527 1914 Vat.
1552 1872 1656 1914 Tub.
1681 1872 1789 1914 Ven.
1814 1871 1864 1912 H
1881 1871 2006 1912 Vind.

230 1927 269 1970 Φ
290 1928 384 1971 Par.
407 1927 488 1968 Ac
509 1928 653 1970 Ambr.
676 1929 785 1969 Flor.
809 1941 834 1968 a
856 1941 878 1967 e
901 1929 927 1968 d
947 1941 988 1968 m
1021 1929 1259 1968 restitutum
1291 1934 1368 1970 est.
1411 1928 1510 1969 Mox
1530 1929 1649 1971 Bodl.
1673 1921 2009 1994 πιθανώτερον

226 1977 344 2038 πρὸς
365 1977 505 2038 υμᾶς,
529 1985 643 2050 quod
663 1998 746 2026 non
770 1986 1144 2051 an1plectar3nam
1165 1985 1295 2025 altero
1317 1985 1540 2025 verborum
1564 1986 1710 2026 ordine
1731 1986 1855 2026 eitius
1878 1998 2010 2025 emer-

225 2042 288 2094 git
308 2043 373 2082 vis
403 2042 685 2096 oppositionis
714 2043 824 2083 inter
851 2038 969 2096 πρὸς
998 2036 1123 2096 ὑμᾶς
1146 2048 1186 2083 et
1205 2035 1322 2095 πρὸς
1343 2035 1455 2091 τοὺς
1478 2035 1726 2090 δικαστάς.
1774 2042 2009 2096 Amplexus

227 2106 290 2140 est
310 2107 451 2139 tamen
473 2111 609 2152 nuper
628 2100 663 2139 H
668 2111 768 2142 erm

226 2241 340 2306 quod
379 2240 555 2294 dignum
595 2242 666 2292 sit,
709 2241 831 2282 euius
870 2241 1073 2283 habeatur

224 2298 354 2351 ratio,
387 2298 503 2350 quod
529 2310 700 2338 movere
734 2299 924 2352 possit
901 2311 1072 2339 o‘ravem

226 2355 530 2396 dubitationem
570 2363 697 2406 atque
737 2355 922 2409 dignam,
965 2368 1074 2415 quae

224 2412 646 2452 tollatu1.Forrnula
676 2408 832 2467 λέγειν
863 2427 909 2454 τι
939 2420 979 2453 et
1010 2415 1073 2454 εἰ-

226 2467 314 2510 ναί
336 2482 398 2522 τι,
430 2470 472 2509 in
503 2481 586 2519 qua
607 2483 659 2510 τι
680 2470 852 2523 ponitur
874 2483 968 2510 cum
991 2482 1075 2509 em-

225 2524 349 2578 phasi
387 2538 463 2565 nec
502 2535 640 2565 tamen
673 2536 849 2566 accentu
878 2527 1074 2579 insigniri

225 2582 345 2630 solet,
373 2583 415 2621 in
446 2582 598 2634 vulgus
628 2591 740 2631 nota,
772 2584 825 2622 de
858 2596 940 2634 qua
969 2584 1076 2624 dixit

227 2639 352 2678 etiam
374 2638 631 2678 Matthiae
653 2639 691 2688 ξ.
714 2639 812 2682 487.
835 2642 876 2682 5.

283 2685 495 2748 ανδρες
526 2692 700 2747 σοφοὶ
722 2689 791 2743 ῶς
817 2689 1073 2762 ἀληθῶς]

227 2751 342 2790 Infra
371 2764 414 2804 p.
438 2753 492 2791 64
514 2751 545 2790 B
574 2759 747 2792 vocatur
775 2746 799 2792 6
825 2745 973 2800 ὅντως
995 2766 1074 2815 φι-

227 2802 444 2860 λόσοφος.
469 2820 509 2860 p.
535 2809 588 2847 66
611 2808 642 2847 Β
664 2801 688 2848 6
713 2807 917 2862 γνησίως
940 2802 1074 2873 φιλό-

227 2875 390 2917 σοφος.
434 2877 475 2918 p.
500 2864 553 2904 67
575 2865 608 2904 Ι)
640 2858 663 2905 6
696 2863 976 2918 φιλοσοφῶν
997 2857 1074 2917 ὄρ-

227 2919 344 2968 θῶς.

230 3006 232 3008 ψ
285 2973 367 3025 εἰς
409 2971 466 3019 σε
507 2976 758 3031 τείνειν]
806 2985 852 3016 te
892 2986 1074 3031 petere

225 3033 318 3074 hac
348 3034 618 3083 oratione,
662 3034 741 3074 his
778 3036 971 3078 veibis.
1013 3035 1073 3075 De

225 3091 446 3157 participio
477 3066 749 3133 ἀπολείπων
778 3100 876 3145 post
897 3086 1074 3145 ῥᾳδίως

227 3144 390 3201 φέρεις
409 3148 551 3201 posito
573 3162 613 3189 v.
638 3147 810 3189 Matth.
838 3148 878 3198 ξ.
902 3150 983 3189 550
1007 3150 1045 3191 b.

283 3203 385 3258 Cap.
400 3205 513 3247 VIII.
535 3205 582 3245 B.
606 3195 901 3259 ἠδίκουν
880 3218 948 3245 αν
969 3218 1072 3246 ουκ

227 3254 534 3316 ἀγανακτῶ
549 3258 606 3326 ν]
606 3219 706 3302 ηΰῦὶ
729 3262 954 3314 legerimus
977 3273 1071 3301 eum

226 3318 524 3372 Olympiodoio
547 3310 611 3383 μῂ
635 3311 945 3384 ἀγανακτῶν,
976 3332 1070 3358 sen·

227 3375 357 3414 tentia
395 3373 501 3415 haee
542 3375 640 3414 erit·
683 3376 887 3415 iniuste
929 3375 1071 3415 face

225 3444 351 3483 rem,
395 3431 439 3471 si
479 3443 579 3472 non
618 3432 947 3485 indignaiei.
996 3432 1071 3473 Sin

227 3489 457 3533 retinemus
487 3501 581 3529 cum
611 3488 726 3530 libris
748 3490 944 3529 omnibus
966 3502 1070 3530 msc.

1161 2247 1199 2281 et
1221 2242 1443 2295 impressis
1466 2233 1553 2282 οὐκ
1576 2234 1883 2296 ἀγανακτῶν,
1908 2253 2007 2281 sen-

1160 2312 1235 2340 sus
1258 2299 1425 2339 exsistit
1446 2299 1533 2338 hio:
1559 2299 1760 2338 iniuste
1781 2298 2009 2338 facerem

1164 2369 1276 2409 ego,
1319 2356 1433 2396 dum
1475 2368 1578 2395 non
1619 2356 1884 2408 indignor.
1945 2355 2008 2395 Ex

1162 2414 1313 2465 quibus
1365 2421 1505 2452 utrum
1562 2425 1613 2466 pl
1617 2412 1730 2452 aefe1
1735 2412 1890 2452 endum
1941 2413 2006 2460 sit,

1162 2483 1317 2533 nemo,
1316 2470 1489 2534 opinor,
1524 2470 1680 2509 dubius
1701 2468 1906 2512 haerebit.

1220 2525 1264 2567 C.
1298 2518 1389 2567 ὅτι
1418 2518 1548 2579 παρ’
1580 2517 1799 2580 ἄνδρας
1835 2538 1891 2566 τε
1921 2518 2008 2568 ἕλ-

1163 2582 1302 2633 πίζω
1343 2541 1725 2635 ἀφίξεσθαι]ρ
1758 2583 1886 2622 Recte
1926 2583 2007 2623 Fi-

1163 2639 1317 2680 soher
1330 2653 1387 2679 us
1418 2640 1555 2679 locum
1579 2652 1602 2678 a
1624 2639 1895 2693 superiorum
1918 2640 2005 2680 edi-

1162 2704 1301 2736 toium
1342 2696 1583 2749 corrigendi
1618 2696 1787 2736 libidine
1818 2695 2007 2736 vindica-

1163 2759 1228 2792 tm
1235 2766 1305 2792 us
1351 2753 1467 2805 „Ego
1499 2765 1613 2800 vero,
1656 2753 1805 2804 inquit,
1838 2752 1939 2792 mihi
1970 2759 2009 2793 et

1161 2810 1202 2848 hi
1208 2822 1229 2847 e
1259 2810 1440 2862 vestigia
1469 2782 1834 2874 ἀνακολουθίας
1863 2809 2007 2850 videre

1162 2866 1349 2908 videba1
1371 2839 1534 2930 DAtque
1562 2866 1698 2918 piimo
1722 2866 1890 2917 quidem
1916 2879 2008 2905 vel-

1161 2923 1214 2961 ba
1243 2918 1362 2974 noco?
1387 2914 1574 2987 ἄνδρας
1604 2935 1652 2963 τε
1682 2923 1804 2973 sequi
1828 2923 2008 2964 debebat

1161 2976 1243 3020 καὶ
1271 2992 1403 3031 παρα
1425 2972 1600 3031 θεούς;
1631 2980 1708 3019 sed
1728 2981 1872 3028 verba,
1899 2993 2007 3030 quae

1161 3037 1408 3088 interposita
1471 3043 1593 3086 sunt,
1640 3033 1724 3077 καὶ
1771 3035 1912 3078 τοῦτο
1952 3058 2008 3065 —-

1162 3091 1573 3147 διισχυρισαίμην,
1615 3094 1833 3133 iussemnt
1867 3094 2007 3133 Plato-

1162 3163 1254 3189 nem
1287 3157 1449 3190 mutare
1481 3155 1732 3190 structuram
1760 3151 2003 3201 verborum,

1160 3219 1214 3245 ne
1244 3206 1350 3246 sorte
1381 3208 1561 3247 obseura
1591 3206 1709 3246 fieret
1738 3208 1892 3247 oratio:
1931 3220 2002 3246 cu-

1158 3264 1342 3303 iusmodi
1378 3256 1692 3305 ἀνακόλουθα
1723 3275 1800 3303 nee
1829 3263 2005 3303 alterius

1160 3320 1330 3373 linguae
1372 3322 1613 3361 auctoribus
1654 3320 1855 3360 inusitata
1891 3327 2004 3362 sunt.

1159 3390 1201 3419 v.
1232 3376 1329 3417 Gra
1348 3379 1497 3417 evius
1526 3377 1580 3417 ad
1609 3375 1695 3419 Cic.
1719 3377 1770 3416 14
1798 3377 1853 3416 ad
1873 3375 2002 3418 Attio.

1160 3446 1225 3487 cp.
1252 3435 1303 3474 17
1326 3434 1366 3473 h.
1391 3447 1427 3477 e.
1449 3435 1503 3475 ad
1525 3435 1565 3477 9.
1589 3434 1642 3473 ad
1662 3434 1755 3476 Div.
1780 3445 1848 3487 ep.
1873 3435 1937 3477 14.
1963 3436 2003 3474 2.

1159 3491 1243 3541 (Ex
1263 3491 1450 3532 Platonis
1473 3491 1642 3545 scriptis
1666 3490 1857 3543 exempla
1880 3491 2005 3531 colle-
