2158 3718
472 138 995 192 SYMPOSIUM.
1036 156 1088 206 p.
1125 140 1230 189 213
1266 139 1340 189 st.
1666 142 1770 195 105

84 283 412 360 ἀφικέσθαι,
453 286 557 342 νῦν
601 285 658 339 δὲ
703 279 816 350 ἥκω
860 285 947 339 ἐπὶ
985 285 1052 360 τῇ
1084 284 1306 361 ,κεφαλῇ
1352 287 1485 354 ἔχων
1509 281 1613 350 τὰς
1645 307 1766 343 ται-

35 390 38 398 ‘
84 372 229 434 νίας,
271 374 365 425 ἵνα
409 365 524 425 ἀπὸ
569 370 668 434 τῆς
710 368 840 438 ἐμῆς
883 369 1124 442 κεφαλῆς
1166 365 1268 434 τὴν
1298 369 1398 424 τοῦ
1427 367 1763 443 σοφωτάτου

0 479 1 482 “
83 455 178 509 καὶ
220 455 512 509 καλλίστου
555 448 833 526 κεφαλήν,
877 448 978 507 ἐὰν
1021 450 1152 507 εἰ’πω
1198 449 1403 508 οὑτωσί
1415 492 1429 518 ,
1475 450 1761 522 ἀναδήσω.

83 528 199 608 ἆρα
237 535 687 606 καταγελάσεσθε
728 555 836 607 μου
880 533 954 599 ὡς
993 535 1346 607 μεθύοντος,
1397 532 1498 606 ἐγώ
1542 540 1613 603 δέ,
1658 533 1763 594 κᾶν

82 619 239 692 ὑμεῖς
280 623 498 690 γελᾶτε,
555 617 702 691 ὅμως
756 610 814 674 εὗ
859 616 964 676 οἶδ’
1029 616 1118 676 ὅτι
1163 617 1361 688 ἀληθῆ
1407 622 1559 689 λέγω.
1609 619 1756 679 ἀλλά
1795 629 1901 679 213

2 778 4 780 ‚
81 727 189 778 paon
221 708 398 773 λέγετε
440 701 712 769 αὐτόθεν,
752 706 841 759 ἐπὶ
884 701 1076 778 ῥητοῖς
1120 708 1273 769 εὶςίω,
1313 700 1349 773 ἢ
1390 702 1498 776 μής
1540 710 1766 777 συμπίε-

81 784 287 856 affini)
340 783 439 855 0553
481 785 723 851 Πάντας
769 779 872 845 οὗν
915 787 1358 860 ἀναθορυβῆσαι
1396 790 1490 843 καὶ
1531 787 1765 847 κελεύειν

85 878 303 937 δὶςιέναι
344 874 437 927 καὶ
478 875 933 938 κατακλίνεσθαι,
975 874 1069 927 καὶ
1110 869 1212 928 τὸν
1248 868 1553 943 Ἀγάθωνα
1579 877 1766 931 καλεῖν

83 953 279 1031 αὐτόν..
325 958 416 1012 καὶ
460 953 561 1012 τὸν
603 961 743 1012 ἱέναι
792 953 1069 1027 ἀγόμενον
1111 953 1221 1012 ὑπὸ
1265 959 1377 1011 τῶν
1418 954 1766 1031 ἀνθρώπων.

83 1043 190 1097 καὶΑ
220 1038 683 1113 περιαιρούμενον
725 1035 846 1109 ἅμα
891 1037 994 1104 τὰς
1034 1045 1252 1105 ταινίας
1293 1039 1366 1104 ὡς
1389 1039 1767 1109 ἀναδήσοντα,

84 1127 439 1197 ἐπίπροσθεν
487 1126 600 1179 τῶν
658 1122 984 1196 ὀφθαλμῶν
1027 1115 1226 1194 ἔχοντα
1270 1123 1336 1180 οὐ
1382 1127 1622 1181 κατιδεῖν
1664 1123 1766 1182 τὸν

84 1204 581 1281 Σωκράτη,-άλλόι
626 1209 974 1273 καθίζεσθαι
1017 1205 1173 1280 παρὰ
1217 1204 1320 1264 τὸν
1358 1205 1668 1277 Ἀγάθωνα
1711 1215 1770 1265 ὲν

84 1298 227 1363 μέσῳ
267 1288 618 1363 Σωκράτους
661 1311 719 1346 τε
762 1293 856 1346 καὶ
911 1294 1147 1346 ἐκείνου·
1206 1294 1607 1366 παραχωρῆσαι
1661 1290 1769 1367 γὰρ

86 1371 186 1431 τὸν
228 1373 510 1447 Σωκράτη
556 1373 629 1439 ὡς
670 1381 878 1430 ἐκεῖνον
919 1377 1189 1442 καθίζειν.
1231 1375 1772 1448 παρακαθεζόμενον

85 1462 163 1515 δὲ’
189 1456 366 1515 αὐτὸν
407 1456 768 1526 ἀσπάζεσθαί
809 1479 866 1513 τε
910 1455 1011 1514 τὸν
1049 1457 1493 1532 Ἀγάθωνακαὶ
1523 1459 1771 1518 ἀναδεῖν.
1815 1469 1855 1518 Β

84 1625 140 1671 D.
161 1623 258 1666 Vat.
276 1635 318 1665 n.
351 1626 419 1664 est
447 1620 644 1663 οὕτωσέν.
676 1622 825 1663 Amhr.
854 1621 955 1664 Vat
980 1634 1014 1662 r.
1047 1621 1169 1664 vind.
1198 1622 1233 1665 1.
1267 1621 1386 1664 Flor.
1416 1636 1457 1665 ιι.
1501 1629 1668 1668 mutato
1700 1639 1773 1668 or-

86 1680 209 1724 dine=
244 1678 405 1722 οὖτωσὶ
431 1678 618 1732 κεφαλὴν
647 1677 861 1731 ἆναδήσω.
925 1678 1118 1720 Permira
1153 1684 1218 1721 est
1251 1679 1494 1722 coniectura
1519 1682 1771 1736 HommeHi,

86 1737 359 1787 scribendum
401 1738 615 1805 ριιιειιιρε.
658 1738 730 1776 ἐᾶν
771 1735 920 1788 εἶπον,
963 1735 1079 1788 quod
1118 1737 1444 1791 interpretatum
1505 1739 1629 1780 Dixi
1673 1740 1772 1783 iam

86 1796 346 1850 saepius,
394 1795 542 1835 mitti
589 1807 668 1835 me
720 1794 869 1834 velle
920 1793 1153 1835 liberum
1194 1808 1217 1835 a
1259 1796 1462 1836 vestris
1511 1797 1773 1840 manibus.

86 1857 180 1898 Ast.
214 1854 326 1895 coni.
357 1856 469 1906 ἄρα,
501 1850 575 1893 ἐὰν
605 1852 708 1891 εἴπω
740 1849 925 1902 οὑτωσί,
956 1849 1318 1904 καταγελάσεσθε,
1350 1851 1503 1893 audaci
1536 1855 1772 1906 transposi-

85 1913 204 1952 tione
232 1909 361 1954 facta
394 1909 528 1951 Orell.
561 1909 744 1949 mavult.
778 1905 833 1947 2⁹³⁹
866 1909 967 1948 εἴπω
989 1906 1164 1960 οὑτωσί,
1198 1914 1242 1950 ut
1275 1908 1414 1962 Epist.
1436 1909 1510 1951 111.
1531 1923 1575 1964 p.
1597 1910 1695 1955 318
1722 1912 1771 1953 D.

87 1967 142 2009 ἵν’
189 1965 330 2015 οὕτως
377 1969 496 2006 εἴπω.
544 1965 796 2007 Winckelm.
838 1967 948 2006 coni.
1000 1964 1075 2005 ἐὰν
1113 1965 1269 2008 ἆνείηω
1314 1965 1496 2020 οὑτωσί,
1555 1965 1772 2021 ἅναδήσω.

86 2025 185 2067 Car.
217 2024 290 2067 Fr.
322 2023 561 2066 Hermann.
590 2021 770 2063 ανειηών
800 2020 970 2064 οὑτωσί.

243 2080 384 2124 ..213
443 2080 533 2120 και
564 2078 814 2120 κελεύειν
835 2081 1115 2128 εἰςιέναι]
1151 2077 1312 2119 κελεύει
1328 2078 1523 2122 Bod1.a
1551 2093 1615 2135 pr.
1645 2094 1701 2123 m.

198 2139 550 2192 ἐπίπροσθεν
580 2141 680 2178 τῶν
720 2135 1060 2192 ὀφθαλμῶν]
1101 2137 1342 2191 ἐπίπροσθε
1372 2137 1535 2191 Coisl„
1565 2144 1614 2180 ut
1643 2141 1772 2194 solet,

86 2210 180 2240 cum
214 2195 308 2239 vat
324 2197 373 2237 A.
405 2198 512 2249 Aug
529 2207 596 2247 w.‚
629 2193 746 2247 quod
778 2193 897 2236 dedit
928 2194 1114 2237 Bekker.
1148 2205 1187 2234 v
1221 2193 1276 2235 ad
1306 2207 1346 2248 p
1383 2193 1479 2238 172.
1512 2198 1565 2237 Α.

85 2339 227 2389 borat,
258 2335 430 2378 medela
450 2335 613 2376 incerta
636 2338 718 2375 est.
753 2333 891 2375 Win-

86 2397 263 2436 ckelm
278 2407 338 2435 an
353 2406 449 2434 nus
482 2391 709 2445 legendum
730 2392 888 2433 suasit:

84 2451 158 2492 ἐὰν
205 2451 366 2492 ἀνείπω
428 2448 616 2501 οὑτωσί,
674 2447 892 2501 ἅνα.ὸή’σω

84 2510 210 2554 Quae
238 2509 348 2551 ratio
378 2507 586 2549 maiorem
622 2507 892 2547 nanciscetur

84 2567 456 2634 probabilitatem,
501 2564 571 2605 ubi
603 2567 715 2635 post
732 2562 889 2603 ἀνείπω

86 2625 359 2672 distinxeris,
402 2620 564 2662 οὑτωσί
600 2620 654 2663 ad
691 2618 891 2672 ἄναδήσω

84 2683 240 2724 relato.
322 2679 412 2721 Sed
460 2677 604 2719 fateor
654 2679 887 2721 molestum

83 2738 183 2780 mihi
215 2737 412 2780 accidere
451 2735 563 2777 istud
603 2733 678 2774 ἐάν
709 2735 887 2777 coniun-

84 2796 199 2837 ctivo
241 2795 467 2835 sociatum.
539 2792 671 2835 Quod
725 2793 766 2834 in
812 2790 889 2833 tali

85 2852 298 2893 sententia
310 2851 380 2891 vix
393 2852 532 2891 iocum
545 2849 692 2891 habet.
721 2850 890 2893 Quam-

85 2909 236 2950 obrem
281 2907 420 2960 probo
462 2906 603 2958 potius
645 2906 764 2958 quod
812 2919 889 2946 nu-

84 2966 275 3020 perrime
295 2962 483 3004 deditC
515 2961 596 3004 Fr.
630 2962 890 3003 Herman-

86 3035 214 3066 nust
285 3019 355 3060 καὶ
422 3019 649 3058 καλλίστου
707 3017 892 3072 κεφαλὴν

85 3076 266 3120 ἅιειπών
310 3076 424 3130 (ubi
467 3087 584 3116 eum
619 3075 890 3116 victorem

85 3132 529 3187 renunciavero)
582 3132 743 3173 ουτωσι
786 3131 890 3172 ἄνα-

87 3193 217 3246 δήσω.
255 3191 466 3233 Ἀνειπεῖν
502 3189 579 3231 hac
611 3189 651 3230 iu
682 3202 729 3231 re
761 3190 890 3230 solie-

88 3264 188 3294 mne
220 3262 317 3292 esse
347 3252 529 3290 constat.
561 3258 600 3287 v
635 3246 771 3299 Legg.
795 3245 888 3287 xil.

90 3323 131 3363 p
163 3306 262 3353 946.
296 3305 348 3346 Β.
394 3300 679 3346 Schaeser.
714 3302 769 3344 ad
805 3303 890 3345 De-

93 3363 249 3409 mosth.
285 3365 487 3417 Apparet.
522 3361 573 3403 ll.
606 3373 649 3414 p
666 3359 735 3406 90.

1032 2331 1213 2378 Ρ2.13
1275 2335 1463 2388 λεγετε
1493 2335 1773 2392 αυτόθεν]

973 2392 1020 2434 In
1063 2390 1125 2433 his
1168 2389 1392 2444 αὐτόθεν,
1436 2394 1553 2447 quod
1597 2394 1774 2449 proprie

976 2454 1044 2491 est
1086 2461 1148 2490 ex
1191 2448 1306 2501 ipsa
1354 2462 1413 2491 re
1464 2452 1772 2505 praesenti,

977 2506 1185 2559 significat
1216 2506 1433 2560 statim,
1466 2509 1639 2551 illico.
1703 2509 1774 2550 Si-

974 2563 1088 2606 milia
1120 2562 1216 2604 vide
1246 2562 1300 2604 ad
1332 2563 1498 2607 Phileb.
1532 2579 1576 2620 p.
1601 2566 1698 2612 170.
1719 2588 1774 2596 —

974 2619 1060 2662 ἐπὶ
1090 2618 1292 2673 ῥητοῖς,
1315 2620 1353 2662 11.
1375 2635 1414 2664 e.
1433 2624 1528 2664 sub
1561 2637 1618 2666 ea
1650 2636 1775 2666 con-

974 2677 1226 2728 ditione,
1259 2691 1417 2730 quam
1455 2679 1581 2722 dixi.
1641 2681 1776 2722 Com-

972 2738 1099 2790 parat
1129 2734 1512 2788 Wyttenbach.
1549 2737 1774 2782 Plutarch.

973 2793 1029 2834 de
1062 2791 1262 2846 Auditp
1268 2791 1366 2836 ..42
1387 2793 1440 2836 Ε.
1498 2795 1694 2850 Respicit
1717 2793 1776 2837 ad

975 2863 1018 2904 p
1040 2848 1137 2893 213-
1171 2849 1230 2890 Ε·
1235 2806 1493 2904 Ρμεθύοντα
1523 2852 1662 2908 ἄνδρα
1691 2850 1778 2893 πά-

973 2904 1246 3015 ἕῖιὲἶῗῗρξῖ
1260 2907 1436 3008 ὃῖἒεῗῗε
1467 2910 1711 3009 ssss‘nffffl’
1691 2926 1775 3006 ...ἲ-

1535 2982 1580 3009 ra
1646 2969 1701 3020 igi

978 3021 1298 3062 Riickertus
1339 3024 1497 3066 nullam
1538 3025 1637 3065 dum
1670 3035 1775 3064 con-

977 3077 1181 3119 ditionem
1221 3085 1506 3123 memoratam
1546 3094 1643 3123 esse
1684 3079 1777 3121 exi-

976 3134 1168 3179 stimans.

1035 3245 1140 3294 υπὸ
1186 3253 1284 3291 τῶν
1314 3246 1700 3304 ἆιθρωπων]ἰ.
1734 3261 1773 3290 e-

978 3301 1068 3402 gn&
1101 3310 1183 3407 vatin
1213 3305 1488 3358 ἀκολούθων,
1519 3316 1627 3358 quoe
1646 3317 1774 3359 supra

1010 3373 1125 3404 ixera
