2158 3718
329 169 428 219 106
935 161 1401 216 PLATONIS

327 318 428 369 οῦν
478 311 738 381 δαιμόνια
797 314 895 377 μὲν
950 332 1057 386 φης
1098 329 1164 379 με
1207 311 1297 362 καὶ
1346 311 1580 378 νομίζειν
1604 311 1694 362 καὶ
1724 307 2015 370 διδάσκειν,

325 399 419 454 εἴτ’
475 390 577 451 οὖν
619 392 784 450 καινὰ
840 395 942 449 εἴτε
987 391 1231 447 παλαιοὶ·
1293 392 1420 447 ἀλλ’
1486 415 1588 448 ουν
1650 389 1911 462 ὑαιμόνια
1957 413 2015 460 με

325 486 522 554 νομίζω
563 478 704 534 κατὰ
749 476 849 532 τὸν
891 475 994 532 σὸν
1036 474 1133 545 λό)
1139 498 1219 541 ον,
1266 481 1356 532 καὶ
1404 480 1583 531 ταῦτα
1631 479 1723 531 καὶ
1768 473 2017 544 διωμόσω

325 574 383 621 ἐν
429 569 492 642 τῆ
535 563 870 638 ἁντιγραφῆ.
916 568 961 616 εὶ
1005 563 1061 615 δὲ
1107 559 1369 630 δαιμόνια
1414 566 1646 630 νομίζω,
1690 564 1782 615 καὶ
1826 563 2020 630 δαίμο-

326 673 428 715 νας
471 648 650 716 δήπου
693 644 872 711 πολλὴ
920 644 1140 715 ἀνάγκη
1186 648 1422 714 νομίζειν
1460 651 1524 714 μὲ
1573 653 1738 700 ἐστιν.
1783 643 1885 715 οὐχ
1927 641 2022 699 οὕ-

326 756 432 798 τως
472 739 607 804 ἔχεις
654 737 753 801 ἔχει
796 729 892 796 ‹522-
941 733 1142 798 τίθημι
1186 728 1292 801 γάρ
1324 748 1380 784 σε
1405 729 1612 798 ὁμολο)
1617 733 1807 791 οῦντα,
1835 726 2020 794 ἐπειδὴ

330 819 430 874 οὐκ
471 817 780 886 ἀποκρίνει.
819 816 953 879 τοὺς
997 817 1053 868 δὲ
1098 817 1368 883 δαίμονας
1412 813 1531 884 οὐχὶ
1575 811 1702 880 ἤτοι
1748 810 1926 877 θεούς
1963 833 2021 882 γε

325 899 623 973 ἡγούμεθα
679 895 710 966 ἢ
773 903 927 954 θεῶν
981 902 1216 962 amida-g,-
1272 896 1382 974 φῂς
1443 895 1475 964 ἢ
1537 897 1637 962 οὓς
1719 898 1890 951 [Ιάνυ
1945 918 2021 965 γε.

332 987 549 1042 Οὐκοῦν
592 984 740 1054 εἴπερ
793 987 1067 1054 δαίμονας
1107 980 1379 1051 ἡγοῦμαι,
1420 980 1494 1045 ὡς
1539 979 1605 1036 σὺ
1650 980 1787 1057 φῄς,
1835 987 1881 1035 εἰ
1922 985 2023 1050 μὲν

328 1075 462 1125 θεοί
519 1077 661 1133 τινὲς
718 1074 851 1123 εἰσιν
908 1074 960 1124 οἱ
1021 1071 1310 1137 δαίμονες,
1368 1065 1524 1121 τοῦτ’
1589 1061 1662 1118 div
1719 1063 1801 1131 εἴη
1845 1064 1875 1119 ὃ
1919 1062 2021 1132 ἐγώ

325 1160 468 1230 φημί
511 1174 568 1208 σε
613 1158 970 1210 αἰνίττεσθαι
1017 1155 1110 1206 καὶ
1149 1153 1634 1222 χαριεντίζεσθαι,
1694 1147 1870 1212 θεοὺς
1924 1147 2024 1219 οὐχ

444 1375 526 1415 καὶ
568 1367 843 1423 διωμόσω]
892 1368 940 1411 V.
974 1354 1184 1421 διομόσω,
1217 1384 1380 1414 errore.
1444 1373 1546 1414 Mox
1583 1373 1766 1424 νομίζειν
1795 1369 1882 1421 ἐμὲ
1912 1369 2025 1410 ἐστιν

329 1435 435 1476 Ven.
473 1434 529 1474 A.
562 1433 602 1473 b.
637 1432 735 1472 Par.
767 1428 815 1471 E.
857 1436 903 1468 ut
934 1427 1057 1470 dedit
1091 1430 1275 1470 Bekker.

441 1491 493 1531 εἰ
519 1489 574 1530 δὲ
605 1480 861 1536 δαιμόνια
891 1487 959 1539 ν.]
993 1487 1143 1541 Stepb.
1177 1486 1295 1527 εἰδὲ
1326 1489 1394 1528 καὶ
1427 1487 1463 1531 δ.

330 1630 622 1686 ποησάμενος,
668 1624 768 1668 ἀλλὰ
807 1626 969 1669 κοινόν.
1044 1629 1129 1668 lta-

328 1705 413 1744 qne
451 1691 544 1730 nihii
591 1687 854 1729 mutandum.
929 1687 1128 1727 Ceterum

329 1746 486 1802 μόγις
518 1753 586 1788 est
626 1745 847 1787 tandem
888 1746 1131 1796 aliqnan-

331 1809 422 1858 do,
460 1806 515 1846 de
555 1818 641 1855 quo
683 1815 765 1843 usu
800 1816 838 1844 v.
885 1801 939 1843 ad
975 1803 1130 1843 Prota·

330 1879 423 1934 gor.
457 1877 500 1934 p
530 1862 630 1906 348.

388 1916 500 1962 ἀλλ’
539 1915 638 1960 οὖν
669 1913 934 1966 δαιμόνιά
964 1930 1021 1969 γε
1052 1930 1130 1955 νο-

331 1980 486 2033 μίζω]
557 1976 800 2020 Referenda
870 1979 970 2014 sunt
1030 1973 1135 2014 haec

331 2039 464 2080 verba
523 2037 576 2077 ad
636 2048 709 2081 ea,
769 2045 880 2101 qnae
936 2032 1134 2102 proxime

332 2093 620 2163 praecedunt,
669 2085 750 2132 εἴτ’
783 2082 865 2131 οὖν
898 2086 1023 2129 καινὰ
1054 2091 1137 2129 εἴτε

334 2149 505 2197 παλαιά.

392 2205 643 2260 διωμόσω
687 2204 741 2246 ἑν
779 2205 837 2256 τῇ
861 2199 1135 2303 Ιἀντιγρα-

334 2270 431 2323 φῇ]
476 2260 745 2334 Ἀντιγραφὴ
777 2262 888 2305 1ι.ι.
926 2261 1041 2304 idem
1073 2266 1139 2305 est

332 2326 448 2382 quod
484 2340 576 2379 cap.
611 2323 682 2366 ΙΙΙ.
719 2317 987 2371 ἀντωμοσιᾋα
1029 2318 1068 2363 h.
1101 2333 1137 2360 e.

333 2386 570 2427 libeiius
607 2380 1017 2429 accusationis,
1063 2390 1136 2417 cu-

333 2446 400 2485 ius
444 2454 550 2483 usus
581 2439 826 2491 exemptum
861 2436 1140 2478 desiderabat

337 2499 695 2542 Schoeniann.
741 2494 804 2534 de
846 2507 899 2535 re
946 2492 1139 2534 iudici-

337 2558 456 2600 aria
489 2552 670 2597 Athen.
704 2567 744 2605 p.
777 2552 894 2602 629„
928 2550 998 2602 qui
1029 2562 1140 2590 nunc

337 2613 594 2657 sententiam
635 2623 754 2651 sunm
799 2608 1047 2651 retractavit
1085 2605 1138 2647 ad

337 2674 558 2714 Isaeum
596 2682 638 2721 p.
679 2666 780 2710 347.
854 2665 952 2706 Hoc
995 2665 1139 2706 iibeilo

338 2729 550 2771 iudicibus
596 2726 784 2775 tradito,
834 2729 958 2764 actor
999 2722 1142 2762 iurare

338 2786 596 2829 calumniam
629 2782 842 2831 debebat,
873 2778 987 2832 quod
1021 2778 1138 2820 fece-

338 2850 408 2886 rat
466 2843 597 2884 etiam
650 2839 852 2881 Meietffus
935 2836 1140 2880 Ceterum

341 2903 447 2944 hanc
487 2892 758 2951 ἀντιγραφὴν
806 2900 911 2948 puto
957 2895 1009 2935 ab
1052 2895 1140 2947 ipsa

342 2959 491 3014 γραφῇ
542 2957 696 2997 eodem
759 2953 889 2995 modo
950 2951 1139 3002 differre,

341 3030 428 3071 quo
482 3014 626 3055 differt
677 3012 730 3054 ab
777 3024 826 3051 ea
877 3005 1171 3059 ἀντωμοσίας·

342 3074 456 3116 unde
488 3070 669 3114 nominis
701 3069 811 3110 ratio
851 3067 979 3109 habet
1010 3069 1144 3120 expli-

343 3133 576 3175 ontionem.

404 3191 455 3233 D.
518 3184 631 3240 ἤτοι
675 3179 854 3225 θεούς
899 3197 954 3236 γε
985 3177 1142 3236 ηγού-

342 3246 484 3300 μεθα
514 3241 541 3299 ἢ
571 3244 719 3284 θεων
750 3238 962 3294 παῖδας]
1007 3241 1144 3282 Phne-

343 3306 445 3348 don.
476 3317 518 3356 p
552 3303 620 3347 76.
655 3305 704 3344 Α.
754 3297 849 3354 ἤτοι
879 3296 1152 3349 ἐπιστάμενοι

344 3378 392 3418 γε
415 3357 523 3405 αὐτὰ
553 3356 787 3428 γεγόναμεν
819 3381 875 3388 -
910 3353 935 3410 ἢ
965 3353 1148 3411 ὕστερον

345 3445 400 3456 —
439 3415 844 3472 ἀναμιμνήσκονται.
906 3415 1045 3470 Gorg.
1104 3429 1148 3469 p.

1216 1627 1315 1672 460.
1341 1634 1388 1669 A.
1430 1624 1524 1679 ἤτοι
1551 1625 1765 1682 πρότερόν
1788 1643 1834 1682 γε
1857 1625 1882 1681 ἢ
1902 1625 2024 1668 ὔστε-

1218 1701 1298 1738 ρον
1328 1684 1527 1739 μαθόντα
1559 1682 1673 1738 παρὰ
1707 1687 1805 1727 σοῦ.
1850 1686 1961 1727 Ibid.
1984 1700 2025 1738 p.

1216 1745 1318 1790 467.
1354 1745 1402 1788 E.
1435 1743 1677 1796 Thucyd.
1711 1745 1742 1786 1.
1771 1744 1843 1788 40.
1884 1745 1924 1788 1.
1970 1745 2022 1786 ΙΙ.

1219 1804 1298 1856 10,
1330 1804 1369 1847 2.
1403 1802 1481 1843 VI.
1513 1801 1596 1849 34,
1629 1803 1670 1844 2.
1718 1803 1894 1856 Protag.
1922 1801 2024 1845 331.

1218 1862 1270 1902 B.
1330 1860 1568 1901 Elmslei.
1628 1859 1681 1900 ad
1730 1859 1845 1901 Med.
1896 1860 2024 1904 1263.

1220 1918 1465 1960 Attulimus
1498 1916 1630 1967 haec,
1671 1918 1770 1970 qnia
1809 1917 1890 1958 hoc
1919 1931 2027 1970 quo-

1222 1989 1306 2029 que
1338 1974 1536 2028 ioque-ndi
1576 1988 1712 2028 genus
1743 1976 1855 2016 maie
1886 1989 1911 2016 a
1942 1975 2027 2016 cri-

1223 2034 1321 2074 ticis
1362 2039 1428 2074 est
1470 2038 1697 2076 tentatum.
1762 2033 1890 2074 Patet
1919 2045 2026 2074 vero

1223 2092 1412 2145 priorem
1461 2089 1743 2132 disiunctivae
1785 2090 2028 2132 sententiae

1225 2155 1391 2202 partem
1439 2149 1480 2189 in
1519 2148 1678 2189 talibus
1721 2149 1885 2189 maiore
1930 2159 2027 2189 cnm

1226 2207 1263 2247 vi
1295 2206 1461 2256 efferri,
1493 2210 1541 2246 ut
1572 2205 1609 2248 h.
1643 2207 1696 2258 1.,
1738 2205 1809 2246 ubi
1843 2206 2030 2246 Germa-

1226 2265 1322 2306 nice
1377 2263 1561 2306 dixeris:
1609 2262 1883 2305 entweder
1927 2275 2032 2316 gar

1226 2323 1449 2375 Gotter‚
1483 2321 1616 2362 oder
1636 2320 2028 2362 Gottersohne.

1227 2379 1412 2421 Ponitur
1455 2383 1598 2420 autem
1639 2380 1711 2420 hic
1749 2390 1906 2420 nomen
1939 2377 2028 2419 δαί-

1224 2448 1352 2488 μονες
1384 2438 1535 2477 latiore
1566 2437 1906 2489 significatione,
1943 2449 2030 2488 qua

1225 2497 1292 2536 vei
1345 2493 1452 2535 deos
1507 2505 1691 2546 superos
1729 2494 1907 2534 denotat
1962 2495 2029 2535 vei

1224 2554 1393 2605 genios,
1425 2563 1606 2603 qnorum
1642 2555 1725 2600 est,
1764 2551 2028 2592 communio-

1224 2623 1322 2651 nem
1364 2609 1474 2649 inter
1514 2608 1705 2650 homines
1751 2613 1879 2660 atque
1921 2607 2030 2650 deos

1225 2669 1404 2720 iungere
1436 2671 1480 2707 et
1513 2671 1712 2718 tanquam
1746 2665 1932 2707 medium
1963 2666 2028 2706 in-

1226 2731 1291 2765 ter
1326 2729 1536 2775 utrosque
1570 2725 1709 2765 {ocum
1743 2723 1801 2764 ita
1836 2724 2027 2776 expiere,

1228 2787 1275 2822 nt
1315 2780 1507 2822 homines
1549 2786 1752 2822 tueantur
1791 2785 1836 2822 et
1879 2786 2029 2822 custo-

1228 2839 1360 2882 diant.
1420 2839 1496 2880 iilo
1538 2839 1778 2891 significatu
1818 2838 2028 2880 ereberri-

1228 2910 1344 2938 mnm
1379 2903 1445 2936 est
1474 2896 1588 2950 apud
1622 2900 1803 2948 poetas,
1843 2897 2031 2937 maxime

1229 2953 1340 3007 apud
1373 2955 1660 3008 antiquiore&
1693 2954 1831 2994 hocin
1853 2953 2029 3005 scriptis

1229 3025 1360 3065 quum
1404 3012 1582 3053 aliorum
1623 3018 1711 3053 tum
1748 3012 1939 3052 Platonis
1971 3011 2031 3050 in-

1229 3069 1374 3123 primis
1394 3069 1716 3120 frequentatum
1747 3067 1859 3110 cons.
1894 3067 2030 3121 Legg.

1228 3127 1305 3169 1v.
1342 3142 1386 3181 p.
1423 3127 1521 3172 713.
1554 3128 1604 3167 Ι).
1635 3140 1731 3179 sqq.
1774 3139 1816 3179 p.
1849 3126 1946 3170 717.
1983 3125 2032 3177 Β.

1230 3186 1434 3238 Sympos.
1467 3199 1509 3239 p.
1544 3185 1640 3229 202.
1676 3183 1725 3227 E.
1755 3186 1811 3226 ai.
1857 3183 2031 3224 Tenen-

1232 3243 1333 3284 dum
1367 3243 1447 3284 hoc
1479 3243 1732 3296 diiigenter,
1773 3253 1858 3292 qno
1897 3240 2031 3292 magis

1233 3301 1297 3340 vis
1328 3299 1713 3354 argumentationis
1753 3298 2027 3352 percipiatur.

1235 3357 1338 3399 Mox
1381 3358 1435 3400 de
1475 3357 1732 3411 repetitione
1774 3356 2070 3399 verborum..

1234 3413 1381 3469 ἐπειδή
1430 3431 1477 3471 γε
1517 3414 1722 3465 δαίμονας
1765 3408 1950 3466 ἠγοῦμαι
1989 3425 2026 3455 v.
