2158 3718
316 141 413 191 188
893 138 1422 192 PRAEFATxO

311 299 478 349 quum
525 278 685 333 facile
733 280 890 334 nobis
942 279 1366 350 persuadeamus
1431 300 1498 332 ex
1545 280 1855 334 Socraticae
1914 299 2002 333 sa·—

310 351 548 422 pientiae
588 351 827 404 fonti-bus
851 360 1127 420 tamquam
1151 351 1294 404 ultro
1320 351 1669 423 profluxisse,
1709 358 1824 403 tum
1850 350 1999 404 haud

310 423 492 493 paullo
541 421 818 476 difficilius
868 422 1128 475 iudicium
1168 422 1234 475 de
1272 423 1337 476 iis
1378 431 1492 490 est,
1546 441 1684 491 quae
1724 442 1779 492 p.
1817 424 1905 475 49.
1945 424 2000 475 A

309 524 381 533 —
407 493 474 547 E.
514 491 731 547 Socrati
768 499 896 546 sunt
932 493 1224 565 adscripta.
1300 493 1467 562 Quod
1506 494 1649 546 enim
1686 494 1762 547 ibi
1793 494 1876 547 vir
1915 512 2002 546 sa-

310 565 466 635 piens
508 565 585 617 ita
621 565 848 634 loquens
886 563 1190 633 inducitur,
1234 574 1296 618 ut
1332 586 1441 619 non
1479 564 1641 618 modo
1681 565 1884 618 nullam
1919 565 2002 617 in-

310 637 574 690 iustitiam
611 635 1053 688 committendam
1090 644 1324 704 statuat,
1377 636 1475 690 sed
1522 657 1589 689 ne
1637 638 1824 690 referri
1883 637 2004 706 qui-

311 707 434 760 dem
469 707 719 759 iniuriam
756 706 953 759 iniuria
988 707 1147 772 velit3
1189 716 1271 761 est
1308 708 1412 760 hoc
1451 727 1579 760 sane
1618 708 1901 777 eiusmodi,
1940 719 2002 763 ut

310 779 478 832 menti
529 796 592 830 ac
645 779 949 831 sententiae
999 778 1273 847 Socratis,
1326 780 1538 849 qualem
1585 779 1802 833 aliunde
1839 780 2004 836 habe-

309 869 429 902 mus
483 849 784 920 cognitam,
852 849 1104 903 videatur
1151 850 1428 904 adversari
1486 870 1595 903 non
1643 851 2004 906 mediocriter.

309 921 454 974 Nam
519 920 666 990 apud
725 921 1270 992 Xenophontem
1335 920 1553 992 quidem
1609 923 1776 976 Mem.
1824 923 1901 978 II.
1954 927 2005 992 3,

313 996 396 1046 14.
448 994 665 1063 sapiens
703 992 1060 1047 Atheniensis
1115 995 1364 1064 sequitur
1416 994 1742 1047 sententiam
1778 995 2009 1066 popula-

309 1083 467 1133 rem,¹
505 1083 614 1134 qua
660 1063 934 1118 laudabile
987 1073 1042 1118 et
1091 1065 1382 1118 honestum
1428 1065 1754 1136 putabatur,
1820 1067 2008 1120 amicis

307 1136 478 1206 bene,
530 1135 764 1189 inimicis
812 1136 950 1189 male
1001 1137 1209 1206 facere,
1274 1136 1341 1190 de
1384 1156 1493 1206 qua
1543 1157 1593 1192 v,
1642 1135 2008 1191 Commentar.

310 1227 462 1280 exeg.
515 1206 585 1260 ad
633 1206 845 1260 Criton.
894 1228 947 1279 p.
995 1210 1083 1260 49.
1131 1208 1199 1260 Β.
1285 1207 1438 1262 Idem
1489 1208 1624 1261 facit
1674 1208 1747 1261 11.
1803 1212 1865 1277 1,
1922 1211 2006 1262 19.

310 1298 420 1348 quo
479 1279 601 1332 loco
659 1278 863 1332 amicos
919 1278 1328 1348 conciliandos,
1401 1279 1648 1332 inimicos
1707 1279 2008 1334 vincendos

309 1369 428 1403 esse
478 1351 788 1404 arbitratur.
874 1350 1072 1420 Neque
1128 1350 1282 1404 aliter
1333 1348 1541 1404 iudicat
1580 1351 1653 1402 II.
1703 1352 1766 1418 6,
1807 1352 1894 1404 35.
1954 1361 2012 1405 et

308 1422 415 1475 ΠΙ.
454 1424 504 1491 9,
546 1423 594 1475 8.
637 1422 704 1474 al.
779 1422 862 1482 At
917 1423 1060 1475 enim
1096 1441 1225 1475 vero
1264 1430 1391 1475 sunt
1428 1422 1484 1474 hi
1520 1421 1627 1475 loci
1664 1421 2007 1493 Xenophon-

309 1493 380 1546 tis
431 1513 619 1547 omnes
668 1501 859 1547 nostro
899 1492 1120 1564 quidem
1169 1492 1372 1547 iudicio
1423 1494 1500 1546 ita
1553 1495 1882 1564 comparati,
1945 1502 2009 1547 ut

311 1584 496 1617 eorum
533 1565 858 1618 testimoniis
907 1564 1173 1618 utendum
1221 1565 1293 1618 sit
1341 1565 1668 1618 cautissime.
1744 1565 2008 1636 Disputat

310 1636 452 1689 enim
491 1635 747 1691 Socrates
784 1636 860 1689 ibi
895 1637 1006 1706 sic,
1047 1645 1109 1688 ut
1147 1655 1269 1689 sese
1307 1636 1377 1688 ad
1412 1637 1693 1708 vulgarem
1729 1636 2008 1690 hominum

309 1708 619 1778 opinionem
669 1707 946 1776 demittat,
999 1728 1106 1778 quo
1157 1708 1370 1761 facilius
1426 1706 1622 1761 deinde
1671 1727 1764 1761 eos
1803 1707 2004 1762 habeat

310 1780 414 1833 sibi
464 1779 895 1846 consentientes,
949 1779 1272 1848 quibuscum
1322 1779 1664 1849 colloquitur.
1753 1778 1842 1832 Ex
1891 1799 2002 1850 quo

308 1858 503 1922 sponte
567 1851 951 1920 consequitur,
1011 1850 1148 1903 nihil
1208 1851 1332 1904 illos
1390 1852 1570 1904 valere
1629 1850 1699 1903 ad
1758 1851 2005 1922 aperien-

310 1921 434 1975 dam
492 1942 675 1976 veram
735 1922 851 1977 eius
908 1923 1249 1975 sententiam.
1351 1921 1508 1990 Quae
1577 1923 1755 1992 qualis
1820 1922 2002 1990 fuerit,

309 1994 578 2066 suspicari
614 1995 799 2065 potius
838 2013 906 2047 ex
943 1994 1009 2048 iis
1045 1994 1194 2061 licet,
1237 2013 1374 2063 quae
1412 1995 1578 2047 Mem.
1619 1994 1693 2047 11.
1733 1996 1784 2062 3,
1821 1995 1851 2046 5
1883 2013 2005 2064 sqq.

309 2065 556 2133 disserit,
608 2066 704 2119 ubi
753 2065 992 2119 officium
1039 2066 1256 2137 exigere
1305 2065 1576 2134 ostendit,
1638 2073 1725 2133 ut,
1786 2065 1832 2118 si
1883 2066 2005 2133 quis

309 2138 531 2190 fratrem
593 2137 791 2190 habeat
848 2136 953 2190 sibi
1011 2136 1320 2205 inimicum,
1383 2156 1534 2205 eum,
1599 2137 1680 2189 ira
1734 2137 2005 2207 seposita,

309 2209 560 2262 omnibus
620 2207 794 2262 modis
858 2206 1076 2278 placare
1138 2206 1351 2278 sibique
1408 2208 1697 2262 conciliare
1759 2206 2006 2272 studeat3
2082 2233 2089 2241 ⁴

307 2281 544 2350 itemque
595 2299 663 2333 ex
709 2281 875 2333 Mem.
916 2279 991 2332 II.
1032 2281 1079 2333 2.
1128 2280 1201 2332 in.
1252 2280 1346 2334 ubi
1394 2287 1751 2351 posteaquam
1800 2277 2005 2347 docuit,

307 2352 552 2423 ingratos
593 2371 710 2406 esse
748 2352 805 2404 in
838 2370 1062 2404 numero
1105 2351 1430 2405 iniustorum
1466 2350 1764 2411 habendos,
1805 2349 2003 2403 deinde

309 2425 471 2475 etiam
509 2423 767 2491 ostendit,
807 2422 1068 2492 imprimis
1104 2421 1395 2475 liberorum
1419 2441 1558 2490 esse,
1600 2429 1853 2492 parentes
1879 2441 2005 2491 pro-

307 2502 428 2565 pter
465 2495 732 2548 beneficia
781 2495 838 2547 in
887 2494 1035 2564 ipsos
1074 2493 1274 2546 collata
1310 2494 1402 2563 pie
1438 2493 1702 2560 revereri,
1754 2511 2003 2562 praeser-

307 2565 405 2618 tim
445 2585 611 2635 quum
647 2566 898 2636 impietas
947 2566 1003 2617 in
1042 2572 1296 2634 parentes
1338 2565 1499 2617 etiam
1539 2563 1754 2633 publice
1793 2564 2004 2634 gravis-

309 2638 460 2690 simis
498 2636 691 2707 poenis
728 2635 1000 2689 afficiatur
1036 2635 1423 2704 hominumque
1464 2642 1796 2688 contemtum
1837 2635 2006 2687 comi-

308 2717 420 2760 tem
456 2707 658 2760 habere
696 2707 889 2760 soleat.
963 2706 1234 2760 Nimirum
1268 2706 1322 2760 in
1349 2707 1432 2760 his
1460 2707 1595 2778 ipsis
1622 2707 1810 2758 insunt
1848 2706 2006 2775 quasi

309 2778 577 2848 quaedam
615 2779 846 2832 stamina
883 2797 1097 2847 eorum,
1152 2797 1291 2848 quae
1331 2778 1488 2831 Plato
1536 2779 1614 2830 ita
1651 2778 1701 2830 ei
1738 2777 2004 2843 attribuit,

307 2859 367 2902 ut
391 2851 553 2903 etiam
578 2850 868 2922 significet,
899 2850 1075 2902 virum
1104 2850 1563 2919 sapientissimum
1595 2849 1702 2901 iam
1728 2848 2005 2919 superiore

307 2930 549 2992 tempore
581 2922 658 2974 ita
695 2921 951 2989 sensisse,
990 2929 1052 2974 ut
1089 2921 1238 2974 nullo
1275 2929 1456 2993 pacto,
1492 2941 1560 2974 ne
1585 2919 1857 2974 vindictae
1885 2920 2006 2988 qui-

310 2993 432 3045 dem
469 2992 762 3046 sumendae
802 3011 1011 3060 caussa,
1051 2992 1300 3046 iniuriam
1340 2991 1731 3045 admittendam
1767 3009 1884 3044 esse
1922 2991 2004 3043 iu-

310 3063 590 3118 dicaverit.
678 3064 858 3132 Quam
921 3063 1138 3134 quidem
1195 3083 1378 3117 veram
1443 3064 1616 3135 ipsius
1678 3062 2003 3116 sententiam

309 3135 478 3189 tuisse
517 3136 679 3188 etiam
718 3134 843 3189 inde
874 3135 1145 3206 suspicari
1169 3135 1315 3204 licet,
1354 3134 1502 3205 quod
1538 3136 1644 3188 iam
1673 3141 1798 3186 ante
1824 3133 2004 3205 ipsum

310 3206 631 3275 extiterant,
686 3208 780 3277 qui
837 3206 906 3260 de
955 3207 1188 3261 inimicis
1234 3206 1534 3261 tractandis
1573 3205 1866 3260 sensissent
1902 3204 2003 3256 hu-

309 3278 520 3331 manius
551 3279 627 3348 (v.
653 3277 959 3333 Fischer.
1001 3278 1139 3352 disp.
1165 3279 1187 3349 (
1228 3278 1437 3332 raeside
1458 3277 1608 3332 Frid.
1635 3278 1782 3347 Aug.
1821 3274 2003 3329 Wol-

309 3351 406 3404 fio
445 3348 728 3419 defensa):
804 3346 955 3418 Quid
1005 3349 1071 3403 de
1123 3351 1186 3405 of
1222 3350 1318 3403 ciis
1356 3358 1411 3403 et
1449 3367 1627 3403 amore
1664 3366 1793 3419 erga
1827 3346 2003 3399 inimi-
