2158 3718
478 154 990 210 SYMPOSIUM.
1028 178 1089 227 p.⁴
1124 163 1215 212 181
1277 162 1352 215 St.
1698 169 1768 219 51

15 330 17 332 ·
83 294 280 367 ὀρθῶς
334 301 391 354 δὲ
468 298 710 372 αἰσχρόν.
797 299 940 357 οὕτω
1005 300 1072 371 δὴ
1127 307 1222 360 καὶ
1272 304 1337 363 τὸ
1395 311 1531 379 ὲρᾶν
1592 314 1687 367 καὶ
1733 311 1763 368 ὁ

24 404 31 413 ’
67 378 245 451 ’Έρως
289 381 355 438 οὐ
415 386 528 448 πᾶς
569 390 683 439 ἐστι
738 383 906 451 καλὸς
948 387 1073 444 οὐδὲ
1116 386 1270 457 ἄξιος
1306 391 1765 464 ἐγκωμιάζεσθαι,

80 462 207 520 ἀλλ’
259 465 289 523 ὁ
336 469 515 532 καλῶς
558 475 884 540 προτρέπων
929 475 1080 543 ὲρᾶν.

206 547 347 627 Cap.
394 547 502 608 IX.
565 549 624 607 ‘O
665 556 767 622 μὲν
810 546 911 610 οὖν
955 560 1052 624 τῆς
1091 556 1384 628 πανδήμου
1423 557 1757 637 Ἀφροδίτης

77 630 152 699 ὡς
195 633 434 703 ἀληθῶς
474 634 762 706 πάνδημός
811 645 924 695 ἐστι
976 644 1070 696 καὶ
1113 641 1453 715 ἐξεργάζεται
1507 643 1557 702 ὅν
1583 669 1635 703 τι
1677 645 1752 705 ἂν
1797 654 1838 703 Β

82 715 246 795 nime
291 721 382 775 καὶ
432 712 599 784 οὗτός
642 727 808 794 ἐστιν,
852 721 919 780 ὃν
962 729 1256 802 οἱφαῦλοι
1299 730 1410 783 τῶν
1430 727 1758 805 ἀνθρώπων

74 805 284 874 ἐρῶσιν.
357 805 518 875 ἐρῶσι
561 808 617 860 δὲ
666 811 720 862 οἱ
754 811 1003 865 τοιοῦτοι
1043 812 1267 882 πρῶτον
1309 814 1411 882 μὲν
1456 813 1557 886 οὐχ
1583 809 1758 882 ἦττον

74 889 352 956 γυναικῶν
399 883 432 954 ἢ
475 892 714 957 παίδων,
771 895 958 948 ἔπειτα
1024 887 1102 949 ὧν
1143 898 1236 950 καὶ
1277 898 1454 970 ἐρῶσι,
1495 903 1607 955 τῶν
1650 921 1756 962 oua-2

71 967 262 1041 μάτων
305 973 522 1042 μᾶλλον
565 970 600 1041 ἢ
646 977 757 1030 τῶν
800 979 1021 1052 ψυχῶν,
1084 982 1272 1034 ἔπειτα
1317 977 1391 1045 ὡς
1431 978 1503 1039 ἂν
1549 983 1755 1041 δύνων-

71 1074 168 1110 ται
211 1053 629 1123 ἀνοητοτάτων,
670 1056 810 1131 πρὸς
852 1059 917 1116 τὸ
957 1059 1385 1132 διαπράξασθαι
1410 1064 1592 1137 μόνον
1632 1071 1756 1140 βλέ-

68 1158 298 1205 ποντες,
355 1137 691 1211 ἀμελοῦντες
744 1146 802 1198 δὲ
852 1147 953 1200 τοῦ
1006 1148 1186 1210 καλῶς
1238 1143 1270 1213 ἢ
1332 1147 1427 1219 μή.
1483 1147 1630 1208 ὅθεν
1685 1149 1752 1221 δὴ

66 1363 271 1412 quantum
293 1360 434 1402 valeat
455 1366 499 1404 et
519 1375 571 1404 ex
586 1377 624 1417 p.
653 1363 748 1408 183.
776 1364 826 1404 D.
869 1365 1095 1418 plurimum
1136 1365 1292 1409 habeat
1322 1367 1598 1412 defensionis.
1633 1371 1750 1415 Her-

66 1429 208 1457 mann.
232 1422 377 1458 tamen
407 1422 455 1460 ut
474 1420 764 1474 importunum
791 1423 1218 1475 interpretamentum
1252 1427 1478 1480 expunxit3
1509 1431 1632 1470 uncis
1663 1431 1748 1472 cir-

67 1475 433 1527 cumscripserunt
460 1475 733 1520 Turicenses.
784 1479 849 1520 De
889 1481 1155 1532 glossemate
1185 1482 1429 1536 importuno
1470 1498 1554 1527 non
1598 1501 1748 1529 assen-

65 1531 161 1571 tior.
219 1531 358 1572 Immo
398 1539 549 1575 auctor
591 1537 877 1587 recensionis,
917 1546 1045 1589 quam
1089 1539 1216 1580 codd.
1249 1541 1306 1581 illi
1349 1541 1566 1596 referunt,
1612 1546 1747 1588 verba

63 1588 233 1629 videtur
255 1588 543 1642 importunius
562 1591 788 1643 delevisse,
820 1605 874 1633 ne
900 1594 1063 1636 seilicet
1092 1601 1193 1649 post
1221 1596 1290 1651 ἐφ’
1329 1599 1489 1639 ἑαυτοῦ
1518 1600 1603 1644 iam
1635 1605 1747 1645 male

63 1645 281 1686 videretur
318 1645 432 1686 καθ’
476 1646 585 1689 αὑτὸ
633 1651 796 1692 illatum
838 1663 951 1692 esse.
1022 1650 1139 1694 Flor.
1178 1667 1217 1696 a.
1254 1655 1293 1698 b.
1328 1668 1368 1697 c.
1399 1656 1428 1696 i.
1470 1657 1580 1699 αὐτὸ
1628 1659 1743 1702 καθ’

62 1700 172 1743 mini
208 1700 258 1742 τό
293 1701 438 1745 καλόν.

179 1759 229 1802 Β.
287 1757 317 1800 δ’
343 1775 398 1801 τι
427 1759 486 1801 ἄν
514 1759 676 1820 τύχῃ]
711 1763 762 1805 V.
795 1765 968 1807 soloece
997 1763 1150 1819 τύχοι,
1193 1767 1332 1810 invitis
1371 1769 1500 1812 codd.
1529 1770 1621 1814 fere
1650 1785 1746 1816 om-

57 1815 200 1858 nibus.

176 1870 444 1915 δύνωνται
472 1873 875 1933 ἇνοητοτοῖτων]
908 1881 1003 1921 Par.
1035 1879 1086 1921 K.
1121 1881 1219 1923 Vat.
1241 1895 1281 1936 p.
1316 1883 1436 1926 Vind.
1473 1884 1510 1927 l.
1543 1884 1584 1929 7.
1612 1885 1744 1942 ἀνοη-

59 1927 222 1984 τοὲτως,
254 1931 373 1984 quod
405 1933 592 1975 coniecit
621 1934 867 1977 Seliiitzius.

948 2094 973 2118 τ
987 2075 1091 2118 ‹iro›
1105 2077 1157 2133 v]
1184 2074 1331 2122 Quam
1362 2080 1737 2136 insipientissimos

947 2148 1094 2176 amare
1133 2135 1350 2189 dicuntur,
1389 2140 1590 2191 quoniam
1622 2141 1661 2184 hi
1692 2157 1741 2186 se

0 2065 1 2077 ¹
57 2066 167 2111 αὐτό
210 2069 323 2113 καθ’
374 2069 486 2113 αὖτό
533 2078 601 2115 est
640 2088 750 2129 per
799 2090 865 2120 se

59 2133 344 2181 spectata,
394 2142 491 2170 nec
529 2131 630 2173 iam
672 2131 863 2176 habita

58 2184 202 2226 ratio
216 2197 241 2225 n
255 2199 279 2227 e
328 2199 369 2227 m
381 2199 407 2227 o
422 2186 470 2227 di
487 2217 500 2238 ,
514 2201 570 2246 aeq
583 2200 610 2229 u
622 2201 648 2230 o
695 2204 720 2244 p
736 2204 760 2232 e
773 2205 828 2232 ra
840 2216 862 2223 -
948 2192 1209 2234 amatoribus
1226 2194 1401 2236 tradunt
1410 2195 1584 2239 facilius,
1618 2199 1741 2243 Quo-

58 2254 89 2295 g
112 2255 136 2282 a
157 2247 175 2282 t
195 2254 220 2282 u
244 2243 279 2283 r'.
341 2243 449 2284 Mox
486 2248 580 2284 οἱον
625 2244 762 2300 ἀπέβη
794 2252 863 2290 est

58 2299 244 2351 quallis
277 2300 472 2341 evadit.
529 2301 639 2343 Mira
663 2305 774 2346 enim
808 2305 863 2348 de

58 2354 137 2396 bac
177 2356 427 2409 loquutione
469 2359 655 2401 somniat
695 2361 859 2404 Hom-

57 2413 288 2465 melius‚
331 2415 401 2468 qui
435 2414 488 2455 de
521 2419 751 2470 proverbio
781 2431 858 2461 ne-

58 2470 149 2511 seio
169 2483 254 2527 quo
291 2472 515 2525 cogitavit.

115 2553 166 2596 Β.
223 2553 593 2610 ἐξεργάζεται
643 2556 672 2598 δ’
708 2574 760 2599 τι
797 2557 856 2600 ἂν
906 2597 908 2599 ,

54 2627 81 2652 ’τ
107 2609 178 2663 ὕχ
200 2627 227 2668 ῃ
251 2612 266 2666 ]
315 2614 452 2656 lntell.
520 2614 856 2672 ἐξεργαζόμενος.

58 2662 133 2710 8ἱὲ
163 2681 265 2711 mox
297 2669 359 2712 B:
391 2672 609 2726 ξυμβαίνει
641 2672 796 2722 αὐτοῖς
825 2672 854 2715 δ’

56 2740 102 2764 τι
131 2724 185 2764 ἄν
226 2723 412 2780 τύχωσι,
453 2734 587 2770 τοῦτο
629 2730 850 2785 πράττειν.

57 2781 179 2824 Crito
212 2797 252 2837 p.
271 2784 342 2826 45.
370 2786 431 2827 D:
465 2785 493 2827 δ’
520 2802 564 2827 τι
593 2786 645 2827 ἂν
674 2787 853 2840 τύχωσι.

58 2845 192 2879 τοῦτο
224 2840 468 2894 πράξουσιν.
538 2844 771 2899 Protagor.
810 2861 851 2901 p.

56 2895 154 2939 353.
190 2899 240 2937 A.
292 2899 582 2954 Aristoph.
628 2902 769 2943 Rann.
814 2917 854 2946 v.

54 2951 169 2996 9553
201 2951 289 3010 οὐκυ
319 2953 500 3008 ἐλήρουν
530 2953 556 2996 ὅ
586 2973 629 2997 τι
657 2958 853 3013 τύχοιμι.

0 3036 1 3058 3
52 3008 228 3062 -οὐχ
260 3012 430 3061 ἦττον
461 3019 747 3064 γυναικῶν.
789 3017 854 3058 De

56 3067 280 3109 mulierum
315 3072 539 3109 contemtu
571 3071 686 3124 apud
712 3072 852 3115 Grae—

0 3125 1 3154 ἰ
54 3137 158 3175 cos,
211 3124 403 3178 inprimis
453 3125 567 3178 apud
618 3127 850 3171 Athenien-

53 3193 150 3232 ses,
194 3193 233 3221 v.
267 3181 312 3223 M
335 3182 390 3223 ei
413 3194 439 3223 n
460 3196 483 3223 e
504 3195 525 3223 r
545 3195 565 3222 s
595 3185 852 3228 vermischte

53 3237 393 3292 philosophische
436 3238 664 3282 Schriften.
720 3241 774 3286 T.
816 3243 849 3285 1.

51 3308 106 3350 p..
127 3293 198 3338 80.
231 3308 324 3349 sqq.

104 3374 173 3427 ὥς
199 3377 266 3421 ἂν
309 3378 594 3424 δύνωνται
623 3381 850 3438 α’νοητο-

947 2250 1059 2291 circa
1099 2250 1196 2291 talis
1247 2257 1416 2293 amator
1455 2255 1496 2295 in
1539 2255 1738 2300 Phaedro

946 2321 989 2360 p.
1022 2306 1120 2351 2:39.
1155 2308 1327 2350 A—C.
1362 2309 1518 2353 dicitur
1540 2319 1736 2357 umatum

944 2364 1080 2405 abiis
1111 2364 1310 2406 omnibus
1350 2380 1536 2412 avocare
1579 2376 1623 2412 et
1665 2384 1737 2413 re-

942 2421 1099 2471 tinere,
1142 2435 1322 2474 quorum
1355 2437 1436 2467 usu
1467 2428 1604 2480 possit
1634 2438 1736 2470 eva'-

941 2477 1044 2519 dere
1074 2481 1323 2533 sapientior.
1372 2482 1496 2525 Hanc
1527 2485 1607 2526 loci
1637 2498 1741 2527 seni

941 2536 1119 2578 tentiam
1173 2537 1243 2589 qui
1290 2551 1372 2580 non
1425 2543 1741 2595 perspicerent,-

939 2593 1204 2646 scripserunt
1231 2592 1499 2650 ἀνοητάτως,
1530 2599 1570 2640 ὴ.
1595 2613 1631 2642 e.
1653 2600 1736 2642 im-

939 2650 1200 2703 purissime3-
1231 2664 1271 2692 v.
1302 2653 1355 2695 ad
1399 2656 1436 2696 A
1455 2668 1476 2696 ι·
1494 2657 1506 2697 i
1527 2670 1548 2697 s
1566 2661 1584 2697 t
1601 2670 1626 2698 ο
1647 2671 1673 2712 p
1694 2656 1734 2700 h.

936 2706 1076 2749 Nubb.
1120 2722 1160 2752 v.
1196 2707 1296 2752 416.
1355 2711 1485 2755 Quod
1526 2715 1608 2756 etsi
1657 2728 1735 2769 per

937 2777 987 2806 se
1044 2778 1129 2806 non
1173 2765 1393 2817 displicet,
1447 2771 1571 2813 sicuti
1626 2774 1730 2814 olim

937 2822 1124 2875 placuit,
1184 2827 1326 2866 tamen
1386 2839 1517 2879 quum
1576 2835 1736 2883 postea*

938 2880 1127 2921 melioris
1158 2886 1334 2923 naturae
1370 2891 1538 2927 amator
1567 2888 1734 2929 dicatur

938 2934 988 2975 τὸ
1023 2941 1123 2977 νοῦν
1151 2939 1248 2990 ἕχον
1272 2939 1436 2992 μᾶλλον
1463 2941 1633 2997 ἀγαπᾶν
1652 2957 1733 2986 nec

938 2993 1057 3046 prius
1097 3007 1242 3037 amare
1286 3009 1443 3050 pueros
1494 2999 1521 3052 ἢ
1558 3001 1732 3042 ἐπειδὰν

938 3049 1019 3102 ἤδη
1049 3049 1267 3102 ἅρχωνται
1297 3059 1398 3095 νοῦν
1427 3057 1583 3109 ἴσχειν,
1626 3057 1728 3111 quid

936 3103 1001 3148 hic
1031 3119 1179 3150 verum
1225 3110 1305 3162 sit,
1348 3113 1415 3153 vix
1453 3114 1647 3155 dubitare
1677 3116 1728 3155 li-

935 3161 1063 3206 cebit.
1147 3165 1268 3208 Istud
1311 3168 1635 3223 ὁιαπριίξασθαι
1671 3171 1726 3212 de

934 3232 983 3260 re
1014 3233 1195 3264 venerea
1217 3223 1534 3278 intelligendum
1568 3231 1648 3275 est,
1681 3232 1728 3269 ut

935 3274 1122 3321 Phaedr.
1155 3293 1195 3334 p.
1227 3279 1326 3325 234.
1354 3286 1407 3323 A.
1426 3282 1523 3326 256.
1556 3283 1603 3324 C.
1626 3282 1670 3325 X
1680 3297 1728 3327 e·

935 3333 1084 3389 noph.
1145 3337 1302 3392 Symp.
1344 3338 1414 3380 lv,
1453 3340 1516 3384 18.
1575 3340 1726 3383 Plu—

937 3390 1108 3436 tarch.
1138 3394 1278 3437 Alcib.
1307 3408 1348 3448 p.
1365 3393 1464 3441 210.
1499 3396 1548 3438 E.
1570 3398 1624 3443 al.
1656 3397 1724 3442 Ad

1287 3463 1385 3515 4*
