2222 3762
412 98 588 153 xlm
1663 101 1697 143 ἱ

417 258 537 294 esse
572 241 836 322 arguitur,
876 259 986 294 non
1013 238 1176 293 modo
1209 238 1522 294 Socraticae
1549 237 1851 295 disserendi
1883 242 2111 305 rationis

415 285 752 382 praestantia
772 312 826 365 in
853 312 1098 365 clariore
1106 311 1227 364 luce
1258 309 1573 377 collocetur,
1599 310 1698 364 sed
1724 311 1913 369 eadem
1942 325 2113 384 opera

416 390 560 436 tecte
601 382 818 453 quidem
857 394 912 436 et
948 382 1106 453 quasi
1143 401 1241 451 per
1265 388 1588 434 transennas
1627 383 1788 435 etiam
1826 383 1962 436 illud
2000 394 2112 439 ost-

418 453 667 522 endatur,
696 462 958 523 quantum
983 473 1146 523 quum
1174 453 1228 505 in
1266 452 1412 505 omni
1450 452 1714 524 cuiusque
1752 455 1831 507 rei
1870 457 2110 524 quaesti-

417 544 552 594 one,
592 533 707 578 tum
743 526 972 578 maxime
1022 525 1081 576 in
1117 523 1381 576 virtutum
1420 523 1856 579 consideratione
1893 527 2112 596 referat,

416 606 480 649 ut
515 597 695 650 omnia
734 596 803 649 ad
841 596 1143 663 scientiam,
1172 594 1386 678 qualem
1411 593 1666 650 Socrates
1702 597 2108 668 informaverat,

418 667 520 722 hoc
555 675 659 736 est,
698 666 766 719 ad
805 666 1172 720 communium
1209 665 1493 746 notionum
1533 668 1940 738 conscientiam,
1971 671 2111 724 refe-

532 925 708 964 diticias
753 930 907 973 argute
947 936 1002 963 ex
1042 923 1140 964 loco
1176 922 1458 964 Isocratis
1501 922 1624 965 Orat.
1656 925 1714 966 ad
1746 924 1927 980 Philipp,
1970 941 2013 981 p.
2045 927 2119 970 84.

531 983 599 1022 ed.
632 981 787 1034 Steph,
821 994 873 1021 z
906 995 947 1034 p.
979 981 1049 1025 93.
1082 981 1150 1022 ed.
1182 981 1540 1022 Bekker.Berol.
1571 982 1701 1026 1823.
1735 997 1848 1026 vers.
1869 983 1953 1034 18.
1989 989 2032 1026 et
2047 985 2117 1030 19-

532 1042 834 1081 demonstrare
875 1046 1084 1091 conatur,
1115 1040 1192 1080 ubi
1238 1040 1407 1080 scilicet
1434 1040 1579 1092 Leges
1622 1047 1666 1081 et
1695 1041 1886 1084 Politiae
1939 1055 2030 1084 non
2060 1043 2115 1084 ab

530 1112 616 1139 uno
648 1098 826 1138 homine
858 1098 1051 1150 scriptae
1075 1097 1300 1148 dicantur,
1328 1099 1434 1151 quia
1466 1099 1645 1139 omnino
1678 1101 1887 1152 σοφισταί
1909 1101 2110 1155 perhibe-

532 1163 663 1198 antur
701 1169 851 1196 earum
888 1162 1259 1207 esseauctores,
1303 1156 1357 1196 de
1389 1156 1577 1198 Platone
1617 1163 1762 1197 autem
1797 1160 1998 1211 quamvis
2028 1173 2117 1201 non

533 1215 760 1254 nominato
801 1215 1053 1255 necessario
1096 1214 1381 1266 cogitandum
1423 1216 1494 1257 sit.
1557 1218 1658 1256 Qua
1695 1216 1996 1268 disputatione
2039 1230 2118 1270 per

531 1273 690 1313 multas
729 1272 936 1324 ambages
981 1272 1112 1319 ducta
1151 1273 1342 1324 denique
1380 1285 1422 1324 p.
1459 1270 1558 1316 180.
1589 1274 1742 1325 paucis
1770 1275 1992 1329 ‚significat
2019 1288 2116 1327 ger·

529 1343 684 1373 manos
723 1343 885 1383 eosque
925 1331 1160 1383 primarios
1206 1330 1408 1370 Platonis
1451 1331 1654 1383 dialogos
1703 1331 1786 1372 sibi
1826 1333 1925 1373 hos,
1950 1333 2116 1376 videri:

529 1388 801 1439 Phaedrum,
835 1388 1130 1441 Symposium,
1161 1388 1397 1440 Politiam,
1428 1388 1682 1436 Timaeum,
1715 1391 1976 1443 quibuscum
2007 1397 2117 1431 tam-

530 1459 660 1500 quam
702 1447 952 1488 secundarii
993 1447 1184 1498 itemque
1233 1447 1385 1500 procul
1433 1446 1566 1487 dubio
1608 1449 1789 1499 genuini
1831 1449 2116 1491 consociandi

512 1506 643 1548 sint:
706 1504 906 1554 Phaedo,
939 1504 1179 1554 Philebus,
1213 1504 1482 1546 Theaetetus
1533 1511 1576 1545 et
1607 1506 1843 1558 sophistam
1873 1519 1927 1547 ex
1959 1508 2117 1548 ceteris

530 1569 677 1604 autem
708 1564 926 1615 dialogis,
969 1564 1044 1616 qui
1083 1576 1110 1604 a
1148 1561 1387 1615 Thrasyllo
1427 1563 1472 1603 in
1511 1564 1758 1616 tetralogiis
1804 1571 2116 1616 memorentur,

530 1621 708 1673 quinam
727 1622 910 1688 genuini
938 1622 1041 1670 sint,
1066 1621 1196 1675 quive
1215 1621 1457 1674 subditicii,
1475 1623 1661 1674 amplius
1682 1635 1779 1663 esse
1802 1624 2117 1682 quaerendum,

531 1680 655 1720 cuius
681 1681 745 1720 rei
771 1680 981 1720 iudicium
1009 1680 1190 1720 omnino
1211 1691 1266 1719 ex
1297 1693 1348 1721 eo
1382 1680 1583 1733 fendcat‚
1603 1685 1649 1719 ut
1678 1693 1758 1732 per
1787 1681 1936 1724 omnia
1964 1687 2118 1734 regnet

531 1738 805 1804 singularum
836 1739 1068 1778 notionum
1101 1738 1312 1790 bipertita
1352 1739 1443 1779 vel
1454 1737 1706 1785 bimembris
1743 1739 1906 1779 divisio
1938 1740 2005 1791 (v.
2037 1741 2117 1780 im-

529 1796 683 1848 primis
723 1809 766 1849 p.
808 1795 895 1839 220
937 1802 980 1836 et
1010 1809 1053 1848 p.
1085 1794 1171 1838 421
1187 1798 1274 1848 sq.)
1326 1802 1458 1848 atque
1502 1796 1768 1849 trimembris
1810 1798 2002 1849 partium
2041 1791 2126 1838 de)

530 1855 710 1906 scriptio
742 1861 808 1907 (p.
828 1853 915 1898 220
929 1857 1062 1909 sqq.)‚
1094 1855 1223 1894 sicuti
1249 1867 1304 1894 ex
1323 1854 1528 1896 Phaedro
1547 1855 1625 1894 fiat
1645 1855 1938 1907 perspicuum.
1995 1856 2118 1898 Haec

526 1913 663 1964 igitur
683 1910 1044 1967 Succowius,
1077 1913 1153 1964 qui
1182 1913 1301 1965 quod
1332 1913 1416 1954 sibi
1448 1913 1492 1951 in
1521 1913 1694 1952 ratione
1724 1925 1805 1953 sua
1832 1912 2118 1954 informanda

529 1970 745 2010 Albinum
777 1971 930 2011 ducem
961 1970 1183 2012 exstitisse
1213 1970 1440 2022 professus
1472 1977 1553 2020 est,
1587 1971 1640 2010 de
1673 1983 1760 2022 quo
1794 1971 1896 2011 vide
1928 1972 1975 2012 in
2007 1972 2112 2014 edit.

529 2028 831 2069 Hermann.
871 2030 976 2072 Vol.
1015 2027 1096 2068 VI.
1135 2042 1178 2080 P.
1223 2028 1309 2072 150
1326 2042 1412 2080 sq..
1437 2026 1546 2081 Cap.
1588 2027 1694 2079 V1.‚
1733 2030 1829 2080 ipse
1869 2028 2008 2070 falsus
2052 2035 2118 2070 est

531 2086 730 2127 mirifice.
789 2086 946 2139 Neque
979 2087 1096 2132 enim
1129 2084 1322 2128 Albinus
1352 2087 1475 2127 aliud
1507 2087 1614 2139 quid
1647 2087 1878 2138 spectavit,
1909 2100 2038 2141 quam
2069 2094 2118 2128 ut

531 2145 731 2198 doceret,
765 2146 987 2198 quomodo
1019 2144 1149 2185 lectio
1179 2145 1384 2186 Platonis
1415 2144 1568 2185 habita
1597 2145 1772 2186 ratione
1799 2145 1942 2197 ipsius
1971 2145 2117 2198 philo-

530 2202 716 2255 sophiae
755 2200 884 2254 (κατὰ
916 2203 1202 2255 φιλοσοφίαν)
1236 2204 1523 2245 saluberrime
1553 2203 1828 2244 instituenda
1859 2209 1977 2244 esset
2006 2204 2117 2253 (vid.

525 2258 727 2312 .Cap.1v.
760 2267 804 2301 et
836 2262 914 2302 V.)
950 2274 1086 2314 quare
1115 2262 1254 2302 libros
1285 2261 1541 2315 philosophi
1573 2261 1737 2312 divisit,
1770 2273 1890 2302 more
1920 2267 2116 2303 veterum

531 2317 866 2359 Platonicorum
906 2316 968 2370 (V.
1001 2319 1164 2372 Diog.
1199 2319 1386 2360 Laert.
1424 2319 1492 2360 ΙΙΙ.
1528 2316 1624 2368 49)
1667 2319 1714 2358 in
1753 2316 2049 2371 καθαρτικούς
2079 2333 2114 2360 s.

529 2373 832 2429 πειραστικυύς
889 2378 958 2416 vel
1007 2374 1288 2428 ἑλεγκτικούς,
1333 2390 1360 2417 a
1391 2376 1549 2428 quibus
1602 2376 1734 2416 lectio
1782 2377 1999 2417 ordienda
2029 2378 2109 2426 sit3

529 2446 663 2486 porro
705 2435 751 2474 in
805 2431 1119 2486 ἑπεγεριικούς,
1172 2436 1251 2486 qui
1299 2440 1400 2486 post
1455 2434 1558 2473 illos
1607 2434 1696 2472 sint
1757 2435 2000 2483 tractandi3
2041 2436 2114 2475 de·
2158 2483 2160 2485 ,

527 2491 664 2542 nique
713 2491 760 2530 in
823 2487 1135 2543 δογματικούε,
1197 2493 1274 2544 qui
1330 2493 1470 2544 ipsam
1531 2490 1740 2530 scientiae
1792 2495 1837 2531 et
1884 2492 2114 2534 doctrinae

529 2548 704 2588 laudem
766 2548 981 2600 efficiant,
1047 2548 1238 2601 ideoque
1291 2550 1496 2601 physica,
1546 2547 1820 2599 theologica,
1881 2550 2024 2593 ethica
2073 2557 2116 2592 et

531 2606 715 2658 politica
762 2606 954 2650 tradant.
1033 2606 1229 2653 Quorum
1269 2609 1462 2647 omnium
1504 2607 1622 2658 apud
1657 2603 2004 2653 Succowium
2034 2618 2116 2650 nec

529 2664 632 2703 vola
649 2676 727 2704 nec
748 2661 982 2715 vestigium
1005 2670 1243 2716 comparet,
1259 2666 1333 2717 qui
1366 2664 1514 2717 potius
1535 2664 1565 2702 S
1580 2664 1666 2703 chl
1682 2665 2114 2707 eiermacherum

531 2728 723 2763 sectatus
762 2720 994 2762 Platonem
1041 2722 1170 2762 nobis
1221 2723 1422 2763 exhibuit
1459 2722 1568 2761 mire
1615 2728 1910 2775 coarctatum,
1951 2730 1999 2764 ut
2025 2727 2114 2777 *qui

530 2791 618 2821 non
659 2780 791 2820 modo
832 2781 1224 2831 praestantissimis
1264 2782 1332 2822 sui
1373 2780 1572 2833 partibus
1612 2780 1812 2832 privatus
1850 2782 1930 2833 sit,
1962 2795 2114 2823 verum

529 2837 660 2878 etiam
711 2838 774 2877 ita
812 2838 1028 2879 disserere
1067 2843 1275 2892 cogatur,
1315 2843 1365 2878 ut
1402 2841 1616 2891 perpetuo
1668 2839 1942 2881 trimembres
1981 2841 2115 2881 faciat

528 2907 711 2948 operum
751 2908 929 2936 suorum
971 2895 1290 2948 descriptiones
1331 2902 1460 2949 atque
1499 2896 1705 2937 notiones
1740 2909 1913 2949 semper
1943 2899 2115 2957 dividat

529 2952 748 2993 bifariam.
811 2954 974 2994 Verum
996 2954 1102 2994 satis
1123 2955 1231 2996 haec
1248 2955 1300 2998 de
1321 2967 1438 2995 nova
1454 2954 1540 2994 ista
1557 2954 1775 3007 planeque
1804 2939 2023 2997 inaudita
2038 2970 2108 3001 sa·

527 3011 710 3063 pientia.
768 3010 925 3052 Restat
956 3017 1003 3051 ut
1034 3013 1164 3052 etiam
1196 3013 1250 3052 de
1276 3011 1500 3054 Munkii
1530 3013 1750 3053 sententia
1779 3015 1932 3066 paucis
1963 3015 2111 3055 dicen-

528 3069 632 3110 dum
671 3069 742 3112 sit.
806 3068 845 3110 ls
895 3070 1029 3121 igitur
1075 3075 1265 3111 aetatem
1304 3071 1566 3124 scriptorum
1612 3070 1942 3112 Platonicorum
1982 3074 2113 3125 plane

526 3127 703 3167 metitur
726 3133 873 3168 aetate
903 3140 969 3178 ea,
989 3140 1118 3179 quam
1129 3128 1352 3183 Socrates,
1373 3130 1514 3182 qualis
1546 3129 1732 3180 loquens
1762 3130 1810 3170 in
1839 3132 2113 3172 sermonibus

528 3184 734 3226 Platonis
764 3185 1002 3236 inducitur,
1017 3185 1180 3227 habere
1210 3186 1528 3227 existimandus
1562 3187 1633 3226 sit.
1695 3186 1914 3236 Quocirca
1934 3201 2021 3240 quo
2043 3190 2113 3229 vel

530 3242 860 3284 adolescentior
893 3242 960 3283 vel
991 3249 1135 3285 aetate
1165 3245 1417 3298 provectior
1449 3245 1625 3296 sapiens
1644 3244 1691 3286 in
1711 3259 1888 3299 quoque
1913 3246 2111 3288 Platonis

531 3299 646 3340 libro
687 3300 877 3353 loquens
914 3301 1128 3353 prodeat,
1169 3315 1221 3344 eo
1262 3303 1656 3344 adolescentiorem
1698 3304 1765 3344 vel
1803 3305 1937 3345 etiam
1967 3310 2112 3346 aetate

531 3359 816 3401 maturiorem
855 3359 951 3400 vult
996 3361 1138 3413 ipsum
1178 3360 1316 3404 fuisse
1359 3360 1614 3412 Platonem,
1659 3375 1744 3414 quo
1786 3366 1981 3416 tenpore
2013 3377 2109 3404 eum
