2158 3718
373 176 482 233 ‘212
1017 170 1495 226 PLATONIS

375 340 576 390 σαμεν,
624 318 754 376 οὐδὲ
799 318 866 374 σὺ
912 315 1158 379 σαυτόν,
1225 317 1344 374 οἶόν
1390 340 1444 373 τε
1491 315 1555 374 ὃν
1601 323 1693 374 καὶ
1738 318 1996 384 ὁυνατόυ,
2042 322 2091 376 εἴ

376 426 432 458 τι
475 406 567 459 καὶ
610 402 843 476 σμικρὸν
884 401 1041 470 ἡμῶν
1087 398 1289 475 ὄφελος
1345 395 1432 468 ἦν.
1476 407 1658 458 ταῦτα
1705 396 1822 465 οὖν,
1867 395 1908 458 ὦ
1955 406 2087 460 Σώ-

376 509 600 558 κρατες,
655 487 790 558 ὅρα,
845 485 921 558 μὴ
962 483 1082 556 ἅμα
1134 489 1209 556 τῷ
1249 489 1400 556 κακῷ
1443 492 1535 543 καὶ
1574 486 1773 559 αἰσχρὰ
1809 480 1855 564 ᾖ
1897 494 1985 543 σοί
2027 511 2085 544 τε

375 576 468 627 καὶ
511 570 660 639 ἡμῖν.
703 568 848 626 ἀλλὰ
896 569 1181 641 βουλεύου,
1219 574 1435 642 μᾶλλον
1461 577 1516 628 δὲ
1553 573 1681 628 οὐδὲ
1705 570 2084 642 βουλεύεσθαι

374 660 455 712 ἔτι
500 654 637 727 ὥρα,
683 653 828 710 ἀλλὰ
873 657 1303 725 βεβουλεῦσθαι.
1349 661 1449 725 μία
1497 661 1552 712 δὲ
1591 655 1800 728 βουλή·
1848 660 1947 724 τῆς
1975 656 2083 726 γὰρ

375 738 636 807 ἐπιούσης
681 737 878 803 νυκτὸς
918 737 1107 794 πάντα
1166 743 1345 794 ταῦτα
1393 744 1471 794 δεῖ
1518 745 1867 812 πεπρᾶχθαι.
1926 747 1971 795 εὶ
2029 745 2084 796 δέ

374 846 427 879 τι
467 827 890 895 περιμενοῦμεν,
929 824 1214 878 ἀδύνατον
1260 828 1352 879 καὶ
1401 824 1581 880 οὐκέτι
1637 825 1759 881 οἷόν
1814 847 1887 880 τε.
1936 824 2081 880 ἀλλὰ

374 912 544 964 παντὶ
586 907 794 980 τρόπῳ,
838 899 877 963 ὦ
926 906 1245 980 Σώκρατες,
1291 911 1501 964 πείθου
1545 933 1640 981 μοι
1684 913 1774 964 καὶ
1818 911 2085 980 μηδαμῶς

373 989 552 1057 ἄλλως
591 997 751 1048 ποίει.

505 1074 645 1154 Cap.
692 1073 798 1132 VI.
849 1077 982 1132 ΣΩ.
1011 1068 1095 1130 ’.Ω
1140 1080 1263 1151 φίλε
1291 1079 1532 1148 Κρίτων,
1581 1075 1615 1143 ἡ
1652 1082 1953 1150 προθυμία
1982 1097 2082 1132 σου

375 1164 584 1218 πολλοῦ
629 1159 776 1228 ἀξία,
821 1166 867 1215 εὶ
909 1159 1048 1231 μετά
1092 1182 1245 1224 τινος
1285 1160 1609 1232 ὀρθότητος
1653 1162 1767 1229 ε’ίη·
1813 1169 1858 1217 εἰ
1888 1160 1960 1217 ’δὲ
1988 1163 2082 1233 μή,

490 1354 665 1398 πάντα
697 1351 867 1396 fafiton
898 1354 982 1395 δεῖ
1008 1357 1195 1409 πεπρ]
1256 1357 1386 1397 ταῦτα
1427 1354 1561 1397 πάντα
1597 1357 1758 1400 Bekk.
1789 1369 1842 1398 ex
1874 1356 1987 1397 Ven.
2017 1355 2080 1396 II.

372 1413 661 1513 fluet-wlff&
700 1487 745 1512 τι
782 1472 1055 1525 namnam]
1101 1487 1135 1512 τι
1174 1472 1362 1513 accessit
1401 1484 1424 1512 e
1456 1471 1567 1511 Ven.
1600 1471 1640 1510 b.
1675 1471 1776 1512 Vat.
1810 1468 1921 1509 Tub.
1952 1468 2081 1510 vind.

1272 1645 1357 1696 iog.
1393 1642 1562 1682 Socrat.
1596 1655 1636 1693 ρ.
1653 1641 1722 1685 28.
1755 1641 1804 1683 Β.
1828 1642 1885 1686 cf.
1920 1642 2079 1685 Hem-

373 1643 443 1698 (μή
493 1646 635 1687 iocum
689 1650 910 1686 tentarunt
950 1645 1170 1686 coniectu-

1273 1701 1517 1742 sterhus.
1558 1699 1611 1740 ad
1661 1700 1839 1741 Luciani
1883 1701 1997 1742 Tim.
2042 1715 2079 1742 c.

370 1704 453 1754 ris,
490 1715 630 1756 neque
661 1704 773 1750 illis,
803 1703 875 1755 qui
906 1703 1174 1744 ariacoiuthi-

371 1773 441 1803 am
469 1763 509 1803 in
529 1760 592 1802 his
618 1762 836 1814 reperisse
855 1761 934 1801 sibi
960 1762 1036 1802 visi
1057 1764 1172 1810 sunt,

370 1820 459 1860 uilo
498 1823 626 1872 pacto
677 1816 1022 1872 adstipulandum
1072 1832 1173 1860 cen-

371 1889 533 1920 semus.
558 1921 561 1924 .

430 1934 483 1976 P.
524 1934 595 1979 46.
658 1930 788 1975 οὐδὲ
831 1931 893 1975 σύ
934 1932 1172 1988 σαυτόν]

368 1990 495 2034 Haec
526 1992 658 2035 verba
698 1993 831 2046 prima
873 1998 990 2034 certe
1029 1995 1176 2047 specie

368 2051 627 2092 sententiam
668 2054 919 2103 pervertere
959 2050 1173 2094 videntur.

368 2108 544 2150 Etenim
579 2109 764 2161 loquitur
796 2107 918 2149 Crito
951 2121 1063 2150 nunc
1091 2121 1173 2150 non

370 2165 424 2207 de
457 2166 641 2207 Socrate
682 2165 832 2206 salutis
878 2179 984 2208 stiae
1023 2179 1174 2220 parum

369 2225 583 2274 studioso,
621 2225 697 2265 sed
732 2223 786 2264 de
818 2225 1053 2266 amicornm
1084 2225 1176 2265 eius

369 2281 531 2322 incuria
563 2289 694 2334 atque
735 2281 931 2334 ignavia,
971 2282 1042 2334 qui
1082 2295 1176 2322 rna-

368 2339 508 2392 gistro
540 2338 716 2381 deserto
738 2353 845 2380 suae
870 2341 1060 2394 ipsorum
1085 2345 1177 2381 tan-

369 2403 458 2438 tum
481 2397 609 2438 saluti
631 2398 904 2439 consuluisse
935 2394 1176 2439 videantur.

369 2451 547 2495 Habent
577 2461 720 2496 tamen
752 2455 823 2497 ina
852 2457 1176 2496 excusationem

367 2525 416 2554 ac
448 2511 746 2555 defensionem
789 2525 842 2554 ex
875 2526 928 2552 eo
962 2518 1176 2566 paratam,

366 2569 482 2622 quod
515 2568 637 2611 Crito
666 2569 824 2611 iudicio
847 2570 904 2611 iiii
940 2569 994 2611 de
1014 2569 1176 2612 Socra-

366 2629 420 2667 tis
451 2627 738 2669 familiaribus
768 2627 1003 2680 interponit
1036 2629 1174 2668 lenem

366 2685 502 2737 ipsius
534 2684 730 2738 magistri
772 2683 1174 2738 reprehensionem,

365 2741 611 2795 profectam
645 2742 758 2783 iiiam
790 2755 812 2782 a
834 2755 1045 2795 generosa
1068 2755 1173 2794 qua·

367 2797 464 2840 dam
493 2799 620 2840 animi
643 2799 952 2852 indignatione,
976 2813 1060 2853 qua
1078 2813 1170 2842 mo-

369 2858 479 2899 leste
511 2856 694 2908 ferebat,
727 2856 841 2909 quod
866 2857 1073 2899 Socrates
1097 2871 1171 2899 ac-

366 2914 511 2969 cipere
542 2915 681 2956 noliet
710 2927 822 2967 quae
848 2915 902 2956 ab
933 2915 1086 2957 amicis
1117 2915 1170 2956 ad

365 2971 619 3014 servandam
652 2972 788 3026 ipsius
817 2973 1001 3016 salutem
1027 2977 1173 3015 essent

365 3036 528 3083 parata.
590 3029 743 3071 Latine
790 3029 894 3072 haec
938 3027 1169 3085 exptanare

363 3088 511 3129 licebit
543 3086 625 3128 hoc
661 3087 817 3130 modo:
864 3089 951 3142 qui
983 3093 1035 3130 te
1065 3100 1165 3131 non

363 3147 910 3197 conservaverimus,
992 3159 1168 3199 quem—

362 3202 646 3245 admodum
682 3216 774 3246 nec
799 3208 858 3245 tu
886 3207 940 3245 te
970 3204 1168 3258 ipsum,

359 3273 512 3316 quum
579 3265 762 3303 tamen
832 3262 967 3304 fieri
1025 3261 1164 3304 iliud

360 3318 667 3372 potuisset

416 3377 533 3418 εἴτι
566 3376 651 3416 και
684 3400 740 3407 -
775 3371 926 3430 ημῶι
959 3373 1166 3428 ὄφελος

357 3419 450 3491 ἢν]
473 3433 806 3488 Explanaiimns
833 3433 940 3477 haec
964 3434 1018 3477 ad
1042 3438 1162 3488 Apo-

1271 1758 1343 1802 55.
1390 1757 1492 1800 Mox
1537 1755 1621 1807 ἅμα
1659 1758 1718 1812 τῷ
1757 1759 1876 1812 κακῷ
1915 1758 2078 1799 dictum

1275 1822 1342 1858 est
1371 1820 1416 1855 ut
1447 1816 1546 1856 alibi
1582 1813 1693 1869 πρὸς
1722 1817 1780 1871 τῷ
1811 1817 1930 1872 κακῷ
1961 1821 2007 1858 et
2025 1818 2080 1857 si·

1273 1874 1412 1924 milia,
1455 1872 1509 1912 de
1550 1887 1637 1928 quo
1683 1875 1888 1926 loquendi
1921 1887 2081 1928 genere

1273 1945 1313 1972 v.
1343 1931 1398 1971 ad
1432 1930 1561 1983 Reip.
1596 1934 1650 1973 X.
1684 1945 1725 1984 p.
1759 1931 1860 1976 610.
1894 1931 1943 1972 E.

1330 1989 1532 2039 μᾶλλον
1595 1987 1654 2029 δέ
1710 1984 1841 2030 οὐδὲ
1888 1988 2076 2042 βουλ.]

1276 2046 1491 2088 Μᾶλλον
1532 2043 1588 2086 δέ
1628 2052 1696 2088 est
1736 2049 1824 2089 vel
1866 2049 2078 2103 potius,

1275 2106 1378 2146 imo
1428 2117 1576 2145 vero.
1649 2105 1847 2147 Proxima
1891 2106 2076 2147 Germa-

1275 2162 1372 2204 nice
1407 2162 1464 2203 ita
1503 2161 1681 2204 reddas:
1721 2175 1774 2204 es
1812 2163 1883 2205 ist
1926 2162 2080 2204 nicht

1276 2220 1485 2262 einmai
1529 2218 1674 2261 mehr
1715 2219 1841 2262 Zeit
1882 2231 1946 2262 zu
1987 2223 2078 2262 be-

1275 2276 1496 2328 rathen‚
1536 2277 1782 2319 sondern
1810 2278 2077 2390 bperathen

1276 2349 1339 2377 zu
1372 2335 1502 2377 sein.
1565 2334 1783 2378 Charmid.
1857 2336 1999 2382 .176.
2028 2337 2078 2378 C.

1279 2385 1424 2444 οὗτοι,
1469 2385 1523 2446 ἦν
1564 2387 1612 2432 δ’
1648 2390 1756 2462 ἐγώ,
1817 2397 1859 2435 τί
1889 2391 2076 2466 βουλεύ-

1275 2463 1325 2491 εσ
1331 2455 1422 2490 θον
1440 2455 1602 2498 ποιεῖν,·
1629 2446 1779 2499 Οὐδέν,
1791 2452 1889 2519 ἔφη
1909 2448 1933 2492 ὁ
1954 2450 2076 2506 Χαρ-

1275 2507 1412 2561 μίδης,
1449 2503 1551 2548 αλλὰ
1582 2505 1932 2560 βεβουλεύμεθα.

1333 2567 1439 2619 Cap.
1480 2566 1559 2608 VI.
1619 2566 1672 2607 B.
1712 2562 1737 2620 ἡ
1783 2567 2076 2621 προθυμία

1276 2617 1783 2677 σου-ὀρθότητος
1813 2626 1929 2680 εἴη]
1956 2627 2002 2666 h.
2035 2640 2073 2669 e.

1274 2681 1516 2722 studium
1588 2687 1739 2724 tuum
1800 2684 1905 2726 mei
1964 2696 2075 2726 ser-

1273 2738 1437 2780 vandi
1511 2741 1688 2792 magni
1759 2739 2072 2782 faciendum

1274 2801 1360 2838 est
1401 2801 1454 2838 et
1493 2796 1834 2850 laudandum,
1878 2800 2074 2840 sicum

1272 2860 1421 2896 recta
1465 2856 1687 2897 ratione
1717 2858 2072 2899 coniunctum

1272 2914 1358 2954 sit.
1408 2912 1472 2953 Ad
1500 2907 1597 2965 ἀξία
1624 2912 1948 2968 intelligendum
1971 2913 2072 2962 ἐστι’,

1269 2970 1485 3022 frequenti
1517 2971 1772 3023 omissione,
1802 2971 1858 3015 de
1876 2985 1962 3025 qua
1986 2972 2071 3014 vid.

1270 3028 1559 3070 Schaefer.
1601 3027 1655 3070 ad
1698 3028 1923 3072 Lambert.
1964 3030 2070 3075 Bos.

1269 3100 1310 3141 p.
1324 3085 1424 3130 605.
1450 3085 1491 3126 M
1508 3085 1643 3131 atth.
1669 3085 1706 3138 ξ.
1721 3084 1821 3131 304.
1855 3088 1920 3130 De
1939 3094 2070 3142 opta-

1266 3146 1356 3185 tivo
1399 3144 1464 3196 εἴη
1510 3143 1798 3197 praecedente
1839 3145 2070 3188 indicativo

1266 3216 1306 3243 v.
1344 3199 1532 3244 Matth.
1575 3201 1614 3254 ξ.
1648 3200 1748 3245 524.
1778 3202 1822 3246 8.
1859 3210 1906 3245 et
1940 3205 2070 3257 Apo-

1266 3261 1351 3312 log.
1386 3273 1426 3312 p.
1458 3259 1529 3303 19.
1562 3258 1612 3302 Ε.

1324 3313 1445 3358 οἷος
1489 3317 1591 3358 τῶν
1630 3314 1881 3370 &nativ—J
1943 3315 1981 3360 h.
2028 3331 2067 3362 e.

1264 3371 1706 3422 ωετε-πειἍθεσθαι
1738 3388 1777 3418 ν.
1810 3373 1993 3419 Matth.
2026 3375 2066 3428 ἓ.

1262 3432 1363 3478 479
1405 3434 1445 3478 2
1479 3432 1518 3477 3.
1582 3432 1649 3476 Ad
1683 3435 1879 3475 τοιοῦτος
1908 3433 2065 3476 inteili-
