2158 3718
782 151 1038 195 PHAEDO
1068 166 1115 208 p.
1137 155 1207 195 82.
1753 139 1878 205 1179

255 295 366 360 Cap.
408 294 598 345 XXXII.
673 291 772 354 Εἰς
818 292 896 344 δέ
923 311 987 360 γε
1030 294 1185 345 θεῶν
1229 291 1390 359 γένος
1436 289 1510 360 μὴ
1561 293 1878 361 φιλοσοφή-

115 389 276 429 σαντι
321 377 415 429 καὶ
459 379 744 439 παντελῶς
779 381 1013 447 καθαρῷ
1062 375 1284 430 ἀπιόντι
1320 374 1389 429 οὐ
1423 377 1585 445 θέμις
1622 374 1878 445 αφικνεῖ-

113 466 250 514 σθαι
287 459 412 514 ἀλλ’
448 461 485 530 ἢ
521 463 597 531 τῷ
634 464 954 530 φιλομαθεῖ.
1008 459 1149 515 αλλὰ
1171 461 1389 515 τούτων
1413 461 1596 530 ἕνεκα,
1625 482 1667 514 ω
1697 460 1878 531 ἑταῖρε
1901 475 1930 516 C

113 548 327 616 Σιμμία
361 565 422 598 τε
457 545 552 598 καὶ
588 547 798 615 Κέβης,
838 547 897 598 οι
930 544 1117 617 ὀρθῶς
1154 549 1602 617 φιλοσοφοῦντες
1640 544 1878 615 ἀπέχον-

111 650 202 683 ται
244 633 359 683 τῶν
412 622 562 683 κατοΐ
596 628 659 683 τὸ
706 634 864 700 σῶμα
915 631 1234 701 ἐπιθυμιῶν
1281 630 1513 685 ἁπασῶν
1550 631 1643 684 καὶ
1679 650 1879 701 καρτε-

114 717 280 785 ροῦσι
317 715 410 767 και
447 713 516 768 οὐ
555 716 965 784 παραδιδόασιν
1002 714 1198 780 αὐταις
1236 715 1487 785 ἑαυτούς,
1527 715 1599 770 οὔ
1635 737 1687 770 τι
1725 716 1879 769 οἰκο-

111 801 362 870 φθορίαν
397 818 459 852 τε
495 800 587 852 και
625 802 826 853 πενίαν
865 801 1232 871 φοβούμενοι,
1273 800 1454 871 ῶςπερ
1482 802 1540 854 οι
1561 801 1760 855 πολλοὶ
1785 801 1880 854 καὶ

111 884 532 956 φιλοχρήματοι,
571 882 705 938 οὐδὲ
743 877 819 939 αὖ
855 886 1077 956 ατιμίαν
1102 906 1161 939 τε
1187 887 1279 939 καὶ
1305 885 1534 949 αδοξίαν
1570 888 1879 956 μοχθηρίας

223 1057 326 1112 Gap.
345 1058 522 1098 XXXII.
557 1058 601 1100 C.
635 1050 758 1099 αλλ’
798 1049 846 1111 ἥ]
887 1058 1026 1111 Vulgo
1054 1049 1181 1112 όῖλλῳ
1198 1049 1255 1124 “7'1'.
1301 1058 1384 1099 Sed
1411 1059 1507 1099 Par.
1533 1058 1566 1099 G
1593 1060 1699 1101 Tub.
1732 1072 1792 1113 pr.
1816 1072 1873 1099 m.

110 1113 230 1157 Bodl.
246 1115 353 1155 Ven.
366 1114 415 1156 Π
433 1106 542 1156 αλλ’
560 1107 606 1168 ἤ,
629 1115 772 1166 quod
763 1127 844 1154 iam
867 1088 1045 1159 Bekkouei
1068 1115 1226 1168 ieeepit
1248 1121 1289 1155 et
1310 1115 1451 1156 Herm.
1477 1116 1705 1156 Vaticanus
1725 1116 1877 1156 habet:

109 1163 220 1212 οὐδ’
241 1162 420 1225 αλλῳῆ

222 1185 713 1281 φιλοσόφοῦντες]
734 1228 786 1270 V.
810 1221 1084 1281 φιλόσοφοι,
1109 1229 1223 1280 quod
1246 1241 1267 1269 e
1289 1229 1407 1272 Bodl,
1433 1230 1530 1270 Vat.
1560 1229 1743 1272 ven.11
1769 1230 1876 1270 Tub.

109 1284 238 1326 Vind.
262 1287 285 1325 1
306 1285 334 1324 4
355 1286 380 1325 6
400 1285 492 1324 Par.
517 1285 551 1326 G
570 1286 719 1325 Ambr.
740 1284 850 1328 Flor,
876 1285 902 1324 d
924 1293 1144 1326 mutatum.

222 1333 706 1407 αὗταῑςὲαυτούς]
747 1341 816 1381 Sic
837 1341 957 1384 Bodl
980 1334 1650 1390 Ται).ΙειΓη1)1.Οριειῑαύτούς.
1732 1360 1735 1361 ’

222 1411 286 1439 ον
317 1412 368 1439 τι
397 1394 815 1451 οἰκοφθορίαν]
847 1398 915 1438 Sic
944 1398 1062 1439 Bodl.
1085 1400 1190 1440 Ven.
1213 1397 1310 1439 ΛΠ
1338 1399 1431 1439 Par.
1455 1399 1606 1440 ACHI
1628 1399 1739 1439 Flor.
1763 1401 1832 1440 ab
1855 1411 1877 1437 c

111 1455 167 1495 d
157 1468 171 1494 1
191 1468 231 1495 m
263 1462 303 1494 et
331 1468 396 1508 pr.
422 1454 547 1498 Coisl,
578 1454 671 1495 Par.
696 1455 745 1497 G.
783 1455 926 1508 Vulgo
956 1446 1067 1496 οὔτε
1096 1451 1295 1507 οἰκοφθ.
1327 1456 1420 1496 Pa1.
1444 1456 1476 1495 E
1507 1468 1656 1510 ουτοι,
1690 1456 1803 1506 quod
1833 1456 1876 1495 in

108 1512 235 1552 Vind.
261 1510 299 1551 Φ
320 1512 668 1565 superscriptum
692 1511 804 1551 conf.
828 1524 871 1565 p.
893 1513 944 1552 81
966 1512 1001 1551 D
1022 1513 1163 1562 ibique
1185 1525 1284 1553 ann.

88 1677 198 1722 vturn
239 1682 432 1723 distinxit
472 1682 638 1721 virtutis
679 1682 855 1734 gradus,
896 1681 948 1721 de

109 1740 260 1791 quibus
289 1739 343 1779 ad
371 1751 416 1792 p.
446 1739 500 1779 68
525 1739 555 1779 C
583 1751 674 1790 sqq.
716 1738 945 1792 explicavi—

109 1809 218 1838 muS.

156 1852 256 1906 Cap.
269 1851 449 1895 XXXII.
461 1851 506 1891 B.
521 1847 621 1899 Εἰς
642 1847 743 1905 ὃέγ
757 1849 948 1892 εθεῶν

108 1906 828 1974 yssvog—]Wyttenbacl1ius
853 1921 944 1946 ver-

111 1967 175 2008 bis
186 1966 455 2033 transpositis
479 1965 746 2005 scribendum
744 1965 945 2030 putavit:

110 2019 177 2071 εἰς
209 2017 264 2063 δέ
292 2034 346 2076 γε
374 2020 508 2063 θεῶν
536 2018 671 2087 γένος
693 2014 757 2088 μῂ
782 2014 837 2061 οὗ
861 2016 946 2061 θέ-

107 2093 184 2132 μις
213 2071 535 2131 ἀφικνεῖσθαι
565 2071 689 2130 αλλῳ
717 2091 746 2129 η
777 2076 841 2133 τῷ
865 2090 945 2129 φι-

110 2135 324 2189 λομαθει
329 2121 710 2201 φιλοσοφήσαντι
727 2121 822 2173 ual‘
826 2146 944 2174 παν-

107 2191 250 2239 τελῶς
271 2190 498 2244 καθαρῶς
520 2183 728 2241 ἀπιόντι,
745 2190 795 2228 in
819 2190 943 2229 deo-

108 2261 217 2288 rum
258 2254 428 2287 autem
470 2259 637 2299 genus
678 2245 825 2285 nefas
867 2253 945 2284 est

107 2305 201 2344 alii
231 2304 535 2358 pervenire,
569 2314 716 2354 quam
748 2302 944 2342 (ἰοοῐΓία

107 2373 204 2400 nae
252 2360 499 2401 studioso
558 2357 943 2413 philosopham

110 2425 157 2457 et
177 2417 333 2470 plane
354 2429 483 2470 puro
512 2416 743 2455 abeunti
786 2414 944 2453 Hein-

108 2473 283 2514 dorfiu
297 2487 316 2513 s
337 2481 477 2512 autem
494 2484 736 2524 geimanam
759 2471 944 2524 seliptu-

108 2541 194 2570 iam
246 2530 378 2571 fuisse
426 2530 535 2569 hane
574 2528 815 2581 suspicatus
857 2534 943 2566 est:

109 2579 227 2628 αλλα
238 2580 366 2641 μόνῳ
384 2599 446 2641 τῳ
426 2584 744 2650 φιλομαθεῑ.
765 2578 944 2624 τούτων

108 2639 248 2686 ενεκα
277 2657 318 2684 κ.
345 2657 384 2684 τ.
410 2628 448 2684 λ.
489 2643 572 2681 Alii
605 2643 725 2681 etiam
756 2641 838 2679 alia
868 2653 940 2680 ex-

107 2701 360 2754 cogitarunt.
400 2700 561 2739 Vereoi
593 2705 733 2738 tamen
774 2697 859 2736 ulla
901 2706 946 2737 ut

109 2769 214 2810 opus
231 2758 286 2798 sit
300 2758 522 2796 verboium
539 2754 812 2820 correctione,
825 2755 944 2793 dum—

108 2814 232 2854 modo
255 2825 347 2853 cum
371 2813 538 2866 optimis
561 2812 674 2852 libris
697 2803 804 2851 ἄλλ’
829 2800 860 2863 ἢ
880 2809 942 2866 τῷ

110 2883 162 2922 φ.
191 2870 455 2922 recipiamus,
486 2869 600 2919 quod
627 2875 725 2921 post
754 2868 942 2920 negatio·-

111 2938 203 2966 nem
227 2925 410 2979 positum
429 2933 492 2964 est
511 2933 557 2964 ut
579 2937 709 2977 supra
730 2936 770 2975 p-
784 2923 881 2963 68ss
905 2933 944 2963 et

109 2995 273 3048 moxp.
295 2983 346 3021 81
370 2981 428 3027 B
438 2981 573 3020 ubiv.
596 2988 739 3022 annot.
779 2981 941 3032 Quippe

111 3033 135 3080 ὁ
159 3030 439 3105 φιλομαθής
461 3049 554 3075 cum
576 3036 740 3076 Platoni
762 3037 815 3075 sit
834 3037 945 3076 idem

94 3097 182 3146 vqui
203 3089 227 3136 ὁ
251 3087 529 3148 φιλόσοφος,
553 3091 673 3132 facile
693 3093 948 3144 intellegitur

110 3152 334 3205 postremis
371 3151 463 3191 istis
500 3155 707 3189 structura
747 3150 947 3189 orationis

112 3221 221 3249 nova
249 3220 352 3249 sane
392 3215 430 3246 et
472 3206 669 3246 insolenti
709 3205 846 3245 denuo
884 3205 944 3244 in-

112 3265 268 3305 euloari
289 3264 510 3318 supeiiora
531 3262 623 3302 illa:
667 3254 730 3315 μὴ
755 3262 948 3314 φιλοσο-

113 3314 321 3386 φήσαντι
349 3317 434 3361 καὶ
461 3316 704 3365 παντελῶς
744 3316 946 3374 καθαρῷ

113 3370 321 3442 απιόντι,
349 3376 392 3417 h.
415 3390 452 3417 e.
486 3374 543 3417 εἰ
564 3389 632 3424 τις
663 3367 725 3428 μὴ
759 3362 949 3438 φιλοσό-

154 3427 270 3487 ήσας
318 3430 401 3475 καὶ
447 3430 690 3479 παντελῶς
730 3423 950 3495 καθαρός

113 3447 254 3532 ἴσων
296 3490 436 3531 Causa
455 3496 595 3530 autem
618 3487 849 3529 iteiationis
872 3498 949 3539 po—

1036 1682 1118 1721 sita
1139 1682 1184 1721 in
1207 1694 1254 1722 eo
1277 1689 1354 1730 est,
1380 1682 1494 1732 quod
1515 1681 1757 1735 philosophi
1781 1694 1875 1721 cum
1900 1694 1903 1705 =

1033 1739 1241 1790 gravitate
1266 1746 1538 1792 opponuntur
1560 1739 1636 1786 iis,
1659 1740 1732 1790 qui
1753 1747 1875 1778 antea

1034 1796 1135 1835 dicti
1166 1802 1263 1835 sunt
1292 1807 1387 1835 sese
1415 1795 1594 1833 aliarum
1624 1807 1763 1834 rerum
1787 1803 1875 1834 stu-

1033 1852 1114 1892 diis
1132 1852 1315 1892 dedisse*
1339 1851 1397 1890 De
1416 1844 1695 1904 φιλομαθής
1718 1863 1870 1891 consu—

1036 1909 1144 1948 latui
1165 1908 1283 1947 Plato
1306 1909 1400 1960 ipse
1420 1907 1480 1945 De
1502 1908 1561 1946 Re
1621 1907 1872 1958 11.p.37613

1034 1959 1085 2004 τό
1107 1977 1178 2030 γε
1198 1957 1470 2016 φιλομαθὲς
1497 1919 1874 2017 καῗφιλόσοφον

1031 2014 1220 2061 ταύτόν.
1265 2021 1367 2059 lbid.
1400 2019 1472 2058 IX.
1488 2034 1547 2082 p.
1570 2020 1707 2060 581ss
1737 2021 1871 2072 φιλο-

1030 2071 1189 2141 μαθὲς
1205 2070 1265 2139 δὴ
1284 2073 1366 2117 καὶ
1376 2069 1654 2142 φιλόσοφον
1667 2075 1871 2118 καλοῦν-

1030 2145 1106 2180 τες
1128 2125 1245 2173 αὐτὸ
1268 2126 1391 2173 κατὰ
1420 2126 1597 2185 τρόπον
1627 2125 1687 2174 οὶν
1707 2134 1871 2174 καλοι-

1030 2201 1116 2241 μεν
1140 2196 1178 2228 et
1199 2201 1301 2229 mox
1329 2189 1383 2228 ad
1407 2187 1508 2240 Cap.
1533 2189 1732 2232 XXXIII
1754 2192 1811 2230 in.

1087 2244 1133 2284 G.
1176 2238 1240 2285 οὔ
1276 2258 1327 2285 τι
1370 2241 1666 2298 οἰκοφθορ
1681 2245 1776 2286 ίαν
1813 2258 1870 2286 τε

1030 2298 1127 2342 καὶ
1167 2315 1215 2344 π
1259 2299 1330 2354 φ.]
1379 2301 1484 2342 VOQ.
1528 2260 1870 2355 οἰκοφθορίαν,

1033 2359 1109 2396 rei
1139 2357 1427 2398 famiIIaris
1468 2359 1752 2409 iacturam,
1796 2372 1870 2398 ex-

1033 2415 1178 2467 plicuit
1193 2413 1368 2467 Wytte
1381 2427 1403 2453 n
1418 2414 1554 2454 bach.
1578 2415 1632 2455 ad
1655 2415 1870 2455 Plutarch.

1031 2484 1073 2524 p.
1087 2473 1155 2513 66
1178 2470 1377 2510 Proxima
1398 2464 1512 2512 οὐδὲ
1537 2461 1662 2512 αὗ·-
1673 2466 1873 2525 οἷπέχον-

1030 2541 1109 2568 ται
1151 2520 1309 2569 αυτῶν
1348 2529 1557 2580 integram
1588 2540 1663 2593 per
1697 2541 1742 2568 se
1773 2541 1871 2568 sen-

1030 2585 1201 2624 tentiam
1245 2583 1410 2623 efficere
1450 2585 1670 2624 veriSSIme
1710 2585 1874 2624 monuit

1030 2637 1302 2683 Heindorf
1344 2641 1405 2680 De
1436 2636 1599 2682 ἔπειτα
1621 2647 1719 2694 post
1741 2642 1872 2694 parti-

1032 2698 1188 2763 cipium
1218 2698 1331 2738 illato
1362 2711 1402 2737 v.
1427 2706 1569 2737 annot.
1601 2699 1654 2736 ad
1684 2711 1723 2749 p.
1749 2700 1802 2738 70
1823 2699 1870 2740 E.

1033 2777 1085 2783 ——-
1108 2747 1352 2807 ἀτιμίαν
1394 2767 1450 2794 τε
1490 2750 1591 2794 καὶ
1621 2748 1872 2817 αὸοξίαν

1030 2811 1388 2865 μοχθηρίας,
1432 2811 1667 2850 dedecus
1705 2820 1753 2850 et
1788 2810 1870 2849 in-

1031 2868 1236 2907 famiam
1269 2880 1617 2907 aeiumuosae
1653 2867 1869 2906 vivendi

1029 2925 1384 2973 condicionis,
1406 2936 1502 2975 qua
1528 2936 1682 2976 saepe
1703 2923 1869 2963 homi-

1033 2994 1120 3021 nes
1137 2981 1337 3033 privati
1359 2990 1406 3020 et
1427 2980 1673 3033 populari
1694 2981 1868 3031 gratia

1034 3045 1273 3077 carentes
1315 3050 1510 3090 corpus
1543 3038 1871 3085 animumque

1033 3094 1286 3145 gravibus
1328 3093 1560 3146 fatigare
1603 3093 1872 3131 laboribus

1034 3158 1307 3202 coguntur.
1352 3150 1420 3190 Sic
1451 3150 1559 3189 enini
1596 3148 1700 3187 liaeo
1738 3148 1874 3200 ‹xpli—

1034 3207 1165 3245 canda
1195 3214 1315 3254 sunt,
1347 3207 1386 3245 in
1421 3207 1570 3256 quibus
1597 3205 1666 3254 qui
1689 3205 1874 3271 μοχθη-

1035 3261 1140 3317 ρίας
1162 3263 1291 3302 deleri
1309 3263 1452 3312 voluit,
1471 3262 1568 3313 quia
1591 3261 1750 3299 seilicet
1772 3255 1873 3300 οἰτι-

1034 3318 1120 3371 μία
1151 3327 1191 3358 et
1220 3313 1396 3370 ἀδοξία
1427 3319 1507 3358 iam
1539 3330 1613 3370 per
1645 3317 1753 3356 sein
1784 3329 1874 3355 nia—

1036 3376 1117 3413 lam
1148 3383 1309 3427 partem
1342 3376 1554 3426 dicantur,
1586 3375 1622 3413 is
1652 3387 1749 3413 vere
1771 3373 1871 3411 (leli-

1037 3443 1154 3470 lasse
1183 3433 1422 3471 censendus
1455 3439 1532 3470 est.
1574 3430 1634 3470 De
1663 3428 1872 3468 sententia

1037 3487 1148 3527 conf.
1171 3487 1339 3528 Theaet.
1364 3501 1406 3540 p.
1434 3489 1528 3528 176.

1430 3554 1536 3604 12*
