2158 3718
242 127 313 183 42
878 129 1371 175 PRoLEGoMENA

244 290 369 341 quae
403 274 673 340 longiorem
710 280 855 339 atque
883 273 1185 324 subtiliorem
1211 289 1380 325 rerum
1413 275 1765 340 expositionem
1791 277 2012 343 require-

241 353 342 404 ret,
378 362 524 412 quam
562 363 686 412 quae
721 347 865 396 huius
899 346 1068 408 scripti
1106 344 1319 396 consiliis
1361 352 1489 397 esset
1524 349 1833 398 conveniens.
1888 349 2013 399 Satis

245 418 376 468 enim
411 416 584 468 habuit
619 417 788 481 paucis
822 416 1115 465 indicavisse
1151 417 1569 468 immortalitatem
1602 424 1705 468 tum
1737 418 1899 469 locum
1925 418 2011 469 ha-

241 488 386 546 bere,
434 504 546 538 cum
582 489 773 537 animus
808 502 834 536 a
861 502 1073 550 corpore
1099 494 1384 551 segregatus
1410 504 1500 554 per
1526 506 1578 539 se
1604 491 1790 552 vigeret
1813 490 1859 539 vi
1882 489 2015 540 vitali

243 566 291 609 et
317 556 590 627 φρονήσει
615 559 883 624 praedituS.
937 555 1078 614 Quod
1104 563 1265 608 autem
1291 574 1460 610 rerum
1487 559 1778 624 simplicium
1807 565 1856 611 et
1880 576 2013 611 com-

241 632 514 695 positarum
542 630 806 680 discrimen
833 629 1019 693 posuit,
1048 634 1102 678 ut
1126 630 1240 679 inde
1266 629 1645 680 immortalitatis
1670 637 2015 694 argumentum

240 706 515 765 repeteret,
554 702 778 750 convenit
811 700 903 763 ipsi
937 699 1030 749 hac
1073 701 1124 748 in
1166 715 1223 750 re
1268 716 1380 750 cum
1406 701 1631 751 Eleaticis
1673 703 2015 767 imprimisque

241 788 355 821 cum
389 770 707 832 Parmenide,
744 771 924 835 quippe
961 786 1085 836 quos
1124 772 1311 835 primos
1347 777 1537 821 constat
1561 788 1642 822 res
1677 772 2017 837 intellegibiles

242 849 290 892 et
323 840 681 906 adspectabiles
717 842 846 891 inter
882 857 934 892 se
971 843 1262 906 opposuisse
1292 842 1505 907 indeque
1529 842 1873 908 philosophiae
1899 859 2017 894 suae

241 914 439 963 duxisse
473 914 727 978 principia.
781 911 916 969 Quae
955 913 1153 978 quidem
1189 912 1383 963 illorum
1411 914 1648 964 sententia
1677 913 1869 964 Platoni
1895 914 2017 965 adeo

238 984 446 1048 probata
483 990 577 1040 est,
618 990 671 1034 ut
708 999 839 1041 eam,
879 986 1098 1047 quamvis
1131 998 1308 1047 magna
1346 1000 1404 1034 ex
1440 990 1579 1049 parte
1614 990 1848 1035 mutatam
1885 990 2018 1036 etex

239 1056 464 1106 idearum
491 1055 711 1105 doctrina
746 1054 1113 1119 locupletatam,
1151 1055 1511 1121 propemodum
1539 1058 1673 1106 omni
1698 1057 1875 1106 rationi
1900 1072 2018 1107 suae

239 1132 490 1192 tamquam
525 1127 831 1176 fundamenti
867 1125 975 1175 loco
1011 1126 1290 1176 subiecerit.
1358 1125 1431 1176 Ab
1466 1126 1546 1176 illa
1583 1128 1731 1190 igitur
1765 1127 2019 1193 profectus

239 1199 429 1247 ratione
466 1198 610 1247 etiam
655 1213 838 1247 novum
879 1198 974 1247 hoc
1016 1198 1393 1248 immortalitatis
1427 1205 1771 1262 argumentum
1815 1198 2016 1256 effinxit,

241 1270 379 1319 cuius
412 1269 606 1333 pondus
643 1284 700 1318 ac
736 1273 1043 1318 momentum
1077 1268 1210 1318 haud
1247 1284 1365 1319 sane
1392 1270 1621 1332 exiguum
1648 1275 1734 1319 est.
1785 1269 1908 1319 Nam
1934 1269 2019 1319 ubi

240 1355 530 1390 concessum
558 1340 705 1389 fuerit
738 1340 956 1388 animum
986 1354 1093 1388 esse
1118 1339 1241 1389 ideis
1268 1339 1476 1390 similem
1505 1347 1553 1390 et
1579 1346 1856 1405 cognatum,
1885 1339 2017 1391 nulla

239 1411 462 1475 profecto
489 1425 634 1460 causa
663 1411 768 1468 erit,
799 1426 952 1476 quare
978 1425 1077 1459 non
1113 1412 1229 1461 item
1267 1412 1589 1473 concedatur,
1628 1412 1760 1476 quod
1792 1411 1908 1461 inde
1944 1427 2018 1462 se-

240 1483 419 1548 quitur,
450 1483 665 1532 animum
695 1497 802 1532 esse
828 1481 1156 1531 immortalem
1183 1497 1343 1548 neque
1369 1497 1588 1548 unquam
1613 1484 1945 1533 interiturum.

379 1553 482 1603 Nec
507 1569 624 1602 vero
650 1554 754 1616 ipse
780 1552 916 1603 Plato
943 1553 1058 1602 huic
1085 1555 1499 1617 argumentationi
1524 1569 1700 1619 parum
1726 1553 1912 1604 tribuit.
1964 1554 2016 1604 Id

239 1623 370 1690 quod
398 1639 457 1674 ex
484 1639 542 1674 eo
568 1623 883 1687 intellegitur,
922 1625 1051 1689 quod
1081 1640 1135 1674 ea
1163 1624 1384 1675 absoluta
1413 1625 1665 1676 Socratem
1694 1639 1837 1675 suum
1865 1626 2016 1675 conti-

237 1710 338 1746 nuo
366 1694 482 1745 facit
505 1696 571 1744 ita
599 1695 944 1759 disputantem,
972 1702 1027 1746 ut
1052 1696 1167 1761 quid
1194 1697 1308 1745 inde
1336 1697 1394 1746 ad
1422 1698 1566 1746 vitam
1592 1696 1721 1747 bene
1747 1698 2018 1761 sapienter-

240 1781 336 1829 que
364 1766 635 1828 degendam
665 1772 997 1831 consequatur
1024 1769 1159 1830 gravi
1195 1769 1416 1818 oratione
1444 1768 1704 1818 ostendere
1730 1768 1948 1818 instituat
1965 1767 2015 1831 ¹).

238 1837 373 1896 Quae
400 1837 616 1887 Socratis
642 1843 906 1902 praecepta
935 1839 1075 1887 sicuti
1101 1839 1359 1889 manifesto
1387 1855 1560 1889 rursus
1587 1855 1646 1888 ex
1664 1839 2018 1904 Pythagoricae

239 1907 494 1958 doctrinae
530 1908 749 1959 fontibus
787 1909 931 1958 ducta
969 1914 1105 1968 sunt,
1134 1910 1531 1975 quandoquidem
1558 1911 1887 1976 Pythagoram
1913 1925 2016 1960 rne-

238 1979 425 2029 moriae
450 1979 699 2043 proditum
730 1986 804 2030 est
830 1981 1055 2031 docuisse
1081 1996 1231 2045 puras
1258 1983 1445 2032 animas
1471 1997 1569 2031 non
1597 1981 1805 2045 amplius
1830 1982 1881 2030 in
1909 1997 2017 2031 cor-

237 2065 360 2115 pora
387 2049 627 2100 inclusum
655 2052 729 2109 iri,
758 2052 844 2102 sed
869 2053 921 2101 in
948 2051 1236 2102 altissimum
1263 2052 1427 2103 locum
1452 2052 1527 2102 vel
1553 2054 1603 2102 in
1630 2053 1835 2102 deorum
1862 2067 2018 2116 genus

238 2122 455 2171 abituras
506 2119 659 2187 esse2)
711 2123 922 2188 ideoque
971 2123 1345 2173 lustrationibus
1397 2139 1564 2173 earum
1618 2123 1883 2188 plurimum
1935 2124 2018 2173 tri-

236 2189 483 2256 buisse3),
521 2193 589 2242 ita
626 2209 863 2257 quorsum
902 2194 1113 2259 denique
1147 2194 1311 2244 habita
1348 2195 1538 2245 consilii
1575 2196 1720 2245 totius
1747 2195 1912 2258 operis
1936 2209 2015 2244 ra-

235 2263 369 2312 tione
403 2262 583 2313 referri
619 2263 853 2322 debeant,
893 2280 1201 2330 nequaquam
1238 2265 1505 2316 obscurum
1543 2273 1629 2316 est.
1682 2265 1853 2316 Valent
1887 2267 2018 2316 enim

239 2350 322 2392 e0,
360 2339 415 2383 ut
441 2334 670 2385 Socrates
706 2342 955 2400 tamquam
992 2338 1095 2386 veri
1132 2338 1453 2401 germanique
1480 2338 1712 2401 sapientis
1738 2335 2017 2402 exemplum

236 2410 558 2470 proponatur,
593 2408 673 2471 qui
700 2407 875 2471 plenus
901 2408 962 2457 sit
997 2423 1084 2472 spe
1111 2407 1493 2457 immortalitatis
1519 2409 1791 2472 intimoque
1814 2412 2017 2472 pectore

237 2477 412 2526 sentiat
455 2476 575 2525 nihil
609 2476 690 2526 illa
725 2477 799 2527 vel
835 2477 896 2527 ad
933 2479 1077 2528 vitam
1115 2485 1282 2529 sancte
1321 2479 1592 2543 degendam
1631 2478 1705 2528 vel
1741 2478 1799 2529 ad
1844 2478 2018 2528 beatae

236 2547 361 2596 vitae
397 2545 511 2595 olim
537 2554 647 2611 post
673 2556 881 2598 mortem
920 2549 1113 2599 futurae
1151 2550 1433 2612 dignitatem
1463 2550 1769 2599 efficiendam
1796 2564 1902 2598 esse
1928 2565 2015 2613 po-

236 2618 417 2667 tentius
454 2622 600 2681 atque
639 2619 900 2668 efficacius
952 2620 1375 2677 Quemadmodum
1410 2622 1559 2683 igitur
1595 2623 1646 2669 in
1680 2619 2018 2684 superioribus

237 2688 514 2737 animorum
551 2689 889 2739 immortalitas
927 2689 1180 2739 dialectica
1218 2690 1481 2741 subtilitate
1517 2690 1677 2740 tribus
1716 2691 2016 2754 argumentis

237 2758 570 2808 demonstrata
607 2766 704 2816 est,-
742 2761 807 2809 ita
845 2759 924 2808 hic
963 2760 1130 2809 eadem
1169 2777 1194 2809 a
1230 2760 1429 2811 salutari
1456 2763 1500 2811 vi
1527 2767 1574 2811 et
1601 2761 1840 2819 efficacia,
1870 2775 2016 2824 quam

238 2834 286 2879 et
310 2830 360 2878 in
388 2829 481 2878 vita
508 2844 632 2894 pure
659 2835 925 2893 sancteque
953 2831 1166 2894 gerenda
1195 2838 1243 2881 et
1278 2833 1327 2880 in
1355 2833 1607 2882 divinioris
1634 2834 1758 2882 vitae
1784 2831 2015 2881 beatitate

237 2905 382 2965 atque
408 2898 638 2950 felicitate
665 2901 995 2964 comparanda
1022 2902 1223 2959 habeat,
1253 2903 1535 2967 gravissime
1564 2902 1954 2953 commendatur.

379 2970 477 3020 Sed
513 2973 627 3021 satis
663 2972 785 3020 haec
813 2972 871 3020 de
898 2973 988 3020 hac
1013 2980 1153 3036 parte
1181 2975 1357 3037 operis
1412 2974 1599 3024 Licebit
1625 2990 1756 3023 nunc
1783 2973 1842 3023 ad
1870 2989 2013 3038 pro-

236 3042 459 3091 ximum
494 3048 794 3106 tamquam
833 3042 1083 3093 fabulae
1120 3043 1368 3111 actum4)
1400 3046 1686 3110 procedere.
1739 3045 1825 3094 Est
1850 3049 2013 3094 autem

236 3112 357 3161 haec
393 3127 508 3175 pars
543 3112 717 3176 dialogi
755 3113 988 3162 adornata
1026 3114 1172 3179 longe
1207 3114 1560 3166 sollertissime.
1614 3115 1754 3174 Quod
1798 3116 1928 3164 enim
1965 3115 2013 3163 in

351 3307 395 3358 1)
426 3310 540 3362 Pag.
574 3311 625 3351 81
649 3310 687 3349 A
712 3332 760 3337 —
782 3312 837 3351 84
858 3310 912 3352 B.

349 3363 392 3416 2)
426 3366 733 3417 Wyttenbach
764 3366 792 3406 l.
827 3367 857 3407 l.
890 3380 931 3419 p.
966 3368 1045 3409 187
1062 3370 1204 3412 -194.

349 3422 397 3472 3)
428 3422 629 3472 Lobenk,
664 3422 888 3476 Aglaoph.
922 3438 964 3476 p.
998 3425 1080 3465 248
1110 3437 1175 3479 sq.

347 3477 394 3529 4)
425 3478 541 3532 Pag.
572 3480 626 3520 84
650 3478 683 3519 C
707 3502 758 3508 —
781 3481 835 3521 88
855 3480 908 3521 E.
