2158 3718
1820 0 2012 29 ''ussaaerssrs

251 107 285 159 6
894 108 1384 153 PROLEGOMENA

250 252 430 316 inquit,
470 253 804 317 consequitur,
845 258 896 301 ut
921 251 1077 302 stultis
1103 254 1266 302 animo
1292 268 1447 318 aequo
1479 254 1787 305 moriendum
1813 255 1898 312 sit,
1934 270 2011 306 sa-

249 322 496 387 pientibus
530 338 629 372 non
667 324 798 373 item.
847 323 1039 372 Etenim
1075 323 1277 373 stultum
1315 326 1464 374 fuerit
1488 325 1707 389 profecto
1735 342 1793 376 ex
1819 342 1877 376 eo
1903 326 2012 376 loco

252 393 531 451 discedere,
579 394 664 443 ubi
710 396 944 458 optimum
991 394 1242 443 dominum
1286 394 1491 452 habeas,
1538 396 1706 453 deum,
1754 398 1837 461 qui
1871 392 2014 447 saluti

251 469 364 514 tuae
398 465 686 528 prospiciat3
723 480 883 528 neque
919 466 1048 513 enim
1084 465 1338 516 meliorem
1374 468 1516 515 etiam
1553 473 1785 516 nacturus
1810 469 1874 517 sis
1900 467 2015 518 alibi

252 535 519 585 dominum.
571 535 764 585 Cebetis
799 537 1070 585 sententiae
1105 538 1310 586 accessit
1335 537 1573 586 SimmiaS.
1626 539 1750 587 Tum
1787 554 1899 588 vero
1926 539 2014 588 So-

253 611 436 662 crates,
476 608 604 670 agite
639 608 813 669 igitur,
853 622 880 654 o
916 605 1058 663 boni,
1097 608 1280 671 inquit,
1319 608 1708 672 quandoquidem
1738 609 1856 658 mihi
1879 608 2015 659 litem

251 677 524 731 intenditis,
564 692 758 726 causam
795 691 953 725 meam
989 677 1116 741 apud
1155 693 1238 726 vos
1274 679 1339 726 ita
1374 678 1554 735 dicam,
1603 686 1657 728 ut
1691 679 1828 728 vobis
1864 695 2015 730 coner

253 749 357 797 eius
391 747 659 797 bonitatem
693 746 904 811 probare
931 749 1136 805 certius,
1176 762 1320 811 quam
1356 751 1492 813 potui
1518 749 1730 813 probare
1754 750 2014 807 iudicibus,

252 819 333 883 qui
367 833 445 867 me
480 820 637 882 capite
673 818 1075 868 condemnarunt.
1135 819 1428 868 Persuasum
1465 827 1623 869 autem
1660 821 1781 870 mihi
1825 828 1898 871 est
1930 837 2018 872 me

249 894 359 952 post
383 896 594 939 mortem
621 890 763 938 etiam
791 890 1024 938 maiorem
1046 896 1424 940 consecuturum
1446 905 1551 940 esse
1577 890 1868 941 felicitatem.
1894 892 2016 942 Nam

249 959 364 1009 licet
398 975 498 1009 non
535 961 881 1010 affirmaverim
916 961 1010 1011 nisi
1047 976 1156 1010 cum
1192 962 1398 1026 quadam
1437 962 1584 1011 animi
1614 961 1914 1012 dubitatione
1939 978 2018 1012 me

251 1030 311 1079 ad
337 1030 569 1080 meliores
594 1031 817 1081 homines
845 1046 951 1081 esse
977 1038 1259 1090 venturum,
1288 1038 1450 1082 tamen
1477 1033 1535 1082 ad
1563 1034 1771 1096 optimos
1798 1031 1914 1083 deos
1941 1049 2018 1082 me

250 1102 366 1151 hinc
420 1102 751 1152 discessurum
804 1118 1073 1168 eorumque
1118 1103 1351 1167 adspectu
1395 1109 1442 1152 et
1485 1104 1838 1154 consuetudine
1881 1110 2017 1155 tanto

249 1173 402 1236 magis
429 1174 733 1236 gavisurum,
777 1190 873 1239 quo
899 1176 1070 1239 purior
1097 1175 1434 1238 sinceriorque
1469 1175 1657 1223 animus
1684 1174 1745 1223 ad
1770 1174 1879 1225 illos
1906 1192 2015 1226 evo-

249 1243 448 1301 laverit,
476 1244 526 1293 id
554 1245 751 1308 quidem
780 1250 968 1294 certum
996 1251 1139 1310 atque
1166 1261 1335 1295 verum
1361 1260 1468 1294 esse
1494 1242 1738 1309 cense01).

391 1313 628 1371 Quocirca
674 1317 907 1380 sapientis
952 1322 1023 1365 est
1072 1322 1230 1366 morte
1272 1317 1696 1381 appropinquante
1738 1315 1868 1366 bono
1913 1332 2018 1367 esse

251 1387 440 1443 animo;
477 1401 591 1435 nam
618 1387 657 1434 si
684 1401 817 1437 mors
845 1392 919 1435 est
944 1387 1091 1436 animi
1127 1402 1154 1436 a
1181 1403 1389 1452 corpore
1418 1388 1673 1443 seiunctio,
1701 1393 1835 1437 certe
1861 1387 2018 1452 philo-

250 1456 422 1521 sophia
459 1457 526 1506 nil
564 1463 636 1507 est
669 1457 800 1507 aliud
835 1459 930 1506 nisi
965 1460 1272 1523 praeparatio
1309 1464 1453 1522 atque
1479 1458 1728 1507 meditatio
1755 1460 1942 1516 mortiS,
1970 1458 2018 1508 id

251 1528 381 1593 quod
418 1528 642 1578 homines
677 1529 822 1593 vulgo
856 1530 1084 1593 ignorare
1109 1530 1357 1586 videntum
1393 1529 1656 1579 ridiculum
1683 1533 1842 1578 autem
1870 1530 2020 1580 suerit

251 1600 525 1656 hominem,
555 1601 639 1664 qui
663 1605 762 1649 tota
790 1602 885 1648 vita
913 1600 1284 1664 philosophatus
1310 1603 1370 1649 sit
1405 1600 1623 1664 adeoque
1649 1605 1856 1649 mortem
1887 1616 2018 1650 com-

250 1675 509 1726 mentatus,
546 1672 598 1718 in
635 1678 853 1720 extremo
893 1672 1017 1721 vitae
1051 1671 1268 1734 periculo
1306 1672 1418 1735 angi
1455 1676 1600 1735 atque
1636 1677 1770 1720 metu
1796 1672 2018 1721 cruciari.

249 1740 443 1791 Habent
478 1747 641 1791 autem
676 1756 810 1790 mors
842 1748 986 1805 atque
1021 1742 1361 1807 philosophiae
1395 1741 1610 1791 studium
1647 1742 1741 1791 hoc
1769 1742 1861 1792 sibi
1888 1758 2018 1793 com-

249 1827 423 1868 mune,
462 1812 592 1876 quod
630 1818 676 1862 et
707 1812 790 1862 illa
819 1814 1035 1863 animum
1062 1829 1088 1862 a
1115 1815 1336 1876 corporis
1362 1812 1565 1862 vinculis
1603 1812 1806 1862 exsolvit
1844 1819 1892 1862 et
1925 1815 2020 1863 hoc

251 1889 464 1932 mentem
510 1890 728 1933 nostram
773 1898 799 1931 a
843 1899 1011 1933 rerum
1055 1884 1278 1934 sensibus
1322 1883 1652 1933 subiectarum
1695 1883 1922 1933 ludibriis
1959 1884 2018 1933 ad

251 1960 479 2004 aeternae
508 1955 719 2004 veritatis
744 1955 1033 2021 virtutisque
1069 1957 1387 2005 constantiam
1413 1955 1637 2004 traducit.
1691 1954 1883 2004 Etenim
1909 1955 2016 2020 phi-

250 2024 483 2089 losophus
509 2027 698 2089 spernit
735 2027 956 2090 corporis
1000 2026 1272 2091 voluptates
1315 2033 1462 2090 atque
1515 2025 1698 2074 cultum
1754 2041 2020 2090 curamque

250 2112 386 2145 suam
425 2097 634 2146 maxime
670 2098 908 2146 convertit
942 2096 1001 2146 ad
1036 2097 1276 2153 animum,
1317 2112 1460 2160 quem
1489 2113 1515 2146 a
1541 2098 1766 2160 corporis
1802 2111 2017 2146 commu-

251 2168 398 2216 nione
434 2168 568 2231 cupit
603 2183 748 2232 quam
783 2169 992 2218 maxime
1027 2167 1265 2224 liberare,
1304 2175 1358 2216 ut
1391 2167 1511 2217 adeo
1537 2180 1744 2230 magnae
1768 2167 2020 2217 hominum

252 2237 423 2287 turbae
448 2238 670 2287 videatur
692 2238 821 2288 ultro
849 2239 907 2288 ad
935 2245 1143 2290 mortem
1169 2238 1387 2289 tendere.
1438 2239 1698 2288 Enimvero
1726 2253 1837 2289 cum
1864 2241 2019 2288 omni·

250 2323 313 2357 no
341 2325 521 2374 corpus
547 2311 813 2372 sapientiae
841 2310 999 2359 studio
1026 2309 1233 2359 multum
1260 2310 1460 2366 officiat,
1500 2315 1601 2357 tum
1629 2324 1690 2359 ne
1717 2325 1890 2359 sensus
1915 2309 2019 2373 qui-

252 2380 362 2430 dem
390 2379 538 2430 ullam
566 2379 775 2430 afferunt
801 2382 1012 2431 veritatis
1039 2382 1382 2445 cognitionem.
1419 2381 1622 2442 Attingit
1647 2381 1805 2444 potius
1832 2381 2020 2430 animus

252 2453 506 2501 veritatem
544 2453 754 2501 maxime
789 2457 917 2509 tum,
956 2467 1067 2500 cum
1104 2468 1129 2500 a
1166 2452 1388 2515 corporis
1424 2453 1766 2501 communione
1811 2452 2020 2501 maxime

250 2521 375 2571 liber
403 2528 500 2576 est,
539 2523 779 2587 siquidem
806 2524 985 2572 iustitia
1012 2524 1062 2571 in
1089 2538 1141 2572 se
1167 2527 1395 2586 spectata,
1434 2521 1730 2584 pulcritudo,
1758 2522 1910 2571 virtus
1936 2522 2017 2571 de-

251 2593 398 2656 nique
426 2608 524 2640 non
552 2593 703 2642 oculis
728 2593 803 2642 vel
829 2594 923 2643 alio
951 2609 1121 2649 sensu,
1161 2594 1246 2642 sed
1267 2592 1367 2641 sola
1388 2598 1550 2640 mente
1573 2593 1838 2656 percipitur
1867 2607 2019 2656 eaque

252 2679 373 2727 pura
410 2678 464 2712 ac
499 2664 689 2713 sincera
725 2679 884 2728 neque
920 2665 1140 2728 corporis
1177 2663 1402 2712 sensibus
1439 2664 1761 2713 contaminata
1799 2669 1880 2713 aut
1905 2679 2018 2728 per-

252 2733 458 2782 turbata.
510 2734 676 2799 Itaque
712 2734 1003 2799 philosophi,
1042 2734 1306 2799 sapientiae
1343 2733 1457 2782 dum
1484 2733 1702 2789 student,
1742 2750 1911 2784 revera
1939 2751 2015 2784 so-

251 2804 486 2853 lutionem
524 2806 672 2853 animi
708 2821 731 2853 a
771 2820 978 2868 corpore
1014 2806 1330 2859 meditantur,
1375 2805 1555 2869 quippe
1593 2820 1703 2853 cum
1742 2820 1919 2869 corpus
1944 2807 2018 2854 in-

253 2874 575 2924 numerabilia
611 2891 765 2939 prope
802 2876 971 2926 ass'erat
1009 2876 1154 2925 studii
1200 2875 1466 2940 sapientiae
1510 2875 1872 2939 impedimenta.
1947 2876 2018 2926 Ex

253 2961 350 3010 quo
377 2951 511 2995 certe
539 2948 851 3010 perspicuum
877 2948 929 2995 fit
964 2962 1136 3011 puram
1173 2963 1228 2996 ac
1263 2947 1506 2995 sinceram
1543 2947 1756 2996 veritatis
1783 2949 2017 3011 cognitio-

253 3033 367 3067 nem
403 3016 542 3066 nobis
579 3025 689 3082 post
725 3024 933 3067 mortem
970 3018 1190 3075 demum,
1230 3031 1438 3082 corpore
1473 3016 1618 3081 plane
1645 3017 1704 3067 ab
1732 3019 1893 3068 animo
1921 3019 2017 3069 dis·

252 3090 444 3144 iunctO,
499 3103 643 3152 posse
689 3087 977 3152 obtingere;
1033 3089 1262 3154 quamdiu
1317 3093 1478 3137 autem
1523 3089 1760 3145 vivamUS,
1813 3105 1902 3138 nos
1951 3092 2018 3139 ita

255 3159 451 3208 demum
486 3160 706 3224 proxime
741 3159 800 3208 ad
836 3159 965 3209 illius
999 3162 1252 3210 scientiam
1278 3175 1561 3209 accessuros
1589 3175 1707 3216 esse,
1737 3161 1776 3208 si
1802 3162 2018 3210 animum

254 3245 399 3294 quam
426 3231 634 3279 maxime
659 3247 684 3278 a
713 3232 933 3294 corporis
960 3233 1188 3281 societate
1215 3231 1424 3281 liberum
1451 3231 1822 3280 reddiderimus.
1861 3234 2017 3294 Atque

254 3302 348 3350 hoc
382 3302 542 3365 ipsum
578 3300 698 3351 illud
735 3308 820 3357 est,
860 3303 986 3366 quod
1026 3318 1251 3352 vocamus
1278 3303 1431 3351 mori
1467 3302 1704 3350 discere
1731 3303 1830 3350 sive
1857 3317 2014 3351 mor—

371 3455 903 3510 1)P.61D—64A.
