2158 3718
729 135 809 172 AD
849 133 1206 172 SYMPOSIUM.
1605 134 1800 171 XXXIX

121 267 209 319 lat.
248 264 507 319 Videmus
540 260 719 334 igitur,
756 260 813 313 id
847 261 990 330 quod
1025 260 1189 332 probe
1215 261 1503 314 tenendum
1542 270 1639 326 est,
1680 281 1800 315 eum

120 337 264 390 haud
312 354 436 389 sane
479 333 638 387 alium
678 331 734 382 in
778 340 953 384 mente
997 331 1192 385 habere
1229 348 1477 394 amorem,
1515 349 1675 400 quam
1705 351 1800 387 ,ca-

121 416 284 471 stum,
324 407 632 466 honestum,
682 401 909 471 denique
957 402 1171 474 optimis
1216 400 1514 471 quibusque
1557 402 1633 454 ita
1677 400 1802 472 pro-

119 478 318 542 batum,
363 485 426 529 ut
458 477 522 528 in
565 490 627 526 eo
670 473 960 526 maximum
1007 472 1222 526 virtutis
1266 472 1595 543 praesidium
1628 473 1804 526 inesse

120 547 439 603 crediderint
447 546 518 616 ³⁸⁵).
565 541 647 598 -At
694 545 836 596 enim
881 563 1008 597 vero
1040 543 1390 614 ‘quantumvis
1433 543 1588 597 homo
1624 544 1805 597 Tisiae

120 628 289 672 artem
323 616 527 670 triverit
563 622 722 683 atque
759 614 918 668 etiam
942 615 1140 685 Lysiae
1178 614 1532 683 eloquentiam
1568 614 1805 668 studiose

121 697 354 743 sectatus
398 687 490 752 sit,
530 685 598 738 de
646 703 751 753 qua
783 705 842 739 re
877 686 984 738 vid.
1021 685 1250 738 Phaedr.
1289 686 1343 740 ll.
1382 703 1477 750 cc.,
1525 695 1702 738 tamen
1738 686 1805 737 de

74 764 79 767 '
118 760 432 830 illoparum
467 755 716 810 distincte
750 756 998 825 loquitur.
1035 755 1174 809 Nam
1209 775 1278 809 ne
1304 756 1558 810 discernit
1589 757 1806 826 quidem

119 831 267 894 varia
289 829 493 883 ‘amoris
530 846 748 900 genera,
789 827 932 896 quod
967 835 1108 880 certe
1147 846 1268 880 eum
1301 828 1474 880 facere
1511 828 1806 898 oportebat,

120 902 211 971 qui
248 901 423 953 omnia
457 909 618 967 atque
655 898 865 968 singula
899 898 955 950 in
991 915 1169 951 amore
1203 898 1425 951 laudare
1455 899 1688 952 animum
1722 899 1806 951 in-

121 973 380 1025 duxisset.
407 968 794 1037 ·-Quamobrem
828 968 914 1020 hic
948 968 1106 1021 talem
1141 969 1382 1037 profecto·
1414 986 1602 1022 rursus
1639 989 1807 1041 agno-

122 1043 332 1106 scimus,
378 1041 588 1110 qualem
634 1059 691 1092 se
734 1039 791 1091 in
828 1038 1039 1109 dialogo
1084 1039 1399 1108 cognomine
1437 1039 1670 1103 exhibet,
1704 1040 1810 1093 >ubi

118 1131 229 1167 non
260 1112 419 1166 modo
451 1110 655 1180 Lysiae
687 1109 975 1161 orationem
1010 1109 1336 1171 amatoriam,
1372 1108 1499 1163 licet-
1533 1109 1812 1164 dialectica

118 1184 312 1238 virtute
348 1182 505 1253 plane
542 1179 865 1248 destitutam,
903 1179 1123 1231 summis
1160 1179 1365 1232 extollit
1395 1180 1665 1245 laudibus,
1714 1200 1807 1233 ve-

83 1292 86 1293 r
119 1254 432 1308 rum‘etiam
469 1271 501 1304 a
537 1248 765 1304 Socrate
801 1250 978 1302 multis
1013 1248 1190 1303 verbis
1216 1250 1519 1303 edocendus
1545 1260 1642 1315 est,
1680 1251 1812 1320 quid

120 1326 190 1379 sit
215 1323 514 1389 (dialectica,
534 1330 588 1375 et
625 1329 880 1391 quantum
905 1339 967 1373 ea
991 1322 1163 1373 valeat
1186 1321 1254 1373 ad
1280 1322 1664 1374 emendandam
1687 1340 1810 1392 per-

117 1395 502 1463 ficiendamque
538 1394 668 1446 artis
703 1391 997 1444 rhetoricae
1029 1391 1305 1444 rationem.
1352 1390 1635 1458 Quocirca
1655 1392 1813 1445 etiam

118 1467 177 1519 in
223 1464 506 1536 Symposio
550 1464 825 1518 rhetorum
866 1461 1078 1515 illorum
1125 1462 1412 1515 admirator
1465 1463 1541 1516 ita
1587 1464 1814 1547 loquens

118 1538 404 1600 inducitur,
449 1543 512 1588 ut
547 1542 685 1589 tecte
729 1533 884 1586 simul
921 1533 1081 1585 etiam
1114 1533 1315 1586 familia
1350 1552 1550 1599 eorum,
1591 1553 1678 1588 cul
1713 1534 1811 1587 ad*-

121 1609 294 1673 dictus
330 1607 449 1670 fuit,
484 1605 649 1659 rideri
682 1603 945 1657 videatur.

190 1675 303 1732 Sed
339 1678 470 1731 satis
505 1676 574 1728 de
609 1673 846 1731 Phaedri
882 1674 1134 1727 oratione.
1180 1674 1464 1745 Pergimus
1502 1675 1571 1744 ad
1606 1674 1812 1728 Pausa-

115 1749 277 1813 niam,
303 1748 477 1803 'cuius
510 1748 620 1801 iam
655 1745 823 1799 oratio
858 1745 1246 1814 praetermissis
1291 1745 1512 1799 aliorum
1548 1746 1811 1799 declama-

48 1882 58 1886 *
122 1820 352 1874 tionibus
386 1825 632 1873 narratur
668 1817 736 1869 ab
774 1815 1114 1869 Aristodemo
1153 1834 1273 1868 cum
1299 1815 1628 1886 Apollodoro
1665 1835 1810 1870 com-

123 1891 391 1944 municata
428 1907 562 1944 esse.
595 1886 956 1943 Proficiscitur
991 1886 1037 1939 is
1054 1926 1056 1936 Α
1072 1887 1200 1939 item
1227 1887 1295 1941 ab
1319 1886 1520 1952 Amore
1545 1894 1812 1956 tamquam

125 1963 242 2026 de0‚
288 1962 387 2014 sed
434 1979 558 2014 eum
601 1956 884 2030 distinguit
926 1957 1219 2026 duplicem,
1269 1957 1493 2010 alterum
1538 1959 1813 2026 πάνδημον,

123 2033 348 2086 alterum
393 2032 674 2084 coelestem
711 2048 753 2081 s.
801 2029 1042 2096 οὐράνιον.
1102 2026 1264 2095 Quod
1309 2028 1522 2097 quidem
1564 2029 1639 2081 ita
1685 2028 1817 2081 facit

124 2122 230 2156 non
267 2104 382 2156 sine
415 2102 651 2156 Phaedri
684 2098 1113 2170 reprehensione,
1163 2099 1255 2167 qui
1303 2107 1589 2168 utrumque
1627 2099 1815 2152 confu-

127 2174 266 2226 derit
299 2182 459 2241 atque
506 2191 569 2225 ea
600 2169 900 2224 laudaverit
934 2170 1294 2233 communiter,
1340 2187 1478 2239 quae
1523 2170 1817 2224 secundum

127 2262 326 2317 genera
364 2262 460 2296 sua
496 2239 844 2296 discernenda
877 2240 1090 2292 fuerint.
1137 2239 1374 2293 Disserit
1410 2249 1588 2293 autem
1628 2241 1720 2304 sic,
1758 2250 1820 2292 ut

129 2314 543 2383 unumquodque
578 2310 867 2383 negotium,
914 2311 1094 2380 prouti
1137 2319 1228 2362 aut
1262 2310 1480 2364 honeste
1517 2319 1610 2363 aut
1646 2311 1817 2381 turpi-

130 2396 210 2439 ter
255 2403 387 2455 pera
427 2395 562 2449 atur,
609 2384 686 2435 ita
731 2381 889 2434 etiam
934 2380 1215 2433 honestum
1259 2389 1352 2432 aut
1399 2390 1555 2451 turpe
1593 2381 1819 2433 evadere

131 2465 360 2520 censeat,
418 2456 524 2508 icet
558 2471 653 2526 per
690 2471 746 2506 se
781 2469 954 2519 neque
993 2459 1147 2521 turpe
1183 2469 1354 2520 neque
1389 2451 1669 2504 honestum
1703 2470 1819 2504 esse

130 2527 542 2581 existimandum
581 2525 646 2578 sit
681 2524 761 2594 (p.
801 2522 918 2575 181.
956 2521 1026 2574 A.
1065 2521 1225 2590 sqq).
1272 2520 1484 2588 Quibus
1520 2522 1596 2574 ita
1632 2522 1819 2592 dispu-

131 2598 252 2651 tatis
273 2597 562 2670 ,vulgarem
597 2612 829 2665 amorem
864 2592 938 2644 ait
973 2592 1238 2663 pertinere
1275 2593 1343 2645 ad
1378 2592 1627 2646 mulieres
1660 2603 1820 2662 atque

131 2676 465 2722 venustatem
500 2684 792 2738 corporum,
830 2664 1069 2732 adeoque
1107 2663 1260 2732 quasi
1290 2664 1425 2716 forte
1448 2663 1661 2716 fortuna
1684 2682 1819 2734 opus

134 2759 288 2793 suum
322 2756 599 2811 peragere,
645 2738 721 2789 ita
756 2744 832 2799 ut,
881 2735 925 2787 si
959 2746 1067 2804 qua
1101 2734 1171 2787 sit
1207 2735 1321 2787 eius
1355 2734 1475 2786 laus
1513 2744 1672 2803 atque
1708 2734 1819 2787 vir-

134 2820 236 2875 tus,
274 2829 338 2864 ea
373 2819 483 2864 tota
519 2828 587 2862 ex
620 2807 836 2861 fortuito
872 2805 1104 2878 pendeat
1140 2805 1219 2875 (p.
1247 2806 1364 2858 181.
1399 2804 1465 2858 Β.
1491 2803 1602 2876 0.).
1639 2803 1821 2858 Aliam

135 2899 255 2933 esse
293 2881 553 2933 rationem
589 2877 830 2932 coelestis
866 2876 1076 2940 amoris,
1129 2876 1221 2944 qui
1271 2894 1392 2929 cum
1437 2895 1614 2931 amore
1661 2876 1818 2929 muli-

140 2949 253 3003 ebri
288 2951 420 3004 nihil
453 2950 647 3003 habeat
681 2947 980 3002 commercii
1016 2947 1276 3017 planeque
1312 2946 1447 3000 liber
1482 2958 1532 3000 et
1568 2947 1819 3000 immunis

140 3021 208 3073 sit
241 3039 275 3072 a
307 3021 610 3089 cupiditatis
640 3017 939 3090 'petulantia
964 3018 1181 3088 (ὕβρεως
1209 3017 1454 3089 ἄμοιρος).
1493 3019 1656 3071 Hunc
1693 3035 1819 3069 vero

141 3091 232 3159 qui
270 3091 459 3153 colant,
508 3109 597 3143 eos
634 3088 821 3143 sectari
858 3107 990 3141 unos
1026 3089 1401 3152 adolescentes,
1448 3090 1645 3160 quippe
1690 3106 1817 3157 pru-

198 3264 242 3316 *)
288 3264 541 3306 Gravissimc
571 3263 696 3314 igitur
724 3263 831 3314 lapsi
861 3268 970 3311 sunt,
1001 3263 1070 3314 qui
1099 3263 1281 3304 Phaedri
1313 3263 1501 3303 oratione
1532 3267 1730 3313 putarunt
1761 3260 1818 3299 cs-

273 3320 536 3363 srenatarum
566 3320 798 3360 lubidinum
827 3319 1103 3372 patrocinium
1132 3327 1368 3374 susceptum
1401 3331 1500 3360 esse.
