2158 3718
488 151 1002 203 SYMPOSmM.
1041 169 1090 218 p.
1131 153 1233 202 197
1274 153 1347 202 st.
1664 154 1766 203 1⁰7

84 296 232 364 θεὸς
275 290 440 363 οὗτος
482 294 815 361 διδάσκαλος
843 301 1082 369 γένηται,
1123 296 1408 368 ἐλλόγιμος
1450 299 1544 351 καὶ
1585 295 1770 372 φανὸς

86 381 284 454 ἀπέβη,
326 373 394 438 οὗ
439 379 490 437 δ’
537 378 612 437 ἂν
639 377 814 455 ’Ἐρως
857 378 933 453 μὴ
964 378 1270 458 ἐφάψηται,
1312 378 1632 451 &coranos-5
1675 402 1770 437 το-

85 466 240 534 ξικήν
293 487 352 537 γε
408 461 520 538 μὴν
578 468 671 521 καὶ
729 463 995 538 ἰατρικὴν
1041 468 1132 521 καὶ
1174 461 1447 542 μαντικὴν
1484 462 1766 521 Ἀπόλλων

85 549 347 624 ἀνεῦρεν,
386 552 692 621 ἐπιθυμίας
733 552 827 604 καὶ
868 547 1588 624 ἕρωτοςὴγεμονεύσαντος,
1630 545 1763 614 dign

84 638 177 690 καὶ
221 627 387 697 οὗτος
414 629 660 705 ’Ἑρωτος
702 629 775 689 ἄν
804 633 887 701 εἴη
916 633 1199 704 μαθητής,
1244 636 1335 689 καὶ
1364 636 1598 688 Μοῦσαι
1626 654 1763 704 μου·

85 721 240 785 σικῆς
282 720 374 773 καὶ
404 715 726 792 ’Ἠφαιστος
762 721 1019 790 χαλκείας
1061 721 1154 773 καὶ
1189 718 1414 785 Ἀθηνᾶ
1454 722 1768 788 ἱστουργίας

83 804 178 857 καὶ
221 802 358 867 Ζεὺς
404 800 774 873 κυβερνήσεως
814 805 971 858 θεῶν
1013 823 1070 857 τε
1102 805 1194 857 καὶ
1222 801 1574 873 ἀνθρώπων·
1621 799 1767 857 ὅθεν

84 882 152 953 δὴ
194 889 287 947 καὶ
329 884 753 954 κατεσκευάσθη
797 888 908 941 τῶν
945 888 1102 945 θεῶν
1145 883 1216 940 τὰ
1263 884 1567 960 πράγματα
1594 882 1768 956 ’Ἑρω-

85 991 185 1035 τος
226 975 599 1040 ἐγγενομένου,
646 972 815 1036 δῆλον
859 966 947 1026 ὅτι
990 967 1251 1035 κάλλους·
1295 969 1470 1040 αἴσχει
1513 965 1621 1041 γὰρ
1666 968 1766 1028 οὐκ

84 1057 300 1110 ἔπεστιν
342 1050 533 1125 ’Ἐρωςη
594 1050 702 1125 πρὸ
752 1055 854 1109 τοῦ
910 1057 992 1118 δέ,
1046 1050 1223 1128 ὥςπερ
1289 1060 1347 1110 ἐν
1391 1050 1533 1130 ἀρχῇ
1594 1052 1768 1120 εἶπον,

84 1134 266 1196 πολλὰ
323 1140 417 1192 καὶ
475 1133 630 1192 δεινοὶ
691 1139 854 1201 θεοῖς
914 1141 1184 1207 ἐγίγνετο,
1242 1134 1316 1202 ὡς
1370 1139 1608 1207 λέγεται,
1674 1134 1766 1192 διὰ

85 1217 191 1290 τὴν
234 1222 335 1289 τῆς
365 1218 639 1291 Ἀνάγκης
664 1222 983 1292 βασιλείαν·
1028 1217 1212 1288 ἐπειδὴ
1257 1219 1306 1276 δ’
1354 1219 1383 1277 ὁ
1427 1218 1568 1285 θεὸς
1600 1213 1769 1286 οὗτος

201 1409 297 1453 ov’u
325 1411 548 1453 ἔπεστιν
585 1409 773 1467 Ἔρως]
805 1412 964 1454 ἔνεστιν
993 1412 1148 1456 Vens:
1111 1427 1156 1457 ....
1181 1412 1305 1456 vind.
1314 1412 1356 1456 2.
1379 1412 1478 1459 Vat.
1488 1413 1529 1457 d.
1561 1418 1605 1455 et
1634 1414 1767 1468 m'arg.

87 1467 216 1512 Bodi.
252 1469 364 1510 ἔστιν
404 1470 502 1512 Par
514 1469 619 1513 DK
648 1470 742 1510 Vat.
759 1483 800 1522 p.
830 1472 956 1514 ἔστιν.
987 1471 1071 1512 vat
1099 1469 1151 1512 Δ.
1183 1472 1291 1523 Ang.
1305 1483 1354 1511 w.
1387 1471 1458 1510 ἐῖν.
1500 1471 1624 1513 Bodl.
1666 1471 1769 1524 quid

87 1524 264 1579 habeat,
309 1538 394 1568 non
436 1526 582 1581 liquet.
623 1526 724 1570 Bas.
745 1527 786 1571 2.
828 1527 984 1568 ἔνεσον.
1053 1528 1150 1579 Non
1180 1526 1485 1570 veridissimiiis
1527 1533 1594 1570 est
1624 1529 1770 1570 conie-

88 1589 211 1625 ctura
242 1558 427 1625 f’orsoni
463 1585 643 1627 Advers.
674 1597 716 1638 p.
746 1582 818 1627 58.
852 1586 951 1627 oiim
989 1586 1050 1626 ἔνι
1087 1585 1290 1640 scriptum
1333 1585 1464 1627 fuisse
1496 1586 1767 1639 suspicantis.

86 1640 196 1683 Eam
234 1641 364 1714 igitur
399 1653 534 1698 nuper
571 1647 845 1696 receperunt
867 1642 1145 1686 Turicenses.
1205 1642 1353 1684 Astius
1391 1643 1500 1684 coni.
1532 1645 1768 1696 αἴσχους

83 1697 168 1757 γὰρ
196 1695 276 1739 ουκ
302 1698 432 1741 ἔστιν.

89 1836 141 1892 δὴ
181 1836 373 1894 χαλεπὸν
421 1839 719 1895 ἐπιχειροῦμεν
766 1839 888 1895 δρᾶν.

89 1896 228 1951 Legg.
268 1897 340 1940 lv.
373 1896 471 1947 712.
500 1898 552 1940 D.
581 1897 633 1940 E.
671 1910 712 1937 v.
756 1897 890 1940 Har-

90 1959 235 2008 tung.
265 1955 331 1996 De
348 1954 550 1998 ParticuI.
573 1954 626 1997 T.
648 1955 703 1997 Π.
724 1967 764 2008 p.
787 1954 887 2002 401.

89 2011 155 2057 De
184 2011 244 2067 μὴ
277 2010 332 2053 οὒ
371 2018 472 2066 post
505 2010 802 2053 ἐναντιώσεται
839 2013 891 2055 il-

92 2070 179 2111 lato
227 2082 269 2111 v.
317 2069 606 2112 Hermann.
651 2069 705 2111 ad
744 2070 889 2123 Viget.

91 2125 262 2180 p..811
293 2127 431 2180 intpp.
471 2126 525 2168 ad
571 2126 756 2180 Gregor.
802 2127 890 2169 Co-

89 2182 214 2226 rintii.
246 2197 287 2238 p
312 2183 406 2230 103.
438 2183 771 2242 Matthiae&
792 2183 890 2229 533.

971 1852 1057 1892 que
1086 1837 1140 1880 ad
1171 1838 1458 1881 nominativos
1488 1854 1511 1881 e
1532 1840 1769 1894 superiori-

973 1898 1054 1939 bus
1095 1901 1240 1946 mente
1277 1902 1452 1950 repetas
1489 1896 1676 1951 Ἔρωτος
1715 1896 1768 1938 ἄν

972 1957 1119 2008 εἴησαν
1150 1955 1380 2008 μαθηταί,
1422 1956 1482 1996 ita
1512 1959 1562 1995 ut
1590 1955 1769 2008 genitivi

972 2015 1195 2067 μουσικῆς,
1224 2012 1438 2064 χαλκείας,
1465 2011 1570 2055 item
1600 2025 1654 2054 ex
1681 2028 1769 2067 μα-

974 2070 1117 2122 θηταί
1143 2068 1360 2123 pendeant
1392 2069 1506 2121 quod
1547 2081 1657 2113 nunc
1686 2069 1768 2111 du-

975 2128 1073 2181 plici
1113 2126 1302 2180 genitivo
1342 2127 1528 2169 iunctum
1571 2130 1662 2179 est,
1703 2128 1767 2170 al-

974 2185 1054 2228 teri
1086 2196 1311 2238 personae,
1342 2186 1462 2226 alteri
1495 2184 1569 2228 rei.
1631 2186 1768 2227 Aliter

92 2242 131 2286 1.
191 2241 396 2284 Ceterum
439 2241 592 2283 verba·
641 2244 665 2294 ᾗ
705 2243 893 2295 γίγνεται

89 2321 144 2330 --
175 2297 230 2340 τὰ
262 2298 372 2350 ζῶα,
414 2299 631 2340 continent
675 2312 892 2353 epexege-

90 2355 154 2397 sin
184 2329 564 2410 praecedentiumx
595 2354 786 2412 Ἔρωτος
817 2371 891 2398 σο·-

125 2413 206 2453 ίαν.

90 2428 121 2469 φ
146 2469 236 2510 καὶ
266 2467 440 2530 φανὸς
468 2467 671 2523 ἀπέβη]
713 2471 777 2512 De
808 2469 889 2513 hoc

90 2540 170 2568 usu
200 2527 346 2569 aoristi
375 2539 414 2570 v.
437 2526 491 2567 ad
511 2526 739 2580 cap.X111.
776 2528 824 2570 Β.
846 2533 892 2570 et

90 2584 311 2627 Phaedon.
321 2583 391 2627 84.
405 2585 456 2627 D.
468 2607 525 2614 —
554 2584 890 2638 Hesychius.

90 2641 253 2695 φανόν·
285 2641 494 2695 φωτεινόν
523 2641 594 2682 καὶ
615 2641 828 2697 λαμπρόν.
848 2655 890 2687 v.

89 2698 320 2745 Dorvill.
352 2698 406 2742 ad
436 2697 596 2744 Charit.
629 2714 668 2755 p.
669 2659 788 2744 ἰι565.
821 2699 889 2744 ed.

90 2756 214 2810 Lips.

147 2839 369 2893 τοξικήν
406 2837 460 2895 γε
497 2839 600 2894 μὴν
633 2846 701 2892 κ.]
742 2843 790 2884 In
829 2842 892 2885 his

92 2912 138 2953 γε
169 2897 255 2951 μὴν
290 2902 356 2938 est
386 2911 564 2952 prorsus
594 2898 738 2941 Latin.
780 2900 892 2953 qui-

95 2955 427 3056 ‹115e3mAcegth
478 2959 526 2996 ut
565 2955 812 3000 Parmenid.
851 2971 892 3012 p.

156 3100 206 3144 B.
247 3096 335 3139 καὶ
366 3097 600 3137 Μοῦσαι
625 3101 896 3149 μουσικῆς

96 3174 136 3201 κ.
169 3173 208 3198 τ.
239 3155 306 3210 L]
352 3155 476 3196 Haec
512 3154 801 3207 superioribus
842 3155 892 3196 Ιίν.

25 3216 36 3227 ’
98 3214 264 3257 centius
285 3211 499 3257 adduntur
519 3210 594 3261 sic,
609 3216 657 3252 ut
676 3211 891 3253 secunda-

98 3272 186 3316 tiae
215 3270 422 3312 orationis
447 3268 663 3310 membro.
693 3282 794 3316 ωςτε
822 3268 894 3313 καὶ

100 3332 235 3374 οὗτος
266 3351 320 3359 -
351 3327 415 3379 εἴη
443 3322 668 3380 μαθητής,
699 3338 784 3369 non
804 3327 892 3380 pri..

99 3385 262 3439 mario,
298 3381 624 3430 accommodata
657 3382 754 3427 sint.
805 3384 890 3428 lta-

975 2244 1011 2284 A
1023 2255 1044 2282 s
1056 2243 1093 2284 ti
1107 2254 1133 2283 u
1144 2254 1164 2281 s
1204 2242 1572 2283 constructionem
1610 2242 1768 2283 verbo-

972 2311 1065 2341 rum
1107 2297 1310 2352 expedire
1347 2298 1527 2350 studuit,
1565 2299 1639 2352 qui
1686 2311 1769 2340 no-

973 2356 1202 2399 minativos
1225 2355 1380 2425 refert
1418 2356 1474 2397 ad
1515 2353 1685 2410 ἀνεῦρεν
1724 2361 1770 2398 et

971 2411 1181 2469 μαθητὴς
1218 2428 1272 2452 αν
1307 2414 1396 2465 εἴη,
1444 2413 1654 2466 genitivos
1692 2426 1769 2455 au-

973 2477 1061 2514 tem
1093 2485 1117 2512 e
1147 2470 1290 2512 verbis
1319 2470 1558 2523 ἐπιθυμίας
1576 2470 1646 2510 καὶ
1664 2473 1770 2525 ἔρω-

973 2543 1047 2575 τος
1075 2524 1456 2581 ἡγεμονεύσαντος,
1488 2540 1598 2569 nunc
1628 2528 1770 2571 denuo

975 2591 1118 2629 mente
1166 2584 1473 2638 intemgendis‚
1533 2598 1770 2653 suspensos

975 2657 1074 2686 esse
1103 2643 1343 2684 arbitratur.
1399 2642 1600 2685 Nostram
1635 2643 1770 2685 ratio-

975 2713 1071 2742 nem
1099 2701 1319 2741 confirmat
1339 2712 1409 2741 res
1424 2699 1528 2753 ipsa.
1566 2701 1634 2751 ,ln
1666 2713 1771 2754 pro-

974 2757 1125 2801 Χὶωἰεε
1147 2756 1334 2811 *Ἑρωτος
1362 2758 1661 2811 ἐγγενομένου,
1692 2757 1770 2810 δῆ-

975 2816 1050 2855 λον
1087 2813 1157 2856 ὅτι
1185 2812 1391 2867 κάλλους,
1435 2815 1549 2857 istud
1589 2813 1772 2861 κάλλους

975 2872 1135 2927 pendet
1175 2885 1229 2914 ex
1260 2870 1471 2927 Ἔρωτος,
1511 2873 1568 2914 ita
1602 2879 1650 2914 ut
1688 2873 1770 2914 hoc

977 2942 1133 2971 nomen
1162 2941 1308 2970 rursus
1340 2934 1385 2971 et
1415 2929 1469 2971 de
1501 2930 1583 2972 deo
1611 2930 1769 2971 amoris

977 2986 1295 3041 intelligendum
1345 2987 1400 3029 sit
1448 2992 1492 3029 et
1531 2987 1584 3028 de
1622 2999 1769 3028 umore

976 3043 1092 3096 ipso,
1123 3048 1300 3096 utraque
1327 3045 1500 3086 notione
1532 3043 1770 3085 arctissime

979 3100 1206 3148 coniuncta
1236 3107 1280 3143 et
1299 3102 1421 3153 quasi
1441 3102 1479 3142 in
1504 3112 1631 3141 unum
1663 3111 1768 3141 con-

973 3157 1083 3205 fusa.
1113 3170 1152 3199 v.
1182 3156 1236 3201 ad
1267 3171 1307 3212 p.
1343 3157 1434 3202 196.
1471 3159 1520 3199 D.
1582 3157 1768 3197 Germa-

974 3214 1068 3259 nice
1105 3213 1214 3257 haec
1251 3214 1430 3257 reddast
1476 3213 1652 3254 indem
1694 3212 1766 3254 ih-

974 3283 1074 3314 nen
1111 3271 1275 3324 Eros,
1323 3269 1556 3313 nemlich
1594 3270 1767 3312 Liebe

975 3328 1412 3378 zurSchiinhcit‚
1445 3326 1764 3370 einwohnte.

973 3385 1125 3440 ltaque
1151 3387 1356 3430 Socrates
1386 3383 1491 3426 infra
1521 3398 1561 3438 p.
1580 3383 1678 3428 201.
1702 3387 1763 3427 At
