2158 3718
412 171 498 210 XX
1033 169 1479 211 PROLEGOMENA

415 297 557 351 enim
593 298 799 351 animus
836 297 1338 368 philosophantium,
1382 300 1433 352 h.
1474 318 1518 352 e.
1555 317 1732 352 rerum
1768 297 1905 351 ultra
1939 299 2102 352 vitam

414 378 718 422 terrestrem
741 369 1045 439 positarum.
1066 368 1395 422 meditationi
1429 369 1842 441 indulgentium,
1875 369 1969 423 ubi
2004 370 2101 423 ali-

415 440 628 508 quando
665 441 720 492 in
758 458 815 491 se
853 439 1105 492 collectus
1142 448 1225 492 est
1259 459 1322 493 ac
1351 441 1522 494 veluti
1568 449 1940 512 congregatuS,
1986 441 2103 494 fieri

414 530 542 564 sane
585 511 662 562 ita
707 510 867 574 solet,
915 518 977 562 ut
1021 510 1078 562 in
1123 509 1242 580 ipso
1286 511 1523 565 infinitus
1559 512 1775 581 quidam
1813 530 1999 565 sensus
2036 530 2099 564 ac

409 599 580 652 prope
617 580 843 632 dixerim
877 581 1126 651 propriae
1162 588 1378 635 naturae
1420 582 1643 636 infinitio
1688 582 1905 647 oriatur,
1956 583 2098 635 unde

411 651 657 715 efficitur,
694 659 755 703 ut
790 650 858 703 ad
894 660 1118 704 naturae
1150 651 1206 704 in
1233 671 1288 705 se
1313 652 1583 707 absolutae
1605 655 1868 725 planeque
1893 653 2104 706 divinae

409 721 576 774 veluti
611 721 990 775 divinationem
1026 723 1296 791 quandam
1319 731 1478 793 atque
1513 724 1943 795 praesensionem
1979 742 2103 778 eve-

413 792 589 845 hatur.
665 790 789 859 ‚Quo
838 794 1053 862 quidem
1096 794 1267 863 ipsius
1325 802 1465 847 statu
1511 804 1669 863 atque
1717 794 1901 848 habitu
1950 794 2107 847 simul

412 863 574 915 etiam
618 864 776 918 ardor
822 864 1041 933 quidam
1087 865 1395 918 accenditur
1432 866 1608 923 ,amori
1651 865 1796 918 haud
1830 864 2105 930 absimiliS,

412 952 521 1002 quo
559 934 630 986 ad
664 954 844 988 rerum
882 935 1180 989 divinarum
1217 945 1377 1004 atque
1414 937 1546 990 adeo
1581 936 1752 1007 ipsius
1779 936 1943 988 divini
1964 936 2022 988 in
2048 955 2106 989 se

410 1004 641 1075 perfecti
679 1015 731 1058 et
768 1005 1015 1072 absoluti,
1042 1006 1143 1060 hoc
1168 1016 1250 1060 est
1273 1008 1378 1071 dei,
1416 1007 1682 1060 infinitum
1704 1006 1972 1076 quoddam
1997 1015 2105 1059 tra-

411 1075 627 1129 ducitur
663 1077 988 1130 desiderium
1026 1087 1080 1131 et
1115 1078 1184 1130 ad
1221 1078 1493 1131 absolutae
1539 1079 1914 1150 perfectaeque
1947 1085 2103 1130 natu-

410 1165 503 1199 rae
542 1148 1043 1218 contemplationem
1083 1157 1135 1202 et
1170 1149 1572 1202 admirationem
1595 1149 1852 1202 ineffabili
1873 1148 2107 1218 quadam

414 1218 707 1287 cupiditate
755 1219 926 1272 fertur
972 1229 1025 1272 et
1069 1219 1348 1290 abripitur.
1430 1219 1696 1272 Nimirum
1744 1228 1938 1273 coeunt
1993 1227 2107 1272 tum

415 1288 567 1357 quasi
609 1289 666 1341 in
711 1309 879 1342 unum
926 1299 980 1343 et
1025 1290 1155 1343 inita
1201 1291 1453 1344 societate
1490 1291 1723 1344 animum
1767 1290 1932 1344 veluti
1968 1291 2108 1343 ultra

415 1367 585 1412 semet
618 1360 798 1431 ipsum
833 1361 1063 1414 evehunt
1100 1371 1260 1432 atque
1297 1363 1574 1426 extollunt,
1613 1379 1773 1431 quam
1809 1380 1931 1415 cum
1966 1360 2104 1413 Ter-

415 1430 635 1485 tulliano
673 1432 851 1487 dicere
887 1432 1087 1496 licebit,
1133 1434 1327 1486 mentis
1362 1433 1515 1503 quasi
1550 1433 1812 1502 quaedam
1842 1432 2106 1503 ¹sensuali-

413 1509 493 1554 tas
539 1510 699 1571 atque
742 1502 1193 1568 intellectualitas,
1251 1522 1423 1573 eoque
1468 1503 1699 1557 efficitur
1709 1503 1738 1569 ,’
1779 1511 1843 1556 ut
1885 1503 2106 1556 interius

414 1572 704 1626 sentiamus
748 1574 1077 1628 intercedere
1131 1574 1270 1628 inter
1315 1593 1414 1628 nos
1461 1583 1620 1644 atque
1663 1582 1909 1628 naturam
1959 1592 2107 1627 mere

413 1643 804 1714 intelligibilem
840 1663 904 1699 ac
938 1664 1036 1716 per
1073 1664 1129 1699 se
1165 1644 1463 1699 absolutam
1512 1646 1792 1699 arctiorem
1838 1645 2106 1715 quandam

414 1714 881 1780 necessitudinem,
925 1716 1001 1768 ita
1044 1725 1106 1768 ut
1152 1717 1312 1770 etiam
1347 1717 1419 1781 id,
1465 1717 1610 1786 quod
1654 1736 1753 1788 per
1797 1735 1853 1769 se
1897 1735 2106 1781 verum,

415 1785 618 1838 bonum
665 1794 718 1838 et
760 1786 1008 1856 pulcrum
1056 1795 1154 1852 est,
1203 1795 1383 1840 mente
1431 1789 1712 1857 animoque
1754 1795 1934 1841 nostro
1970 1796 2105 1840 tam·-

412 1874 574 1924 quam
620 1857 871 1929 augurari
916 1866 969 1910 et
1002 1858 1200 1911 intueri
1235 1859 1510 1912 videamur
1554 1861 1821 1929 planeque
1857 1857 2107 1928 amplecti

416 1927 741 1980 studeamus,
780 1926 946 1981 Hunc
967 1928 1135 2001 igitur
1159 1929 1318 1982 animi
1341 1928 1596 1995 habitum,
1622 1930 1764 1983 hunc
1785 1927 1929 1983 illius
1953 1928 2107 1998 quasi

414 1998 668 2051 affectum
713 1998 871 2053 Plato
920 1999 1238 2072 designavit,
1285 2019 1450 2070 quum
1493 2000 1788 2055 doctrinam
1824 2001 1892 2053 de
1926 2019 2107 2053 rerum

417 2066 719 2122 divinarum
755 2070 842 2123 vel
876 2071 1118 2123 idearum
1155 2090 1362 2124 amore
1406 2071 1666 2135 condidit3
1711 2072 1767 2124 in
1813 2090 1919 2141 quo
1965 2079 2107 2124 certe

410 2139 584 2210 ipsam
619 2151 864 2194 naturam
910 2142 1100 2195 ducem
1146 2151 1307 2211 atque
1342 2142 1655 2215 magistram
1694 2151 1950 2212 sequutus
1988 2160 2106 2194 esse

411 2211 479 2264 iis
515 2211 764 2265 omnibus
800 2211 971 2266 videri
1015 2212 1251 2278 debebit,
1298 2213 1391 2282 qui
1435 2233 1468 2266 a
1513 2213 1834 2267 sublimioris
1870 2212 2103 2283 philoso-

411 2281 569 2352 phiae
608 2283 799 2336 studiis
843 2303 952 2336 non
1001 2293 1125 2336 sunt
1168 2284 1464 2338 alieniores.
1527 2282 1683 2351 Quae
1726 2284 1946 2354 quidem
1982 2302 2104 2336 sen-

414 2354 578 2406 tentia
616 2362 796 2407 nostra
842 2373 947 2423 quo
991 2355 1164 2427 magis
1206 2355 1536 2427 intelligatur
1572 2355 1767 2425 quibus
1813 2354 2016 2408 caussis
2054 2363 2107 2407 et

412 2424 707 2478 rationibus
743 2425 960 2491 nitatur,
1000 2436 1142 2479 certe
1178 2445 1286 2479 non
1321 2427 1508 2480 inutile
1546 2427 1647 2480 erit
1684 2427 1845 2480 etiam
1875 2424 2102 2479 Germa-

414 2495 535 2548 nice
574 2495 929 2566 explicavisse
964 2516 1103 2566 quae
1138 2498 1297 2551 modo
1335 2498 1570 2552 oratione
1607 2497 1806 2550 Latina
1842 2497 2106 2568 explicare

415 2567 590 2634 conati
627 2586 828 2620 sumus,
879 2567 1042 2621 Redit
1076 2568 1243 2641 igitur
1281 2588 1485 2622 summa
1523 2588 1725 2632 eorum,
1762 2586 1897 2637 quae
1935 2586 2102 2637 expo-

416 2638 636 2701 suimus,
672 2637 783 2690 fere
820 2638 952 2690 huc:
1010 2639 1166 2702 „Der
1209 2641 1342 2691 heim
1374 2639 1841 2710 plzilosoplzischen
1882 2637 2107 2691 Denken

412 2709 469 2758 in
495 2709 605 2760 sich
640 2709 895 2776 qesenlcter
917 2706 1063 2760 Geist
1088 2710 1243 2761 almet
1279 2711 1406 2762 bald
1439 2712 1522 2761 ein
1557 2710 1788 2773 ho'keres,
1824 2710 2101 2762 iiber-sinn-

414 2778 572 2829 liclzes
619 2766 748 2830 Sein
791 2778 1187 2849 (Seiendes),
1231 2782 1343 2832 und
1385 2798 1436 2831 es
1477 2781 1747 2832 verbindet
1787 2781 1897 2832 sich
1939 2782 2106 2833 dieses

411 2847 603 2899 Almen
636 2849 795 2900 selbst
824 2850 919 2899 mit
953 2851 1116 2900 einem
1151 2851 1524 2915 unendliclzen,
1576 2852 1957 2921 unbeyrenzten
1998 2847 2102 2902 Ge-

408 2919 554 2986 fame
598 2921 758 2985 (oder
797 2919 1176 2989 Bewusstsein)
1223 2924 1313 2974 des
1356 2922 1551 2974 hohern
1590 2921 1963 2984 Seelenlebem,
2007 2939 2102 2973 zu-

400 2990 553 3060 folye
604 2992 787 3042 dessen
839 3008 896 3042 er
946 2993 1035 3043 des
1101 2990 1480 3045 Verhc‘z’ltnisses
1542 2995 1631 3045 des
1685 2995 1894 3063 eiyenen
1949 2987 2103 3043 Seius

412 3079 533 3113 zum
558 3060 753 3112 hohern
782 3059 908 3113 Sein
934 3063 1055 3114 inne
1085 3064 1236 3116 wird.
1282 3063 1478 3116 Dieser
1502 3064 1743 3115 Zustand
1778 3065 1867 3115 des
1902 3058 2102 3115 Geistes

413 3132 526 3183 tritt
549 3132 650 3195 ein,
687 3149 835 3183 wenn
873 3134 1136 3185 einersez'ts
1171 3136 1255 3186 die
1290 3136 1610 3187 erkemzende
1634 3134 1805 3204 Kraft
1836 3133 2102 3186 desselben

413 3204 471 3254 in
506 3202 651 3255 ihrer
686 3202 920 3255 obersten
949 3203 1156 3273 Splzdre
1191 3208 1318 3258 oder
1352 3206 1591 3270 hochsten
1624 3204 1825 3256 Potenz
1856 3204 1983 3257 iiber
2016 3205 2102 3255 die

414 3272 775 3344 Anschauuny
817 3277 929 3326 und
971 3277 1067 3327 das
1119 3277 1258 3328 bloss
1306 3277 1836 3345 verstandesmc'issiye
1876 3273 2100 3326 Denken

416 3344 725 3415 kinausyelzt
759 3348 870 3398 und
902 3346 1011 3398 sich
1046 3348 1147 3415 auf
1175 3350 1271 3400 das
1307 3347 1742 3409 Uebersinnliche,
1784 3345 2100 3399 Unendliehe
