2158 3718
262 129 369 184 234
993 129 1315 174 PLAToN1s

257 266 398 322 κατὰ
442 272 648 322 τοῦτον
691 266 793 321 τὸν
839 268 1053 338 τρόπον
1089 270 1187 336 τῆς
1221 269 1493 338 μεθόδου,
1534 266 1677 321 άλλά
1713 267 1823 322 τιν’
1864 267 2041 323 ἄλλον

255 352 468 423 τρόπον
492 350 675 415 αὐτὸς
714 353 835 422 εἰκῇ
873 353 1069 421 φύρω,
1105 354 1310 405 τοῦτον
1349 352 1411 406 δὲ
1448 351 1668 422 οὐδαμῇ
1705 355 2014 422 προςίεμαι.

398 442 513 506 Cap.
561 439 722 491 XLVI.
795 435 941 488 Ἀλλ’
981 433 1227 498 ἀκούσας
1271 436 1373 505 μέν
1419 454 1553 490 ποτε
1593 436 1656 490 ἐκ
1693 439 1920 505 βιβλίου
1957 456 2042 490 τι-

255 522 383 592 νός,
423 518 498 585 ὦς
537 523 672 590 ἔφη,
707 519 1084 589 Ἀναξαγόρου
1122 517 1672 589 ἀναγιγνώσκοντος,
1713 521 1806 572 καὶ
1844 521 2042 588 λε’γον-

202 621 375 675 Οτος,
432 604 508 669 ὦς
564 603 673 674 ἄρα
727 607 866 666 νοῦς
914 604 1069 656 ἐστιν
1118 601 1148 656 ὁ
1197 605 1519 674 διακοσμῶν
1565 625 1625 657 τε
1671 606 1765 657 καὶ
1810 603 2040 658 πάντων

255 694 446 758 αἴτιος,
485 689 661 758 ταύτῃ
699 686 807 757 ἤδη
844 690 912 757 τῇ
944 688 1100 759 μαἰτία
1135 685 1325 757 ἥσθην
1361 707 1421 741 τε
1458 690 1552 742 καὶ
1588 688 1746 752 ἔδοξέ
1777 708 1873 758 μοι
1909 688 2042 757 τρό-

253 791 363 826 πον
400 771 526 826 τινόι
565 765 631 826 εὑ
668 774 817 840 ἔχειν
854 770 917 824 τὸ
956 769 1058 825 τὸν
1094 775 1239 826 νοῦν
1279 767 1423 825 εἶναι
1449 772 1677 825 πάντων
1704 776 1906 841 αἴτιον,
1945 772 2040 824 καὶ

252 855 566 926 ἡγησάμην,
608 857 659 909 εἰ
693 854 860 909 τοῦθ’
901 854 1081 919 οὕτως
1118 858 1258 926 ἔχει,
1297 857 1397 910 τόν
1434 875 1498 924 γε
1535 860 1680 909 νοῦν
1717 859 2040 925 κοσμοῦντα

252 941 436 994 πάντα
474 948 706 1010 κοσμεῖν
744 941 838 994 καὶ
874 941 1113 994 ἕκαστον
1149 940 1370 993 τιθέναι
1407 940 1612 1010 ταύτῃ,
1653 938 1762 1009 ὅπῃ
1802 939 1873 993 ὀὲν
1909 942 2042 1007 βέλ-

252 1038 411 1078 τιστα
459 1026 581 1095 ἔχη·
650 1025 702 1077 εἰ
745 1017 852 1078 οὖν
884 1044 968 1088 τις
1002 1023 1268 1093 βούλοιτο
1315 1022 1420 1093 τὴν
1458 1025 1644 1076 αἰτίαν
1684 1020 1875 1093 εὑρεῖν
1911 1023 2041 1093 περὶ

252 1106 520 1177 ἑκάστου,
569 1106 680 1178 ὅπῃ
726 1110 978 1176 γίγνεται
1024 1107 1060 1178 ἢ
1097 1106 1408 1162 ἀπόλλυται
1445 1108 1481 1177 ἢ
1519 1110 1664 1177 ἔστι,
1712 1111 1879 1161 τοῦτο
1919 1108 2041 1160 δεῖν

252 1194 382 1261 περὶ
428 1190 607 1245 αὑτοῦ
656 1190 879 1261 εὑρεῖν,
930 1191 1038 1263 ὅπῃ
1085 1193 1379 1260 βέλτιστον
1426 1190 1578 1263 αὐτῷ
1629 1193 1784 1245 ἐστιν
1820 1189 1858 1260 ἢ
1896 1186 2041 1243 εἶναι

195 1273 287 1346 Βῆ
334 1273 472 1329 ἄλλο
521 1274 716 1329 ὁτιοῦν
761 1276 997 1344 πάσχειν
1043 1275 1080 1345 ἢ
1125 1285 1334 1329 ποιεῖν·
1404 1277 1467 1330 ἐκ
1507 1276 1568 1329 δὲ
1617 1274 1685 1344 δὴ
1724 1279 1826 1328 τοῦ
1865 1274 2040 1342 λόγου

250 1360 457 1412 τούτου
513 1357 685 1412 οὐδὲν
743 1357 881 1412 ἄλλο
949 1369 1184 1414 σκοπεῖν
1239 1361 1541 1430 προςήκειν
1596 1357 1884 1429 ἀνθρώπῳ
1945 1358 2040 1411 καὶ

250 1445 379 1514 περὶ
416 1441 594 1497 αὑτοῦ
634 1443 727 1496 καὶ
764 1444 894 1513 περὶ
931 1447 1046 1497 τῶν
1084 1441 1294 1515 ἄλλων,
1335 1442 1461 1496 ἀλλ’
1499 1442 1535 1512 ἢ
1572 1441 1634 1496 τὸ
1673 1440 1907 1512 ἄριστον
1944 1442 2038 1496 καὶ

249 1526 312 1581 τὸ
351 1529 662 1597 βέλτιστον.
716 1526 1027 1596 ἀναγκαῖον
1066 1527 1128 1582 δὲ
1168 1524 1313 1581 εἶναι
1349 1526 1450 1581 τὸν
1488 1524 1663 1581 αὑτὸν
1700 1530 1906 1580 τοῦτον
1944 1527 2038 1579 καὶ

248 1610 311 1665 τὸ
350 1621 541 1682 χεῖρον
581 1612 815 1665 εἰδέναι·
866 1611 971 1681 τὴν
1009 1611 1187 1681 αὐτὴν
1224 1609 1333 1682 γαρ
1373 1607 1520 1665 εἶναι
1560 1611 1869 1680 ἐπιστήμην
1906 1611 2038 1679 περὶ

248 1694 457 1750 αὐτῶν.
533 1700 709 1748 ταῦτα
757 1693 825 1765 δὴ
873 1696 1226 1766 λογιζόμενος
1264 1695 1503 1765 ἄσμενος
1542 1694 1840 1765 εὑρηκέναι
1879 1691 2037 1766 ᾤμην

363 1866 465 1920 Cap.
484 1866 635 1907 XLVI.
681 1867 728 1909 C.
770 1862 951 1921 ταύτῃ
991 1858 1124 1920 ἤδη]
1168 1867 1256 1907 Ηοο
1291 1867 1389 1906 dedi
1426 1879 1448 1905 e
1486 1865 1611 1907 Coisl.
1643 1867 1751 1907 Ven.
1774 1868 1814 1908 Λ
1843 1866 1971 1907 vind.
1994 1865 2034 1909 Φ

246 1924 341 1966 Par.
367 1923 558 1964 GEHIL
587 1924 772 1977 August.
800 1924 910 1964 Flor.
933 1935 958 1964 a
979 1925 1004 1964 b
1026 1936 1049 1963 e
1069 1923 1083 1962 i
1105 1935 1159 1964 m.
1205 1923 1377 1964 Ceterae
1399 1922 1513 1965 editt.
1539 1915 1602 1976 δή
1624 1921 1801 1963 habent.
1839 1923 1935 1963 Vat.
1961 1918 2031 1966 δέ.

359 1987 548 2036 πάντα
570 1987 823 2048 κοσμεῖν]
847 1994 990 2035 Herm.
1007 1994 1204 2048 κοσμεῖν
1226 2000 1272 2033 ut
1293 1993 1477 2034 otiosum
1499 1993 1619 2033 uncis
1642 1992 1831 2035 seclusit.
1853 2005 1893 2034 v.
1918 1992 2033 2046 expl.

360 2064 408 2104 D.
450 2060 581 2117 περὶ
602 2057 801 2115 αὑτοῦ]
825 2055 979 2104 αὑτοῦ
1002 2056 1188 2104 ἐκείνου
1208 2063 1330 2106 Bodl.
1349 2064 1456 2104 Ven.
1474 2061 1579 2109 ΞΠ
1596 2063 1724 2106 Vind.
1746 2063 1787 2104 Τ
1805 2063 1911 2104 Tub.
1935 2063 2032 2104 Zitt.

244 2120 350 2160 Dein
371 2119 492 2160 Bodl.
514 2133 579 2173 pr.
602 2121 714 2164 Ven,
741 2119 792 2161 H
811 2117 1055 2172 βέλτιστον
1077 2115 1251 2161 αὐτῶν.

301 2260 349 2303 Β.
383 2251 529 2302 ἄλλά
557 2226 1092 2314 τιν’ἅλλον-εἰκῇ
1181 2260 1459 2301 adducere.
1513 2271 1554 2302 v,
1595 2257 1757 2303 Phileb.
1798 2271 1840 2312 p.
1884 2259 1939 2300 28
1979 2259 2028 2303 Ε.

245 2311 422 2370 φύρω]
444 2316 617 2356 Aliam
639 2309 902 2367 quandem
923 2317 1094 2358 ratio-

244 2385 356 2413 nem
378 2373 530 2424 quasi
552 2373 870 2413 commisceo
898 2379 1093 2412 temere

244 2438 293 2469 et
314 2427 1094 2483 comminiscor.Me'taph01-aduota

243 2491 310 2525 est
337 2487 389 2526 ab
418 2486 495 2535 iis,
526 2486 599 2536 qui
627 2485 807 2525 farinam
836 2492 909 2525 aut
937 2493 1092 2526 terram

244 2553 356 2592 aqua
385 2542 609 2607 subigunt,
643 2549 688 2581 ut
714 2542 846 2582 Arist.
875 2542 985 2584 Avv.
1007 2541 1092 2581 462

242 2609 639 2650 προςπεφυραται
663 2590 800 2650 λόγος
824 2591 892 2645 εἷς
913 2610 1011 2652 μοι,
1034 2587 1091 2639 ὃν

244 2646 528 2706 διαμάττειν
569 2645 626 2693 οὑ
667 2647 853 2694 κωλύει.
926 2653 1090 2693 Deinde

242 2707 528 2761 προςίεσθαι
552 2716 614 2748 est
641 2709 945 2759 admittere,
968 2721 1092 2761 pro-

242 2764 377 2805 bare.

300 2874 403 2941 Cap.
441 2874 592 2917 XLVI.
652 2868 720 2922 ὡς
778 2870 911 2939 ἔφη,
970 2867 1085 2927 Ἀν.]

241 2931 309 2972 Ad
350 2944 413 2979 ως
453 2926 547 2983 ἔφη
588 2930 721 2970 intell.
756 2924 781 2972 ὁ
824 2923 1090 2985 ἀναγιγνώ-

242 2997 380 3028 σκων.
440 2987 750 3038 Intelleguntur
808 2988 1090 3039 Anaxagorae

242 3036 442 3084 Φυσικά.
484 3042 638 3083 Athen.
671 3043 725 3084 II.
755 3044 825 3084 50.
864 3043 1002 3084 Laert.
1033 3044 1085 3086 ΙΙ.

238 3100 283 3150 6,
305 3100 370 3142 11.
395 3098 548 3139 Docuit
564 3105 706 3139 autem
726 3098 795 3138 ille
815 3100 977 3152 primus
998 3099 1090 3153 regi

242 3156 385 3203 omnia
414 3162 454 3195 et
482 3154 770 3196 administrari
797 3157 838 3195 vi
866 3161 906 3195 et
927 3156 1089 3195 ratione

239 3212 393 3251 mentis
423 3210 624 3261 infinitae,
658 3218 785 3263 quam
813 3210 932 3252 νοῦν
967 3222 1089 3251 voea-

239 3267 315 3310 vit.
352 3279 394 3310 ν.
422 3266 582 3308 Phileb.
619 3281 661 3321 p.
690 3268 745 3308 28
768 3266 859 3308 CD.
894 3281 936 3322 p.
969 3269 1024 3309 30
1056 3268 1087 3308 D

239 3322 382 3374 ibique
402 3335 500 3366 ann.
538 3324 630 3372 Qua
650 3325 692 3364 in
714 3336 759 3364 re
780 3336 883 3364 usus
906 3330 970 3364 est
991 3337 1084 3364 ver-

238 3379 306 3418 bis
338 3376 621 3432 διακοσμεῐν
652 3388 691 3421 et
719 3381 936 3434 κοσμεῖν,
979 3392 1087 3432 quae

241 3434 423 3475 Cicero
445 3436 746 3490 interpretatur
774 3437 827 3477 in
849 3437 1086 3477 ordinem

1181 2315 1337 2368 Cratyl.
1362 2329 1404 2368 p.
1428 2316 1512 2356 413
1531 2314 1575 2356 C.
1608 2314 1719 2355 Xen.
1742 2314 1866 2358 Mem.
1892 2314 1969 2356 IV.-
1990 2317 2028 2356 7.

1180 2372 1365 2482 ἰοίὲονὲι
1377 2372 1387 2412 l
1399 2385 1421 2411 c
1431 2372 1460 2411 k
1471 2383 1492 2411 e
1503 2384 1542 2415 n.
1553 2371 1684 2415 Diatr.
1696 2373 1738 2411 in
1750 2371 1847 2412 Eur.
1857 2372 2027 2424 Fragm.

1238 2511 1282 2556 C.
1331 2510 1662 2565 κοσμοῦντα
1700 2503 1883 2554 πάντα
1931 2523 2026 2553 κο-

1180 2567 1361 2622 σμεῖν]
1403 2570 1559 2622 Iungas
1588 2561 1770 2618 πάντα,
1809 2567 1924 2619 quod
1952 2562 2027 2608 τό·

1177 2636 1322 2665 νωσιν
1353 2624 1491 2674 habet,
1525 2636 1621 2662 cum
1649 2624 1861 2676 κοσμεῖν,
1892 2623 2027 2673 siqui-

1177 2681 1272 2720 dem
1305 2680 1514 2719 sententia
1541 2679 1646 2718 haec
1677 2687 1763 2719 est:
1803 2686 2026 2721 mentem

1177 2743 1320 2775 certe
1360 2740 1542 2789 utpote
1571 2734 1904 2776 ordinantem
1942 2747 2024 2775 or—

1177 2792 1360 2831 dinare
1382 2790 1558 2830 omnia
1587 2791 1810 2841 ideoque
1840 2804 2022 2831 unum·

1177 2848 1420 2904 quodque
1442 2847 1513 2886 ita
1536 2847 1828 2899 disponere
1849 2855 1928 2887 etc.

1233 2927 1336 2983 τὴν
1386 2926 1587 2971 αἰτίαν
1644 2924 1843 2983 εὑρεῖν
1891 2930 2025 2984 περὶ

1177 2980 1437 3038 ἑκάστου]
1479 2987 1525 3026 P.
1548 2985 1656 3028 961⁴:
1695 2985 1803 3039 περὶ
1844 2980 2024 3031 τούτων

1176 3055 1260 3084 του
1296 3036 1385 3096 τὴν
1421 3038 1586 3084 αἰτίαν
1618 3038 1817 3084 εἰδέναι.
1859 3043 1959 3084 Mox
1977 3057 2023 3098 p.

1175 3101 1229 3140 97
1262 3098 1296 3138 D
1345 3091 1550 3152 ἄσμενος
1592 3092 1645 3140 εὑ
1678 3095 1847 3152 ηκέναι
1887 3090 2023 3154 ὤμην

1176 3151 1476 3220 διδάσκαλον
1503 3153 1588 3208 τῆς
1619 3168 1649 3195 α
1673 3154 1779 3221 τίας
1798 3141 1908 3208 περὶ
1929 3154 2023 3198 τῶν

1174 3225 1342 3254 οντων,
1384 3211 1430 3253 Ρ.
1455 3211 1510 3252 98
1530 3211 1565 3251 D
1591 3208 1675 3252 καὶ
1706 3224 1770 3252 αν
1798 3208 1908 3265 περὶ
1936 3209 2021 3254 τοῦ

1175 3264 1493 3321 διαλέγεσθαι
1532 3260 1647 3320 ὑμῖν
1688 3258 1851 3318 ἑτέρας
1886 3261 2022 3315 τινας

1174 3317 1401 3372 τοιαύτας
1425 3320 1584 3371 αἰτίας
1605 3318 1749 3376 λέγοι.
1780 3322 1841 3363 De
1858 3323 1964 3377 Rep.
1988 3325 2019 3366 1.

1172 3393 1214 3433 p,
1245 3382 1328 3421 329
1350 3380 1401 3420 D.
1435 3377 1700 3421 Schaefer.
1732 3379 1786 3419 ad
1816 3379 1935 3422 Dem.
1969 3380 2016 3422 Τ.

1171 3437 1225 3478 v.
1246 3449 1291 3491 p.
1312 3437 1410 3478 312.
