2158 3718
474 117 1225 183 SYMPU81UM.1›.203
1264 120 1340 172 st.

1643 122 1744 171 131

67 270 377 341 βαρημένος
438 258 616 332 ηὗδεν.
657 263 692 332 ἡ
738 256 842 320 οὖν
898 267 1108 329 Πενία,
1164 261 1594 333 ἐπιβουλεύουσα
1652 262 1741 319 διὰ

69 350 172 418 τὴν
214 351 389 418 αὐτῆς
427 347 674 422 ἀπορίαν
716 351 940 404 παιδίον
981 345 1339 416 ποιήσασθαι
1382 354 1439 403 ἐκ
1480 350 1582 404 τοῦ
1625 345 1748 403 Πό-

70 437 189 508 ρου,
218 436 602 491 κατακλίνεταί
624 453 680 488 τε
708 431 838 503 παρ’
890 432 1042 503 αὐτῷ
1069 436 1161 488 καὶ
1185 430 1375 500 ἐκύησε
1403 427 1748 503 τὸν”Ερωτα.
1824 473 1839 493 ,

69 516 155 575 διὸ
200 517 267 587 δὴ
311 521 403 574 καὶ
442 519 543 584 τῆς
578 515 908 593 Ἀφροδίτης
962 513 1284 597 ἀκόλουθος
1341 518 1433 572 καὶ
1478 514 1750 590 θεράπων

605 643 631 666 ’,ἢ

183 740 563 795 βεβαρημένος
592 732 782 793 ηὗδεν]
817 738 868 779 V.
899 730 1039 790 εἶδεν,
1069 738 1182 790 quod
1217 740 1474 782 auctoritate
1507 739 1629 782 Bodl.
1654 738 1748 781 Vat.

73 796 125 840 A.
152 797 273 840 Vind.
285 796 326 841 2.
349 795 523 840 vind-D
538 797 589 839 K.
614 799 784 852 Ang.w.
812 796 904 836 Vat.
921 808 961 848 p.
994 801 1218 839 mutatum.

73 957 199 996 natus
248 952 305 993 sit
345 953 591 1007 parentibus
633 952 776 995 indole
819 964 872 993 ac

75 1011 227 1054 na'tura
256 1014 345 1051 tam
367 1010 562 1062 diversis,
595 1011 748 1051 mirum
770 1022 874 1063 pro·

72 1068 190 1110 secto
231 1079 316 1108 non
356 1073 450 1120 est,
491 1067 606 1120 quod
647 1078 785 1119 neque
817 1065 872 1108 ad

73 1125 210 1180 patris
238 1125 421 1167 virtutes
444 1125 584 1179 potuit
613 1126 737 1178 plane
767 1136 872 1177 per-

74 1181 246 1234 venire,
286 1193 426 1235 neque
466 1181 521 1223 ad
558 1182 707 1222 matris
736 1181 874 1222 imbe-

75 1239 296 1282 cillitatem
335 1243 381 1280 et
423 1239 709 1280 infirmitatem
749 1250 873 1292 pror-

75 1309 148 1338 sus
181 1295 381 1350 delapsus
402 1301 484 1348 est,
514 1300 763 1337 remanente
792 1294 871 1336 ali-

75 1367 160 1408 qua
188 1354 397 1408 particula
425 1354 627 1395 virtutum
660 1352 868 1406 parentis,

76 1411 157 1454 hoc
187 1415 256 1453 est
290 1412 426 1465 pulcri
464 1416 594 1464 atque
623 1410 723 1451 boni
756 1409 872 1451 desi-

76 1469 197 1511 derio
236 1467 504 1510 inexstincto.
575 1466 874 1510 Quemadmo-

77 1527 178 1568 dum
219 1538 324 1567 vero
361 1523 465 1566 haec
509 1524 751 1566 facillimam
797 1523 874 1564 ba-

77 1584 182 1625 bent
210 1583 556 1637 explicationem,
594 1582 665 1623 ubi
687 1594 750 1622 ‘ex
778 1581 873 1634 ipso

77 1641 289 1695 scriptore
317 1640 492 1693 petieris
515 1652 666 1681 eorum
687 1639 874 1680 illustra-

78 1700 269 1749 tionem,
309 1698 368 1738 ita
398 1710 479 1738 nec
507 1697 667 1750 reliqua
696 1698 781 1738 ulla
811 1696 877 1736 la-

77 1757 233 1798 borant
275 1754 551 1796 obscuritate-
611 1754 732 1795 Nam*
759 1750 875 1805 quod

80 1815 210 1856 Amor
239 1817 362 1853 natus
393 1825 491 1854 esse
521 1811 676 1852 dicitur
698 1811 878 1852 Veneris

79 1870 148 1912 die
177 1869 325 1921 natali,
355 1868 396 1910 id
428 1881 514 1910 non
543 1869 628 1910 alia
660 1868 715 1909 de
747 1879 876 1909 causa

80 1929 171 1970 fieri
201 1926 473 1979 arbitramur,
507 1939 635 1978 quam
665 1932 714 1968 ut
743 1937 878 1979 appa-

82 1988 202 2036 reat,
247 1996 327 2026 cur
362 1985 458 2036 ille,
514 1983 694 2025 Veneris
731 1994 879 2024 comes

81 2045 331 2097 perpetuus,
363 2041 422 2082 nil
451 2045 644 2086 sectetur
662 2040 741 2081 nisi
761 2038 878 2093 quod

82 2100 276 2153 pulcrum
307 2098 378 2139 sit.
439 2097 488 2139 ld
518 2097 635 2150 quod
665 2098 768 2139 satis
800 2096 879 2138 de-

82 2159 245 2199 clarent
269 2155 422 2196 verba·
456 2154 522 2196 διὸ
544 2155 617 2195 καὶ
635 2159 714 2206 τῆς
727 2153 882 2208 Ἀφρο-

82 2211 242 2266 ὸίτης
218 2229 292 2253 ακο
286 2210 469 2258 'lov-903
488 2213 562 2252 καὶ
585 2211 791 2285 θεράπων
811 2213 882 2265 γέ-

86 2284 210 2326 γονεν
241 2268 262 2310 ὁ
289 2271 438 2322 Ἔρως,
465 2269 689 2323 γεννηθεις
719 2271 761 2310 ἐν
789 2271 884 2314 τοῖς

83 2329 237 2380 ἐκείνης
265 2327 535 2397 γενεθλίοις,
576 2327 646 2367 καὶ
674 2324 767 2382 ἅμα
798 2323 885 2378 φύ-

85 2401 149 2428 σει
189 2382 373 2436 ἐραστὴς
411 2398 468 2424 ων
504 2383 600 2438 περὶ
637 2383 688 2425 τό
735 2381 884 2433 καλόι,

86 2442 158 2485 καὶ
186 2446 265 2493 τῆς
294 2441 559 2495 ’Λφροδίτης
581 2443 713 2494 καλῆς
741 2440 886 2491 οὔσης.

84 2500 238 2552 Neque
267 2500 394 2542 etiam
422 2511 536 2551 quae
565 2498 621 2541 de
651 2498 786 2540 hortis
814 2497 886 2539 lo-

87 2558 180 2610 vis,
219 2556 275 2599 de
310 2556 473 2609 quibus
501 2568 540 2597 v.
570 2554 888 2598 Schneider

88 2615 423 2668 Anmerkungen
458 2626 560 2655 zum
591 2615 816 2655 Anacreon
847 2624 890 2665 p.

86 2671 214 2724 2142
253 2675 499 2723 narrantur,
540 2672 672 2712 solius
714 2674 889 2712 ornatus

88 2729 225 2784 gratia
256 2728 422 2770 adiecta
453 2732 578 2780 sunt,
620 2727 699 2770 sed
731 2739 888 2782 prope-

90 2786 267 2828 modum
286 2787 530 2828 necessario
559 2783 890 2827 commemorari

92 2843 341 2885 debuerunt.
382 2842 530 2885 Quum
559 2843 690 2892 enim
694 2842 796 2884 Pori
825 2847 892 2883 at-

93 2912 179 2952 que
210 2899 374 2940 Peniae
412 2905 563 2940 natura
605 2905 650 2941 et
678 2899 891 2953 ingenium

93 2961 321 3010 tantopere
342 2955 599 3009 discrepent,
629 2969 708 3010 per
738 2969 787 2997 ae
816 2969 894 3010 pa-

96 3027 186 3055 rum
217 3012 450 3054 verisimile
488 3012 622 3053 videri
664 3012 813 3054 debuit
843 3013 894 3053 il-

98 3073 184 3114 lum
225 3082 321 3111 cum
361 3068 439 3110 hac
487 3069 681 3123 potuisse
737 3068 895 3110 babere

97 3126 463 3171 consuetudinem.
507 3126 656 3178 ltaque
682 3138 766 3179 quo
797 3138 895 3167 nar-

98 3185 206 3228 ratio
237 3184 444 3226 maiorem
464 3183 791 3225 nancisceretur
819 3195 896 3224 ve—

99 3240 488 3292 risimilitudinem,
538 3244 668 3294 poeta
705 3239 897 3308 pbiloso-

97 3299 206 3354 pbus
244 3298 407 3340 Porum
445 3299 566 3339 finxit
613 3297 656 3338 in
700 3297 896 3339 convivio

99 3359 169 3400 illo
201 3357 243 3398 in
265 3355 445 3399 Veneris
466 3355 671 3397 honorem
704 3353 896 3397 instituto

955 951 1119 1003 ebrium
1151 950 1312 993 factum
1342 965 1390 993 se
1419 953 1556 994 solum
1582 950 1624 993 in
1654 952 1752 994 hor·-

955 1014 1045 1050 tum
1085 1009 1201 1050 Iovis
1244 1009 1506 1061 contulisse,
1544 1010 1604 1051 ibi
1648 1023 1752 1052 vero

955 1064 1165 1116 Peniam,
1203 1078 1316 1118 qnae
1359 1065 1398 1107 ei
1431 1068 1659 1109 struxisset
1687 1068 1754 1109 in-

956 1123 1110 1175 sidias,
1150 1123 1242 1165 sine
1285 1123 1454 1164 arbitris
1489 1125 1755 1166 convenisse.

957 1181 1104 1232 Vides,
1136 1189 1263 1233 quam
1294 1183 1538 1223 necessaria
1568 1181 1623 1222 sit
1653 1181 1759 1223 haec

955 1238 1125 1280 fabulae
1177 1238 1407 1291 particula:
1466 1243 1515 1280 ut
1544 1238 1757 1293 *profecto

957 1294 1166 1337 miranda'
1209 1295 1264 1335 sit
1313 1307 1498 1349 operosa
1550 1296 1759 1338 industria

958 1365 1124 1403 eorum,
1156 1353 1226 1405 qui
1257 1350 1312 1394 de
1341 1353 1435 1393 istis
1465 1353 1578 1394 lovis
1608 1352 1758 1395 hortu-

957 1411 1006 1453 lis
1037 1409 1262 1465 splendida
1293 1410 1507 1463 quaedam
1529 1412 1758 1453 commenti

957 1474 1055 1509 sunt
1085 1467 1320 1510 mendacia.
1380 1467 1469 1509 Sed
1504 1469 1610 1510 satis
1652 1467 1758 1510 haec

958 1530 1084 1566 sunto
1116 1525 1170 1567 de
1202 1524 1376 1566 fabulae
1406 1530 1660 1579 argumento
1689 1530 1759 1568 at-

957 1595 1042 1635 que
1087 1583 1186 1625 fine.
1262 1582 1444 1633 Restat,
1495 1585 1546 1624 ut
1598 1582 1758 1636 aliquid

958 1639 1274 1681 admonendum
1313 1639 1369 1680 sit
1410 1639 1465 1681 de
1506 1653 1637 1682 sensu
1665 1641 1759 1682 uni—

958 1710 1109 1739 versae
1139 1697 1370 1739 narrationi
1402 1697 1610 1740 subiecto.
1668 1699 1759 1751 Ap·

959 1759 1086 1809 paret
1132 1760 1304 1806 antem,
1360 1755 1536 1807 opinor,
1587 1768 1642 1797 ex
1689 1756 1758 1806 iis,

960 1825 1073 1866 quae
1103 1811 1219 1853 dicta
1251 1815 1373 1864 sunt,
1417 1812 1647 1854 Platonem
1679 1811 1761 1854 hoc

962 1869 1109 1923 mytho
1146 1869 1333 1911 voluisse
1373 1869 1533 1910 amoris
1563 1874 1759 1911 naturam

964 1927 1183 1969 declarare
1253 1925 1476 1968 dilucidius
1535 1931 1579 1968 et
1635 1927 1759 1980 quasi

963 1984 1145 2038 imagine
1177 1983 1314 2037 aliqua
1330 1984 1555 2026 illustrare.
1615 1984 1761 2028 Quum

964 2042 1076 2084 enim
1107 2042 1389 2083 intellexisset
1426 2054 1643 2094 amorem,
1680 2041 1763 2083 hoc

965 2104 1033 2141 est
1061 2098 1195 2153 pulcri
1226 2103 1269 2140 et
1298 2099 1398 2139 boni
1420 2099 1625 2151 studium,
1658 2111 1762 2140 con-

965 2157 1091 2198 tineri
1120 2155 1346 2197 insatiabili
1379 2156 1564 2208 quadam
1599 2155 1767 2210 cupidi-

966 2219 1057 2255 tate
1093 2226 1238 2255 rerum
1275 2213 1462 2255 maxime
1504 2213 1768 2267 expetenda·-

967 2283 1089 2322 rum3
1119 2270 1341 2313 verissime
1372 2270 1584 2325 duplicem
1621 2270 1771 2311 cuins-

969 2341 1055 2380 que
1095 2327 1277 2369 amantis
1315 2340 1414 2368 esse
1453 2327 1560 2369 vidit
1589 2333 1767 2380 statum,

970 2387 1149 2426 alterum
1217 2384 1499 2437 indigentiae,
1555 2389 1770 2437 quatenus

970 2442 1113 2483 studio
1144 2442 1203 2483 illi
1228 2441 1360 2495 pulcri
1383 2446 1513 2494 atque
1531 2442 1632 2483 boni
1662 2454 1771 2483 non·-

973 2499 1071 2541 dum
1101 2498 1367 2541 satisfactum
1403 2504 1544 2551 esset,
1587 2500 1770 2541 alterum

972 2557 1101 2598 divini
1141 2555 1365 2598 cuiusdam
1418 2556 1587 2598 ardoris
1641 2561 1774 2609 atque

973 2613 1128 2666 studii,
1190 2626 1276 2666 quo
1329 2618 1555 2668 correptus
1604 2613 1771 2656 animus

972 2671 1158 2714 ferretur
1197 2674 1324 2724 atque
1362 2675 1588 2725 raperetur
1618 2669 1672 2713 ad
1705 2683 1772 2723 ea,

972 2741 1082 2782 quae
1112 2729 1224 2770 bona
1254 2732 1383 2780 atque
1401 2729 1548 2782 pulcra
1580 2740 1680 2770 esse
1706 2728 1773 2769 vi-

975 2786 1112 2827 disset
1159 2786 1396 2839 quibusque
1434 2785 1563 2840 potiri
1603 2797 1773 2827 summo

975 2843 1119 2885 studio
1170 2847 1411 2884 conaretur.
1479 2843 1610 2884 Hanc
1646 2843 1774 2896 igitur

977 2900 1140 2942 amoris
1163 2905 1359 2941 naturam
1383 2900 1557 2954 egregie
1577 2912 1680 2941 sane
1709 2899 1774 2940 vi·-

979 2957 1105 2999 detur
1142 2957 1212 2999 illa
1243 2958 1489 2998 narratione
1521 2957 1773 2999 illustrasse.

979 3014 1185 3056 Ceterum
1213 3014 1395 3056 eandem
1426 3015 1622 3056 versibus
1653 3011 1774 3054 Lati-

977 3071 1043 3112 nis
1074 3071 1306 3113 celebravit
1335 3072 1462 3114 Dan.
1499 3071 1541 3111 H
1561 3070 1772 3112 einsius

976 3128 1021 3170 in
1051 3127 1397 3173 Monobiblo.
1430 3128 1540 3180 Eleg
1585 3126 1659 3167 IX.

1007 3239 1313 3296 ἑπιβουλεύ
1330 3256 1388 3281 οι
1403 3237 1773 3290 σαι-ποιήσα-

981 3298 1139 3354 σθαι]
1177 3295 1502 3350 Ἐπιβουλειίειν
1543 3308 1640 3338 cum
1680 3297 1773 3337 infi-

982 3356 1119 3399 nitiva
1149 3356 1338 3398 iunctum
1378 3358 1444 3397 est
1497 3352 1777 3395 insidiose

1257 3428 1355 3474 9*
