<?xml version="1.0" encoding="UTF-8"?>
<!DOCTYPE html PUBLIC "-//W3C//DTD XHTML 1.0 Transitional//EN"
    "http://www.w3.org/TR/xhtml1/DTD/xhtml1-transitional.dtd">
<html xmlns="http://www.w3.org/1999/xhtml" xml:lang="en" lang="en">
 <head>
  <title>
</title>
<meta http-equiv="Content-Type" content="text/html;charset=utf-8" />
  <meta name='ocr-system' content='tesseract 3.04.00' />
  <meta name='ocr-capabilities' content='ocr_page ocr_carea ocr_par ocr_line ocrx_word'/>
</head>
<body>
  <div class='ocr_page' id='page_1' title='image "./operaomniarecens01platuoft/operaomniarecens01platuoft_0121.png"; bbox 0 0 2222 3762; ppageno 0'>
   <div class='ocr_carea' id='block_1_1' title="bbox 209 122 1833 213">
    <p class='ocr_par' dir='ltr' id='par_1_1' title="bbox 209 122 1833 213">
     <span class='ocr_line' id='line_1_1' title="bbox 209 122 1833 213; baseline -0.004 0"><span class='ocrx_word' id='word_1_1' title='bbox 209 122 218 130; x_wconf 71' lang='grc'>’</span> <span class='ocrx_word' id='word_1_2' title='bbox 297 156 693 213; x_wconf 83' lang='lat' dir='ltr'><strong>PLATONIS</strong></span> <span class='ocrx_word' id='word_1_3' title='bbox 733 154 1214 210; x_wconf 76' lang='lat' dir='ltr'>APoLofflAM</span> <span class='ocrx_word' id='word_1_4' title='bbox 1251 152 1655 209; x_wconf 69' lang='lat' dir='ltr'>socssATIs</span> <span class='ocrx_word' id='word_1_5' title='bbox 1767 156 1833 207; x_wconf 84' lang='lat'>43</span> 
     </span>
    </p>
   </div>
   <div class='ocr_carea' id='block_1_2' title="bbox 135 296 1840 1292">
    <p class='ocr_par' dir='ltr' id='par_1_2' title="bbox 135 296 1840 1292">
     <span class='ocr_line' id='line_1_2' title="bbox 137 296 1834 374; baseline -0.004 -20"><span class='ocrx_word' id='word_1_6' title='bbox 137 300 380 374; x_wconf 83' lang='lat' dir='ltr'>gumenti</span> <span class='ocrx_word' id='word_1_7' title='bbox 428 298 663 368; x_wconf 89' lang='lat' dir='ltr'>quadam</span> <span class='ocrx_word' id='word_1_8' title='bbox 710 299 1070 369; x_wconf 78' lang='lat' dir='ltr'>cognatione,</span> <span class='ocrx_word' id='word_1_9' title='bbox 1125 305 1186 350; x_wconf 86' lang='lat' dir='ltr'>ut</span> <span class='ocrx_word' id='word_1_10' title='bbox 1237 296 1381 350; x_wconf 86' lang='lat' dir='ltr'>ultro</span> <span class='ocrx_word' id='word_1_11' title='bbox 1421 297 1688 349; x_wconf 89' lang='lat' dir='ltr'>coniicere</span> <span class='ocrx_word' id='word_1_12' title='bbox 1744 313 1834 347; x_wconf 92' lang='lat' dir='ltr'>co—</span> 
     </span>
     <span class='ocr_line' id='line_1_3' title="bbox 137 366 1835 444; baseline -0.004 -19"><span class='ocrx_word' id='word_1_13' title='bbox 137 391 356 444; x_wconf 88' lang='lat' dir='ltr'>gamur,</span> <span class='ocrx_word' id='word_1_14' title='bbox 418 389 510 424; x_wconf 93' lang='lat' dir='ltr'>eos</span> <span class='ocrx_word' id='word_1_15' title='bbox 558 388 660 423; x_wconf 89' lang='lat' dir='ltr'>nec</span> <span class='ocrx_word' id='word_1_16' title='bbox 707 370 1045 441; x_wconf 78' lang='lat' dir='ltr'><strong>temporibus</strong></span> <span class='ocrx_word' id='word_1_17' title='bbox 1093 368 1322 420; x_wconf 88' lang='lat' dir='ltr'>multum</span> <span class='ocrx_word' id='word_1_18' title='bbox 1375 366 1605 420; x_wconf 87' lang='lat' dir='ltr'>diversis</span> <span class='ocrx_word' id='word_1_19' title='bbox 1641 366 1835 418; x_wconf 83' lang='lat' dir='ltr'>litteris</span> 
     </span>
     <span class='ocr_line' id='line_1_4' title="bbox 138 437 1838 514; baseline -0.005 -17"><span class='ocrx_word' id='word_1_20' title='bbox 138 443 491 514; x_wconf 82' lang='lat' dir='ltr'>consignatos</span> <span class='ocrx_word' id='word_1_21' title='bbox 533 460 669 494; x_wconf 88' lang='lat' dir='ltr'>esse.</span> <span class='ocrx_word' id='word_1_22' title='bbox 744 441 863 493; x_wconf 88' lang='lat' dir='ltr'>Iam</span> <span class='ocrx_word' id='word_1_23' title='bbox 911 460 1043 494; x_wconf 84' lang='lat' dir='ltr'>vero</span> <span class='ocrx_word' id='word_1_24' title='bbox 1082 439 1254 493; x_wconf 90' lang='lat' dir='ltr'>Meno</span> <span class='ocrx_word' id='word_1_25' title='bbox 1306 439 1425 492; x_wconf 93' lang='lat' dir='ltr'>sine</span> <span class='ocrx_word' id='word_1_26' title='bbox 1465 437 1838 491; x_wconf 87' lang='lat' dir='ltr'>controversia</span> 
     </span>
     <span class='ocr_line' id='line_1_5' title="bbox 137 509 1837 586; baseline -0.005 -18"><span class='ocrx_word' id='word_1_27' title='bbox 137 514 372 586; x_wconf 87' lang='lat' dir='ltr'>scriptus</span> <span class='ocrx_word' id='word_1_28' title='bbox 426 519 509 566; x_wconf 85' lang='lat' dir='ltr'>est</span> <span class='ocrx_word' id='word_1_29' title='bbox 555 519 650 564; x_wconf 89' lang='lat' dir='ltr'>aut</span> <span class='ocrx_word' id='word_1_30' title='bbox 697 512 884 581; x_wconf 90' lang='lat' dir='ltr'>paullo</span> <span class='ocrx_word' id='word_1_31' title='bbox 948 520 1075 569; x_wconf 78' lang='lat' dir='ltr'>ante</span> <span class='ocrx_word' id='word_1_32' title='bbox 1127 509 1371 564; x_wconf 82' lang='lat' dir='ltr'>Socratis</span> <span class='ocrx_word' id='word_1_33' title='bbox 1434 509 1837 563; x_wconf 80' lang='lat' dir='ltr'>accusationem</span> 
     </span>
     <span class='ocr_line' id='line_1_6' title="bbox 138 579 1836 647; baseline -0.004 -9"><span class='ocrx_word' id='word_1_34' title='bbox 138 593 234 638; x_wconf 89' lang='lat' dir='ltr'>aut</span> <span class='ocrx_word' id='word_1_35' title='bbox 282 602 477 638; x_wconf 78' lang='lat' dir='ltr'>caussa</span> <span class='ocrx_word' id='word_1_36' title='bbox 522 584 637 636; x_wconf 92' lang='lat' dir='ltr'>eius</span> <span class='ocrx_word' id='word_1_37' title='bbox 693 582 916 636; x_wconf 84' lang='lat' dir='ltr'>vixdum</span> <span class='ocrx_word' id='word_1_38' title='bbox 954 584 1011 635; x_wconf 93' lang='lat' dir='ltr'>in</span> <span class='ocrx_word' id='word_1_39' title='bbox 1047 581 1309 635; x_wconf 88' lang='lat' dir='ltr'>iudicium</span> <span class='ocrx_word' id='word_1_40' title='bbox 1347 579 1617 647; x_wconf 89' lang='lat' dir='ltr'>deducta,</span> <span class='ocrx_word' id='word_1_41' title='bbox 1675 579 1836 632; x_wconf 86' lang='lat' dir='ltr'>sicuti</span> 
     </span>
     <span class='ocr_line' id='line_1_7' title="bbox 139 651 1835 726; baseline -0.004 -18"><span class='ocrx_word' id='word_1_42' title='bbox 139 655 383 709; x_wconf 86' lang='lat' dir='ltr'>videmur</span> <span class='ocrx_word' id='word_1_43' title='bbox 435 655 694 726; x_wconf 85' lang='lat' dir='ltr'>Prolegg.</span> <span class='ocrx_word' id='word_1_44' title='bbox 750 654 820 707; x_wconf 89' lang='lat' dir='ltr'>ad</span> <span class='ocrx_word' id='word_1_45' title='bbox 867 655 1020 707; x_wconf 91' lang='lat' dir='ltr'>Men.</span> <span class='ocrx_word' id='word_1_46' title='bbox 1075 652 1159 706; x_wconf 90' lang='lat' dir='ltr'>ed.</span> <span class='ocrx_word' id='word_1_47' title='bbox 1210 653 1364 723; x_wconf 89' lang='lat' dir='ltr'>Lips.</span> <span class='ocrx_word' id='word_1_48' title='bbox 1420 670 1474 722; x_wconf 92' lang='lat' dir='ltr'>p.</span> <span class='ocrx_word' id='word_1_49' title='bbox 1524 651 1671 704; x_wconf 84' lang='lat' dir='ltr'>LIII</span> <span class='ocrx_word' id='word_1_50' title='bbox 1716 669 1835 720; x_wconf 88' lang='lat' dir='ltr'>sqq.</span> 
     </span>
     <span class='ocr_line' id='line_1_8' title="bbox 137 722 1836 797; baseline -0.003 -18"><span class='ocrx_word' id='word_1_51' title='bbox 137 735 301 797; x_wconf 87' lang='lat' dir='ltr'>atque</span> <span class='ocrx_word' id='word_1_52' title='bbox 351 722 480 780; x_wconf 88' lang='lat' dir='ltr'>edit.</span> <span class='ocrx_word' id='word_1_53' title='bbox 519 724 763 779; x_wconf 87' lang='lat' dir='ltr'>Gothan.</span> <span class='ocrx_word' id='word_1_54' title='bbox 802 726 928 778; x_wconf 87' lang='lat' dir='ltr'>Vol.</span> <span class='ocrx_word' id='word_1_55' title='bbox 969 725 1071 779; x_wconf 82' lang='lat' dir='ltr'>VI.</span> <span class='ocrx_word' id='word_1_56' title='bbox 1110 725 1174 777; x_wconf 89' lang='lat' dir='ltr'>P.</span> <span class='ocrx_word' id='word_1_57' title='bbox 1217 724 1292 777; x_wconf 92' lang='lat' dir='ltr'>II.</span> <span class='ocrx_word' id='word_1_58' title='bbox 1331 744 1383 795; x_wconf 89' lang='lat' dir='ltr'>p.</span> <span class='ocrx_word' id='word_1_59' title='bbox 1423 725 1492 778; x_wconf 76' lang='lat'>20</span> <span class='ocrx_word' id='word_1_60' title='bbox 1531 741 1614 792; x_wconf 90' lang='lat' dir='ltr'>sq.</span> <span class='ocrx_word' id='word_1_61' title='bbox 1654 730 1836 776; x_wconf 92' lang='lat' dir='ltr'>osten-</span> 
     </span>
     <span class='ocr_line' id='line_1_9' title="bbox 136 794 1837 866; baseline -0.003 -16"><span class='ocrx_word' id='word_1_62' title='bbox 136 798 314 866; x_wconf 82' lang='lat' dir='ltr'>disse,</span> <span class='ocrx_word' id='word_1_63' title='bbox 365 797 454 851; x_wconf 91' lang='lat' dir='ltr'>cui</span> <span class='ocrx_word' id='word_1_64' title='bbox 503 798 705 850; x_wconf 89' lang='lat' dir='ltr'>rationi</span> <span class='ocrx_word' id='word_1_65' title='bbox 756 805 974 849; x_wconf 87' lang='lat' dir='ltr'>nostrae</span> <span class='ocrx_word' id='word_1_66' title='bbox 1023 814 1195 866; x_wconf 89' lang='lat' dir='ltr'>nuper</span> <span class='ocrx_word' id='word_1_67' title='bbox 1243 795 1335 848; x_wconf 87' lang='lat' dir='ltr'>alii</span> <span class='ocrx_word' id='word_1_68' title='bbox 1373 813 1592 864; x_wconf 90' lang='lat' dir='ltr'>quoque</span> <span class='ocrx_word' id='word_1_69' title='bbox 1629 794 1717 847; x_wconf 83' lang='lat' dir='ltr'>vel</span> <span class='ocrx_word' id='word_1_70' title='bbox 1752 801 1837 846; x_wconf 86' lang='lat' dir='ltr'>ta·-</span> 
     </span>
     <span class='ocr_line' id='line_1_10' title="bbox 136 864 1837 939; baseline -0.004 -16"><span class='ocrx_word' id='word_1_71' title='bbox 136 871 244 923; x_wconf 85' lang='lat' dir='ltr'>cite</span> <span class='ocrx_word' id='word_1_72' title='bbox 280 876 338 922; x_wconf 87' lang='lat' dir='ltr'>et</span> <span class='ocrx_word' id='word_1_73' title='bbox 391 869 530 921; x_wconf 88' lang='lat' dir='ltr'>clam</span> <span class='ocrx_word' id='word_1_74' title='bbox 577 869 664 922; x_wconf 86' lang='lat' dir='ltr'>vel</span> <span class='ocrx_word' id='word_1_75' title='bbox 713 876 896 939; x_wconf 89' lang='lat' dir='ltr'>aperte</span> <span class='ocrx_word' id='word_1_76' title='bbox 934 887 998 920; x_wconf 90' lang='lat' dir='ltr'>ac</span> <span class='ocrx_word' id='word_1_77' title='bbox 1037 868 1244 920; x_wconf 91' lang='lat' dir='ltr'>sincere</span> <span class='ocrx_word' id='word_1_78' title='bbox 1284 874 1648 919; x_wconf 87' lang='lat' dir='ltr'>accesserunt.</span> <span class='ocrx_word' id='word_1_79' title='bbox 1723 864 1837 917; x_wconf 91' lang='lat' dir='ltr'>Ne-</span> 
     </span>
     <span class='ocr_line' id='line_1_11' title="bbox 137 937 1838 1013; baseline -0.004 -20"><span class='ocrx_word' id='word_1_80' title='bbox 137 960 243 1010; x_wconf 88' lang='lat' dir='ltr'>que</span> <span class='ocrx_word' id='word_1_81' title='bbox 270 941 428 1013; x_wconf 78' lang='lat' dir='ltr'>aliter</span> <span class='ocrx_word' id='word_1_82' title='bbox 452 939 870 993; x_wconf 84' lang='lat' dir='ltr'>existimandum</span> <span class='ocrx_word' id='word_1_83' title='bbox 897 938 1115 991; x_wconf 88' lang='lat' dir='ltr'>videtur</span> <span class='ocrx_word' id='word_1_84' title='bbox 1137 937 1203 991; x_wconf 92' lang='lat' dir='ltr'>de</span> <span class='ocrx_word' id='word_1_85' title='bbox 1227 937 1646 1009; x_wconf 86' lang='lat' dir='ltr'>Euthyphrone,</span> <span class='ocrx_word' id='word_1_86' title='bbox 1678 954 1838 1005; x_wconf 88' lang='lat' dir='ltr'>quem</span> 
     </span>
     <span class='ocr_line' id='line_1_12' title="bbox 135 1007 1837 1075; baseline -0.004 -11"><span class='ocrx_word' id='word_1_87' title='bbox 135 1013 254 1065; x_wconf 89' lang='lat' dir='ltr'>iure</span> <span class='ocrx_word' id='word_1_88' title='bbox 291 1011 539 1064; x_wconf 84' lang='lat' dir='ltr'>videmur</span> <span class='ocrx_word' id='word_1_89' title='bbox 593 1030 717 1063; x_wconf 88' lang='lat' dir='ltr'>cum</span> <span class='ocrx_word' id='word_1_90' title='bbox 765 1009 1460 1075; x_wconf 85' lang='lat' dir='ltr'>SchleiermacherO,</span> <span class='ocrx_word' id='word_1_91' title='bbox 1514 1007 1837 1061; x_wconf 88' lang='lat' dir='ltr'>Sochero</span> 
     </span>
     <span class='ocr_line' id='line_1_13' title="bbox 139 1079 1835 1150; baseline -0.004 -14"><span class='ocrx_word' id='word_1_92' title='bbox 139 1091 194 1135; x_wconf 88' lang='lat' dir='ltr'>et</span> <span class='ocrx_word' id='word_1_93' title='bbox 233 1081 848 1148; x_wconf 85' lang='lat' dir='ltr'>Schierenbergio</span> <span class='ocrx_word' id='word_1_94' title='bbox 890 1080 940 1133; x_wconf 90' lang='lat' dir='ltr'>ei</span> <span class='ocrx_word' id='word_1_95' title='bbox 975 1080 1207 1149; x_wconf 83' lang='lat' dir='ltr'>tempori</span> <span class='ocrx_word' id='word_1_96' title='bbox 1262 1079 1673 1150; x_wconf 85' lang='lat' dir='ltr'>adsignavisse,</span> <span class='ocrx_word' id='word_1_97' title='bbox 1726 1095 1835 1146; x_wconf 93' lang='lat' dir='ltr'>quo</span> 
     </span>
     <span class='ocr_line' id='line_1_14' title="bbox 137 1148 1840 1222; baseline -0.004 -16"><span class='ocrx_word' id='word_1_98' title='bbox 137 1172 334 1207; x_wconf 86' lang='lat' dir='ltr'>caussa</span> <span class='ocrx_word' id='word_1_99' title='bbox 389 1152 636 1208; x_wconf 86' lang='lat' dir='ltr'>Socratis</span> <span class='ocrx_word' id='word_1_100' title='bbox 694 1151 841 1205; x_wconf 89' lang='lat' dir='ltr'>haud</span> <span class='ocrx_word' id='word_1_101' title='bbox 893 1152 970 1203; x_wconf 88' lang='lat' dir='ltr'>ita</span> <span class='ocrx_word' id='word_1_102' title='bbox 1019 1150 1230 1222; x_wconf 87' lang='lat' dir='ltr'>pridem</span> <span class='ocrx_word' id='word_1_103' title='bbox 1279 1161 1396 1203; x_wconf 90' lang='lat' dir='ltr'>erat</span> <span class='ocrx_word' id='word_1_104' title='bbox 1456 1150 1512 1202; x_wconf 91' lang='lat' dir='ltr'>in</span> <span class='ocrx_word' id='word_1_105' title='bbox 1577 1148 1840 1202; x_wconf 89' lang='lat' dir='ltr'>iudicium</span> 
     </span>
     <span class='ocr_line' id='line_1_15' title="bbox 137 1221 1836 1292; baseline -0.002 -16"><span class='ocrx_word' id='word_1_106' title='bbox 137 1223 374 1278; x_wconf 89' lang='lat' dir='ltr'>deducta</span> <span class='ocrx_word' id='word_1_107' title='bbox 410 1242 513 1276; x_wconf 93' lang='lat' dir='ltr'>nec</span> <span class='ocrx_word' id='word_1_108' title='bbox 550 1224 655 1276; x_wconf 90' lang='lat' dir='ltr'>iam</span> <span class='ocrx_word' id='word_1_109' title='bbox 694 1223 870 1276; x_wconf 88' lang='lat' dir='ltr'>tristis</span> <span class='ocrx_word' id='word_1_110' title='bbox 910 1224 1025 1276; x_wconf 90' lang='lat' dir='ltr'>eius</span> <span class='ocrx_word' id='word_1_111' title='bbox 1064 1223 1240 1275; x_wconf 85' lang='lat' dir='ltr'>exitus</span> <span class='ocrx_word' id='word_1_112' title='bbox 1263 1221 1571 1292; x_wconf 85' lang='lat' dir='ltr'>praevideri</span> <span class='ocrx_word' id='word_1_113' title='bbox 1605 1228 1836 1290; x_wconf 88' lang='lat' dir='ltr'>poterat.</span> 
     </span>
    </p>
   </div>
   <div class='ocr_carea' id='block_1_3' title="bbox 137 1290 1839 1365">
    <p class='ocr_par' dir='ltr' id='par_1_3' title="bbox 137 1290 1839 1365">
     <span class='ocr_line' id='line_1_16' title="bbox 137 1290 1839 1365; baseline -0.003 -17"><span class='ocrx_word' id='word_1_114' title='bbox 137 1296 227 1349; x_wconf 90' lang='lat' dir='ltr'>De</span> <span class='ocrx_word' id='word_1_115' title='bbox 266 1314 377 1364; x_wconf 89' lang='lat' dir='ltr'>qua</span> <span class='ocrx_word' id='word_1_116' title='bbox 413 1295 625 1348; x_wconf 86' lang='lat' dir='ltr'>ratione</span> <span class='ocrx_word' id='word_1_117' title='bbox 663 1316 714 1347; x_wconf 86' lang='lat' dir='ltr'>v.</span> <span class='ocrx_word' id='word_1_118' title='bbox 756 1313 895 1363; x_wconf 90' lang='lat' dir='ltr'>quae</span> <span class='ocrx_word' id='word_1_119' title='bbox 933 1293 1329 1365; x_wconf 87' lang='lat' dir='ltr'>disputavimus</span> <span class='ocrx_word' id='word_1_120' title='bbox 1377 1293 1433 1345; x_wconf 89' lang='lat' dir='ltr'>in</span> <span class='ocrx_word' id='word_1_121' title='bbox 1472 1291 1729 1363; x_wconf 89' lang='lat' dir='ltr'>Prolegg.</span> <span class='ocrx_word' id='word_1_122' title='bbox 1769 1290 1839 1343; x_wconf 92' lang='lat' dir='ltr'>ad</span> 
     </span>
    </p>
   </div>
   <div class='ocr_carea' id='block_1_4' title="bbox 135 1361 1840 3430">
    <p class='ocr_par' dir='ltr' id='par_1_4' title="bbox 135 1361 1840 3430">
     <span class='ocr_line' id='line_1_17' title="bbox 135 1361 1838 1439; baseline -0.004 -19"><span class='ocrx_word' id='word_1_123' title='bbox 135 1367 518 1439; x_wconf 86' lang='lat' dir='ltr'>Euthyphron.</span> <span class='ocrx_word' id='word_1_124' title='bbox 557 1387 612 1437; x_wconf 88' lang='lat' dir='ltr'>p.</span> <span class='ocrx_word' id='word_1_125' title='bbox 640 1365 908 1419; x_wconf 84' lang='lat' dir='ltr'><strong>XXXVI</strong></span> <span class='ocrx_word' id='word_1_126' title='bbox 947 1384 1069 1434; x_wconf 86' lang='lat' dir='ltr'>sqq.</span> <span class='ocrx_word' id='word_1_127' title='bbox 1109 1364 1192 1418; x_wconf 92' lang='lat' dir='ltr'>ed.</span> <span class='ocrx_word' id='word_1_128' title='bbox 1233 1365 1386 1435; x_wconf 89' lang='lat' dir='ltr'>Lips.</span> <span class='ocrx_word' id='word_1_129' title='bbox 1428 1371 1480 1416; x_wconf 92' lang='lat' dir='ltr'>et</span> <span class='ocrx_word' id='word_1_130' title='bbox 1518 1362 1666 1434; x_wconf 89' lang='lat' dir='ltr'>Opp.</span> <span class='ocrx_word' id='word_1_131' title='bbox 1698 1361 1838 1416; x_wconf 85' lang='lat' dir='ltr'>Plat.</span> 
     </span>
     <span class='ocr_line' id='line_1_18' title="bbox 137 1433 1838 1509; baseline -0.004 -17"><span class='ocrx_word' id='word_1_132' title='bbox 137 1439 264 1492; x_wconf 86' lang='lat' dir='ltr'>Vol.</span> <span class='ocrx_word' id='word_1_133' title='bbox 299 1438 402 1492; x_wconf 91' lang='lat' dir='ltr'>VI.</span> <span class='ocrx_word' id='word_1_134' title='bbox 442 1439 589 1491; x_wconf 85' lang='lat' dir='ltr'>Part.</span> <span class='ocrx_word' id='word_1_135' title='bbox 613 1437 691 1492; x_wconf 90' lang='lat' dir='ltr'>II.</span> <span class='ocrx_word' id='word_1_136' title='bbox 729 1458 783 1509; x_wconf 87' lang='lat' dir='ltr'>p.</span> <span class='ocrx_word' id='word_1_137' title='bbox 816 1439 916 1490; x_wconf 78' lang='lat'>142</span> <span class='ocrx_word' id='word_1_138' title='bbox 941 1455 1062 1507; x_wconf 85' lang='lat' dir='ltr'>sqq.</span> <span class='ocrx_word' id='word_1_139' title='bbox 1138 1437 1281 1490; x_wconf 88' lang='lat' dir='ltr'>Nam</span> <span class='ocrx_word' id='word_1_140' title='bbox 1320 1435 1468 1505; x_wconf 90' lang='lat' dir='ltr'>quod</span> <span class='ocrx_word' id='word_1_141' title='bbox 1505 1454 1679 1505; x_wconf 90' lang='lat' dir='ltr'>nuper</span> <span class='ocrx_word' id='word_1_142' title='bbox 1714 1433 1838 1487; x_wconf 87' lang='lat' dir='ltr'>Su-</span> 
     </span>
     <span class='ocr_line' id='line_1_19' title="bbox 138 1504 1836 1579; baseline -0.004 -16"><span class='ocrx_word' id='word_1_143' title='bbox 138 1509 510 1563; x_wconf 90' lang='lat' dir='ltr'>semihlius</span> <span class='ocrx_word' id='word_1_144' title='bbox 562 1509 709 1562; x_wconf 86' lang='lat' dir='ltr'>Hist.</span> <span class='ocrx_word' id='word_1_145' title='bbox 757 1508 962 1562; x_wconf 88' lang='lat' dir='ltr'>Philos.</span> <span class='ocrx_word' id='word_1_146' title='bbox 1018 1508 1229 1561; x_wconf 86' lang='lat' dir='ltr'>Platon.</span> <span class='ocrx_word' id='word_1_147' title='bbox 1282 1515 1463 1579; x_wconf 88' lang='lat' dir='ltr'>genet.</span> <span class='ocrx_word' id='word_1_148' title='bbox 1517 1506 1647 1559; x_wconf 88' lang='lat' dir='ltr'>Vol.</span> <span class='ocrx_word' id='word_1_149' title='bbox 1701 1504 1745 1558; x_wconf 95' lang='grc' dir='ltr'>Ι.</span> <span class='ocrx_word' id='word_1_150' title='bbox 1783 1526 1836 1576; x_wconf 90' lang='lat' dir='ltr'>p.</span> 
     </span>
     <span class='ocr_line' id='line_1_20' title="bbox 143 1578 1839 1652; baseline -0.002 -19"><span class='ocrx_word' id='word_1_151' title='bbox 143 1582 242 1634; x_wconf 75' lang='lat'>125</span> <span class='ocrx_word' id='word_1_152' title='bbox 281 1600 363 1650; x_wconf 90' lang='lat' dir='ltr'>sq.</span> <span class='ocrx_word' id='word_1_153' title='bbox 402 1581 646 1635; x_wconf 91' lang='lat' dir='ltr'>libellum</span> <span class='ocrx_word' id='word_1_154' title='bbox 682 1588 813 1652; x_wconf 91' lang='lat' dir='ltr'>post</span> <span class='ocrx_word' id='word_1_155' title='bbox 849 1578 1113 1650; x_wconf 86' lang='lat' dir='ltr'>Gorgiam</span> <span class='ocrx_word' id='word_1_156' title='bbox 1165 1579 1380 1632; x_wconf 90' lang='lat' dir='ltr'>demum</span> <span class='ocrx_word' id='word_1_157' title='bbox 1419 1578 1681 1648; x_wconf 89' lang='lat' dir='ltr'>scriptum</span> <span class='ocrx_word' id='word_1_158' title='bbox 1719 1595 1839 1630; x_wconf 89' lang='lat' dir='ltr'>esse</span> 
     </span>
     <span class='ocr_line' id='line_1_21' title="bbox 138 1649 1840 1724; baseline -0.004 -18"><span class='ocrx_word' id='word_1_159' title='bbox 138 1652 369 1720; x_wconf 89' lang='lat' dir='ltr'>censuit,</span> <span class='ocrx_word' id='word_1_160' title='bbox 410 1651 614 1724; x_wconf 89' lang='lat' dir='ltr'>duplici</span> <span class='ocrx_word' id='word_1_161' title='bbox 653 1660 798 1705; x_wconf 90' lang='lat' dir='ltr'>certe</span> <span class='ocrx_word' id='word_1_162' title='bbox 837 1654 1053 1704; x_wconf 87' lang='lat' dir='ltr'>nomine</span> <span class='ocrx_word' id='word_1_163' title='bbox 1078 1651 1248 1704; x_wconf 89' lang='lat' dir='ltr'>falsus</span> <span class='ocrx_word' id='word_1_164' title='bbox 1289 1658 1387 1703; x_wconf 88' lang='lat' dir='ltr'>est.</span> <span class='ocrx_word' id='word_1_165' title='bbox 1463 1649 1659 1718; x_wconf 89' lang='lat' dir='ltr'>Neque</span> <span class='ocrx_word' id='word_1_166' title='bbox 1697 1649 1840 1700; x_wconf 89' lang='lat' dir='ltr'>enim</span> 
     </span>
     <span class='ocr_line' id='line_1_22' title="bbox 137 1719 1839 1795; baseline -0.002 -19"><span class='ocrx_word' id='word_1_167' title='bbox 137 1724 195 1776; x_wconf 89' lang='lat' dir='ltr'>in</span> <span class='ocrx_word' id='word_1_168' title='bbox 231 1723 630 1795; x_wconf 84' lang='lat' dir='ltr'>Euthyphrone</span> <span class='ocrx_word' id='word_1_169' title='bbox 666 1725 777 1776; x_wconf 90' lang='lat' dir='ltr'>ulla</span> <span class='ocrx_word' id='word_1_170' title='bbox 811 1730 1033 1791; x_wconf 87' lang='lat' dir='ltr'>extant,</span> <span class='ocrx_word' id='word_1_171' title='bbox 1074 1723 1236 1777; x_wconf 83' lang='lat' dir='ltr'>sicuti</span> <span class='ocrx_word' id='word_1_172' title='bbox 1273 1722 1362 1774; x_wconf 87' lang='lat' dir='ltr'>ille</span> <span class='ocrx_word' id='word_1_173' title='bbox 1399 1728 1560 1792; x_wconf 89' lang='lat' dir='ltr'>putat</span> <span class='ocrx_word' id='word_1_174' title='bbox 1581 1760 1596 1788; x_wconf 91' lang='lat'>,</span> <span class='ocrx_word' id='word_1_175' title='bbox 1636 1719 1839 1773; x_wconf 89' lang='lat' dir='ltr'>doctri-</span> 
     </span>
     <span class='ocr_line' id='line_1_23' title="bbox 137 1791 1837 1867; baseline -0.004 -19"><span class='ocrx_word' id='word_1_176' title='bbox 137 1815 238 1848; x_wconf 85' lang='lat' dir='ltr'>nae</span> <span class='ocrx_word' id='word_1_177' title='bbox 272 1794 517 1848; x_wconf 89' lang='lat' dir='ltr'>idearum</span> <span class='ocrx_word' id='word_1_178' title='bbox 564 1796 833 1867; x_wconf 87' lang='lat' dir='ltr'>vestigia,</span> <span class='ocrx_word' id='word_1_179' title='bbox 883 1793 1328 1864; x_wconf 88' lang='lat' dir='ltr'>quandoquidem</span> <span class='ocrx_word' id='word_1_180' title='bbox 1375 1793 1530 1845; x_wconf 92' lang='lat' dir='ltr'>locus</span> <span class='ocrx_word' id='word_1_181' title='bbox 1580 1812 1632 1863; x_wconf 90' lang='lat' dir='ltr'>p.</span> <span class='ocrx_word' id='word_1_182' title='bbox 1675 1793 1723 1843; x_wconf 80' lang='lat'>6.</span> <span class='ocrx_word' id='word_1_183' title='bbox 1766 1791 1837 1842; x_wconf 89' lang='lat' dir='ltr'>D.</span> 
     </span>
     <span class='ocr_line' id='line_1_24' title="bbox 136 1862 1838 1932; baseline -0.003 -13"><span class='ocrx_word' id='word_1_184' title='bbox 136 1866 205 1919; x_wconf 82' lang='lat' dir='ltr'>E.</span> <span class='ocrx_word' id='word_1_185' title='bbox 254 1866 311 1919; x_wconf 90' lang='lat' dir='ltr'>id</span> <span class='ocrx_word' id='word_1_186' title='bbox 362 1867 580 1919; x_wconf 87' lang='lat' dir='ltr'>minime</span> <span class='ocrx_word' id='word_1_187' title='bbox 629 1867 861 1932; x_wconf 86' lang='lat' dir='ltr'>evincit,</span> <span class='ocrx_word' id='word_1_188' title='bbox 920 1866 1015 1918; x_wconf 92' lang='lat' dir='ltr'>ubi</span> <span class='ocrx_word' id='word_1_189' title='bbox 1067 1865 1215 1927; x_wconf 66' lang='grc' dir='ltr'><strong><em>εἶδως</em></strong></span> <span class='ocrx_word' id='word_1_190' title='bbox 1253 1873 1308 1918; x_wconf 90' lang='lat' dir='ltr'>et</span> <span class='ocrx_word' id='word_1_191' title='bbox 1348 1869 1467 1917; x_wconf 71' lang='grc' dir='ltr'>ὶὸέα</span> <span class='ocrx_word' id='word_1_192' title='bbox 1514 1863 1649 1916; x_wconf 90' lang='lat' dir='ltr'>nihil</span> <span class='ocrx_word' id='word_1_193' title='bbox 1689 1862 1838 1914; x_wconf 89' lang='lat' dir='ltr'>aliud</span> 
     </span>
     <span class='ocr_line' id='line_1_25' title="bbox 136 1934 1832 2009; baseline -0.002 -19"><span class='ocrx_word' id='word_1_194' title='bbox 136 1945 223 1992; x_wconf 89' lang='lat' dir='ltr'>est</span> <span class='ocrx_word' id='word_1_195' title='bbox 259 1938 365 1991; x_wconf 89' lang='lat' dir='ltr'>nisi</span> <span class='ocrx_word' id='word_1_196' title='bbox 401 1956 618 2009; x_wconf 89' lang='lat' dir='ltr'>genus</span> <span class='ocrx_word' id='word_1_197' title='bbox 656 1937 1005 2004; x_wconf 89' lang='lat' dir='ltr'>notionis,</span> <span class='ocrx_word' id='word_1_198' title='bbox 1045 1956 1109 1990; x_wconf 91' lang='lat' dir='ltr'>eo</span> <span class='ocrx_word' id='word_1_199' title='bbox 1149 1956 1340 2004; x_wconf 91' lang='lat' dir='ltr'>sensu,</span> <span class='ocrx_word' id='word_1_200' title='bbox 1379 1954 1486 2004; x_wconf 94' lang='lat' dir='ltr'>quo</span> <span class='ocrx_word' id='word_1_201' title='bbox 1524 1935 1686 1987; x_wconf 89' lang='lat' dir='ltr'>Plato</span> <span class='ocrx_word' id='word_1_202' title='bbox 1728 1934 1832 1988; x_wconf 84' lang='lat' dir='ltr'>So-</span> 
     </span>
     <span class='ocr_line' id='line_1_26' title="bbox 137 2006 1836 2079; baseline -0.003 -18"><span class='ocrx_word' id='word_1_203' title='bbox 137 2010 373 2062; x_wconf 90' lang='lat' dir='ltr'>craticus</span> <span class='ocrx_word' id='word_1_204' title='bbox 410 2009 692 2063; x_wconf 81' lang='lat' dir='ltr'>intellexit.</span> <span class='ocrx_word' id='word_1_205' title='bbox 769 2009 891 2062; x_wconf 88' lang='lat' dir='ltr'>Nec</span> <span class='ocrx_word' id='word_1_206' title='bbox 928 2027 1057 2062; x_wconf 91' lang='lat' dir='ltr'>vero</span> <span class='ocrx_word' id='word_1_207' title='bbox 1084 2008 1381 2079; x_wconf 88' lang='lat' dir='ltr'>disputatio</span> <span class='ocrx_word' id='word_1_208' title='bbox 1420 2006 1487 2058; x_wconf 91' lang='lat' dir='ltr'>de</span> <span class='ocrx_word' id='word_1_209' title='bbox 1527 2006 1679 2059; x_wconf 88' lang='lat' dir='ltr'>falsis</span> <span class='ocrx_word' id='word_1_210' title='bbox 1720 2006 1836 2076; x_wconf 90' lang='lat' dir='ltr'>opi-</span> 
     </span>
     <span class='ocr_line' id='line_1_27' title="bbox 137 2077 1836 2152; baseline -0.003 -19"><span class='ocrx_word' id='word_1_211' title='bbox 137 2081 410 2148; x_wconf 83' lang='lat' dir='ltr'>nionibus,</span> <span class='ocrx_word' id='word_1_212' title='bbox 453 2100 591 2150; x_wconf 89' lang='lat' dir='ltr'>quae</span> <span class='ocrx_word' id='word_1_213' title='bbox 629 2081 795 2152; x_wconf 85' lang='lat' dir='ltr'>vulgo</span> <span class='ocrx_word' id='word_1_214' title='bbox 835 2080 902 2132; x_wconf 90' lang='lat' dir='ltr'>de</span> <span class='ocrx_word' id='word_1_215' title='bbox 940 2079 1043 2133; x_wconf 90' lang='lat' dir='ltr'>diis</span> <span class='ocrx_word' id='word_1_216' title='bbox 1081 2093 1376 2148; x_wconf 86' lang='lat' dir='ltr'>eorumque</span> <span class='ocrx_word' id='word_1_217' title='bbox 1415 2077 1567 2130; x_wconf 86' lang='lat' dir='ltr'>cultu</span> <span class='ocrx_word' id='word_1_218' title='bbox 1605 2077 1836 2130; x_wconf 90' lang='lat' dir='ltr'>circum-</span> 
     </span>
     <span class='ocr_line' id='line_1_28' title="bbox 140 2147 1836 2219; baseline -0.002 -16"><span class='ocrx_word' id='word_1_219' title='bbox 140 2152 479 2219; x_wconf 75' lang='lat' dir='ltr'>ferebantur,</span> <span class='ocrx_word' id='word_1_220' title='bbox 530 2152 779 2204; x_wconf 87' lang='lat' dir='ltr'>instituta</span> <span class='ocrx_word' id='word_1_221' title='bbox 824 2151 937 2203; x_wconf 90' lang='lat' dir='ltr'>ullo</span> <span class='ocrx_word' id='word_1_222' title='bbox 989 2150 1151 2203; x_wconf 90' lang='lat' dir='ltr'>modo</span> <span class='ocrx_word' id='word_1_223' title='bbox 1191 2168 1416 2203; x_wconf 87' lang='lat' dir='ltr'>caussae</span> <span class='ocrx_word' id='word_1_224' title='bbox 1456 2147 1698 2202; x_wconf 87' lang='lat' dir='ltr'>Socratis</span> <span class='ocrx_word' id='word_1_225' title='bbox 1735 2167 1836 2218; x_wconf 94' lang='lat' dir='ltr'>po-</span> 
     </span>
     <span class='ocr_line' id='line_1_29' title="bbox 139 2219 1837 2290; baseline -0.002 -16"><span class='ocrx_word' id='word_1_226' title='bbox 139 2223 246 2274; x_wconf 88' lang='lat' dir='ltr'>tuit</span> <span class='ocrx_word' id='word_1_227' title='bbox 295 2222 544 2289; x_wconf 89' lang='lat' dir='ltr'>officere,</span> <span class='ocrx_word' id='word_1_228' title='bbox 596 2230 659 2274; x_wconf 92' lang='lat' dir='ltr'>ut</span> <span class='ocrx_word' id='word_1_229' title='bbox 707 2222 791 2274; x_wconf 89' lang='lat' dir='ltr'>vir</span> <span class='ocrx_word' id='word_1_230' title='bbox 839 2221 1188 2275; x_wconf 87' lang='lat' dir='ltr'>doctissimus</span> <span class='ocrx_word' id='word_1_231' title='bbox 1246 2221 1349 2273; x_wconf 89' lang='lat' dir='ltr'>sibi</span> <span class='ocrx_word' id='word_1_232' title='bbox 1386 2219 1686 2290; x_wconf 87' lang='lat' dir='ltr'>persuasit,</span> <span class='ocrx_word' id='word_1_233' title='bbox 1744 2220 1837 2287; x_wconf 88' lang='lat' dir='ltr'>qui</span> 
     </span>
     <span class='ocr_line' id='line_1_30' title="bbox 141 2288 1837 2364; baseline -0.001 -19"><span class='ocrx_word' id='word_1_234' title='bbox 141 2313 253 2346; x_wconf 92' lang='lat' dir='ltr'>non</span> <span class='ocrx_word' id='word_1_235' title='bbox 289 2293 506 2346; x_wconf 85' lang='lat' dir='ltr'>videtur</span> <span class='ocrx_word' id='word_1_236' title='bbox 554 2293 783 2364; x_wconf 80' lang='lat' dir='ltr'>legisse,</span> <span class='ocrx_word' id='word_1_237' title='bbox 839 2310 979 2362; x_wconf 89' lang='lat' dir='ltr'>quae</span> <span class='ocrx_word' id='word_1_238' title='bbox 1028 2311 1092 2344; x_wconf 89' lang='lat' dir='ltr'>ea</span> <span class='ocrx_word' id='word_1_239' title='bbox 1141 2291 1208 2344; x_wconf 90' lang='lat' dir='ltr'>de</span> <span class='ocrx_word' id='word_1_240' title='bbox 1257 2311 1313 2344; x_wconf 91' lang='lat' dir='ltr'>re</span> <span class='ocrx_word' id='word_1_241' title='bbox 1353 2292 1409 2343; x_wconf 89' lang='lat' dir='ltr'>in</span> <span class='ocrx_word' id='word_1_242' title='bbox 1446 2290 1681 2342; x_wconf 88' lang='lat' dir='ltr'>editione</span> <span class='ocrx_word' id='word_1_243' title='bbox 1721 2288 1837 2343; x_wconf 87' lang='lat' dir='ltr'>Go-</span> 
     </span>
     <span class='ocr_line' id='line_1_31' title="bbox 140 2362 1838 2436; baseline -0.002 -20"><span class='ocrx_word' id='word_1_244' title='bbox 140 2364 311 2417; x_wconf 87' lang='lat' dir='ltr'>thana</span> <span class='ocrx_word' id='word_1_245' title='bbox 348 2385 402 2436; x_wconf 89' lang='lat' dir='ltr'>p.</span> <span class='ocrx_word' id='word_1_246' title='bbox 451 2365 551 2417; x_wconf 83' lang='lat'>143</span> <span class='ocrx_word' id='word_1_247' title='bbox 577 2383 695 2434; x_wconf 85' lang='lat' dir='ltr'>sqq.</span> <span class='ocrx_word' id='word_1_248' title='bbox 734 2363 1005 2434; x_wconf 83' lang='lat' dir='ltr'>copiosius</span> <span class='ocrx_word' id='word_1_249' title='bbox 1047 2364 1411 2433; x_wconf 86' lang='lat' dir='ltr'>exposuimus.</span> <span class='ocrx_word' id='word_1_250' title='bbox 1487 2362 1683 2429; x_wconf 87' lang='lat' dir='ltr'>ltaque</span> <span class='ocrx_word' id='word_1_251' title='bbox 1722 2380 1838 2413; x_wconf 89' lang='lat' dir='ltr'>cer-</span> 
     </span>
     <span class='ocr_line' id='line_1_32' title="bbox 142 2431 1838 2506; baseline -0.003 -18"><span class='ocrx_word' id='word_1_252' title='bbox 142 2443 256 2488; x_wconf 89' lang='lat' dir='ltr'>tum</span> <span class='ocrx_word' id='word_1_253' title='bbox 293 2444 350 2488; x_wconf 89' lang='lat' dir='ltr'>et</span> <span class='ocrx_word' id='word_1_254' title='bbox 385 2435 722 2506; x_wconf 87' lang='lat' dir='ltr'>exploratum</span> <span class='ocrx_word' id='word_1_255' title='bbox 751 2435 1029 2502; x_wconf 80' lang='lat' dir='ltr'>habemUS,</span> <span class='ocrx_word' id='word_1_256' title='bbox 1070 2436 1363 2487; x_wconf 89' lang='lat' dir='ltr'>Menonem</span> <span class='ocrx_word' id='word_1_257' title='bbox 1402 2440 1457 2485; x_wconf 85' lang='lat' dir='ltr'>et</span> <span class='ocrx_word' id='word_1_258' title='bbox 1483 2431 1838 2504; x_wconf 81' lang='lat' dir='ltr'>Euthy&#39;phro-</span> 
     </span>
     <span class='ocr_line' id='line_1_33' title="bbox 143 2503 1837 2578; baseline -0.002 -19"><span class='ocrx_word' id='word_1_259' title='bbox 143 2525 266 2559; x_wconf 90' lang='lat' dir='ltr'>nem</span> <span class='ocrx_word' id='word_1_260' title='bbox 303 2507 534 2578; x_wconf 87' lang='lat' dir='ltr'>scriptos</span> <span class='ocrx_word' id='word_1_261' title='bbox 590 2525 707 2559; x_wconf 91' lang='lat' dir='ltr'>esse</span> <span class='ocrx_word' id='word_1_262' title='bbox 747 2526 854 2575; x_wconf 93' lang='lat' dir='ltr'>quo</span> <span class='ocrx_word' id='word_1_263' title='bbox 892 2514 1135 2576; x_wconf 88' lang='lat' dir='ltr'>tempore</span> <span class='ocrx_word' id='word_1_264' title='bbox 1173 2504 1448 2558; x_wconf 87' lang='lat' dir='ltr'>accusatio</span> <span class='ocrx_word' id='word_1_265' title='bbox 1489 2503 1732 2558; x_wconf 85' lang='lat' dir='ltr'>Socratis</span> <span class='ocrx_word' id='word_1_266' title='bbox 1763 2505 1837 2556; x_wconf 83' lang='lat' dir='ltr'>ab</span> 
     </span>
     <span class='ocr_line' id='line_1_34' title="bbox 143 2576 1838 2645; baseline -0.002 -15"><span class='ocrx_word' id='word_1_267' title='bbox 143 2578 259 2631; x_wconf 91' lang='lat' dir='ltr'>eius</span> <span class='ocrx_word' id='word_1_268' title='bbox 308 2577 540 2631; x_wconf 88' lang='lat' dir='ltr'>inimicis</span> <span class='ocrx_word' id='word_1_269' title='bbox 588 2576 750 2630; x_wconf 91' lang='lat' dir='ltr'>modo</span> <span class='ocrx_word' id='word_1_270' title='bbox 806 2578 1057 2630; x_wconf 89' lang='lat' dir='ltr'>instituta</span> <span class='ocrx_word' id='word_1_271' title='bbox 1105 2595 1168 2629; x_wconf 92' lang='lat' dir='ltr'>ac</span> <span class='ocrx_word' id='word_1_272' title='bbox 1218 2586 1471 2645; x_wconf 88' lang='lat' dir='ltr'>suscepta</span> <span class='ocrx_word' id='word_1_273' title='bbox 1520 2583 1635 2627; x_wconf 90' lang='lat' dir='ltr'>erat</span> <span class='ocrx_word' id='word_1_274' title='bbox 1673 2582 1838 2642; x_wconf 86' lang='lat' dir='ltr'>atque</span> 
     </span>
     <span class='ocr_line' id='line_1_35' title="bbox 143 2646 1838 2719; baseline -0.001 -19"><span class='ocrx_word' id='word_1_275' title='bbox 143 2649 209 2702; x_wconf 86' lang='lat' dir='ltr'>lis</span> <span class='ocrx_word' id='word_1_276' title='bbox 248 2648 427 2702; x_wconf 90' lang='lat' dir='ltr'>adhuc</span> <span class='ocrx_word' id='word_1_277' title='bbox 460 2649 516 2701; x_wconf 89' lang='lat' dir='ltr'>in</span> <span class='ocrx_word' id='word_1_278' title='bbox 552 2648 755 2702; x_wconf 87' lang='lat' dir='ltr'>iudicio</span> <span class='ocrx_word' id='word_1_279' title='bbox 792 2648 1080 2719; x_wconf 87' lang='lat' dir='ltr'>pendebat.</span> <span class='ocrx_word' id='word_1_280' title='bbox 1153 2648 1326 2701; x_wconf 89' lang='lat' dir='ltr'>Porro</span> <span class='ocrx_word' id='word_1_281' title='bbox 1350 2647 1598 2718; x_wconf 87' lang='lat' dir='ltr'>dialogus</span> <span class='ocrx_word' id='word_1_282' title='bbox 1622 2646 1838 2699; x_wconf 89' lang='lat' dir='ltr'>nomine</span> 
     </span>
     <span class='ocr_line' id='line_1_36' title="bbox 143 2716 1838 2791; baseline -0.002 -19"><span class='ocrx_word' id='word_1_283' title='bbox 143 2716 386 2774; x_wconf 88' lang='lat' dir='ltr'>Critonis</span> <span class='ocrx_word' id='word_1_284' title='bbox 425 2721 719 2791; x_wconf 87' lang='lat' dir='ltr'>inscriptus</span> <span class='ocrx_word' id='word_1_285' title='bbox 764 2721 867 2773; x_wconf 86' lang='lat' dir='ltr'>etsi</span> <span class='ocrx_word' id='word_1_286' title='bbox 903 2720 1052 2772; x_wconf 89' lang='lat' dir='ltr'>nulla</span> <span class='ocrx_word' id='word_1_287' title='bbox 1081 2719 1243 2773; x_wconf 90' lang='lat' dir='ltr'>habet</span> <span class='ocrx_word' id='word_1_288' title='bbox 1279 2719 1500 2786; x_wconf 86' lang='lat' dir='ltr'>indicia,</span> <span class='ocrx_word' id='word_1_289' title='bbox 1539 2717 1683 2769; x_wconf 88' lang='lat' dir='ltr'>unde</span> <span class='ocrx_word' id='word_1_290' title='bbox 1722 2736 1838 2770; x_wconf 88' lang='lat' dir='ltr'>cer-</span> 
     </span>
     <span class='ocr_line' id='line_1_37' title="bbox 145 2791 1838 2860; baseline 0 -18"><span class='ocrx_word' id='word_1_291' title='bbox 145 2792 335 2844; x_wconf 84' lang='lat' dir='ltr'>tiorem</span> <span class='ocrx_word' id='word_1_292' title='bbox 398 2791 465 2844; x_wconf 91' lang='lat' dir='ltr'>de</span> <span class='ocrx_word' id='word_1_293' title='bbox 524 2792 640 2844; x_wconf 75' lang='lat' dir='ltr'>eius</span> <span class='ocrx_word' id='word_1_294' title='bbox 697 2802 940 2860; x_wconf 82' lang='lat' dir='ltr'>tempore</span> <span class='ocrx_word' id='word_1_295' title='bbox 988 2791 1154 2843; x_wconf 88' lang='lat' dir='ltr'>natali</span> <span class='ocrx_word' id='word_1_296' title='bbox 1217 2792 1585 2843; x_wconf 88' lang='lat' dir='ltr'>coniecturam</span> <span class='ocrx_word' id='word_1_297' title='bbox 1645 2808 1838 2859; x_wconf 88' lang='lat' dir='ltr'>capere</span> 
     </span>
     <span class='ocr_line' id='line_1_38' title="bbox 143 2860 1839 2933; baseline -0.002 -18"><span class='ocrx_word' id='word_1_298' title='bbox 143 2863 322 2931; x_wconf 88' lang='lat' dir='ltr'>liceat,</span> <span class='ocrx_word' id='word_1_299' title='bbox 363 2870 541 2915; x_wconf 89' lang='lat' dir='ltr'>tamen</span> <span class='ocrx_word' id='word_1_300' title='bbox 580 2861 859 2916; x_wconf 83' lang='lat' dir='ltr'>Socratem</span> <span class='ocrx_word' id='word_1_301' title='bbox 897 2870 959 2915; x_wconf 90' lang='lat' dir='ltr'>ut</span> <span class='ocrx_word' id='word_1_302' title='bbox 997 2862 1168 2915; x_wconf 86' lang='lat' dir='ltr'>civem</span> <span class='ocrx_word' id='word_1_303' title='bbox 1193 2862 1407 2933; x_wconf 89' lang='lat' dir='ltr'>legibus</span> <span class='ocrx_word' id='word_1_304' title='bbox 1433 2860 1640 2931; x_wconf 86' lang='lat' dir='ltr'>patriae</span> <span class='ocrx_word' id='word_1_305' title='bbox 1679 2861 1839 2913; x_wconf 88' lang='lat' dir='ltr'>etiam</span> 
     </span>
     <span class='ocr_line' id='line_1_39' title="bbox 144 2932 1837 3005; baseline -0.002 -19"><span class='ocrx_word' id='word_1_306' title='bbox 144 2943 287 3002; x_wconf 85' lang='lat' dir='ltr'>tum,</span> <span class='ocrx_word' id='word_1_307' title='bbox 330 2953 496 3002; x_wconf 87' lang='lat' dir='ltr'>quum</span> <span class='ocrx_word' id='word_1_308' title='bbox 531 2933 921 2986; x_wconf 87' lang='lat' dir='ltr'>condemnatus</span> <span class='ocrx_word' id='word_1_309' title='bbox 961 2940 1134 3001; x_wconf 82' lang='lat' dir='ltr'>esset,</span> <span class='ocrx_word' id='word_1_310' title='bbox 1187 2932 1592 3005; x_wconf 86' lang='lat' dir='ltr'>religiosissime</span> <span class='ocrx_word' id='word_1_311' title='bbox 1630 2932 1837 2985; x_wconf 91' lang='lat' dir='ltr'>obtem-</span> 
     </span>
     <span class='ocr_line' id='line_1_40' title="bbox 144 3003 1838 3075; baseline -0.002 -18"><span class='ocrx_word' id='word_1_312' title='bbox 144 3013 423 3075; x_wconf 88' lang='lat' dir='ltr'>perantem</span> <span class='ocrx_word' id='word_1_313' title='bbox 469 3013 578 3058; x_wconf 87' lang='lat' dir='ltr'>tam</span> <span class='ocrx_word' id='word_1_314' title='bbox 637 3005 969 3075; x_wconf 79' lang='lat' dir='ltr'>populariter</span> <span class='ocrx_word' id='word_1_315' title='bbox 1018 3012 1237 3074; x_wconf 89' lang='lat' dir='ltr'>tamque</span> <span class='ocrx_word' id='word_1_316' title='bbox 1293 3005 1360 3056; x_wconf 92' lang='lat' dir='ltr'>ad</span> <span class='ocrx_word' id='word_1_317' title='bbox 1418 3003 1567 3074; x_wconf 86' lang='lat' dir='ltr'>vulgi</span> <span class='ocrx_word' id='word_1_318' title='bbox 1619 3010 1838 3073; x_wconf 89' lang='lat' dir='ltr'>captum</span> 
     </span>
     <span class='ocr_line' id='line_1_41' title="bbox 144 3073 1837 3147; baseline -0.001 -19"><span class='ocrx_word' id='word_1_319' title='bbox 144 3075 548 3130; x_wconf 87' lang='lat' dir='ltr'>accommodate</span> <span class='ocrx_word' id='word_1_320' title='bbox 599 3075 884 3144; x_wconf 89' lang='lat' dir='ltr'>describit,</span> <span class='ocrx_word' id='word_1_321' title='bbox 946 3083 1007 3128; x_wconf 87' lang='lat' dir='ltr'>ut</span> <span class='ocrx_word' id='word_1_322' title='bbox 1056 3094 1163 3128; x_wconf 91' lang='lat' dir='ltr'>non</span> <span class='ocrx_word' id='word_1_323' title='bbox 1209 3075 1451 3147; x_wconf 89' lang='lat' dir='ltr'>potuerit</span> <span class='ocrx_word' id='word_1_324' title='bbox 1501 3074 1605 3128; x_wconf 90' lang='lat' dir='ltr'>nisi</span> <span class='ocrx_word' id='word_1_325' title='bbox 1655 3073 1837 3144; x_wconf 91' lang='lat' dir='ltr'>paullo</span> 
     </span>
     <span class='ocr_line' id='line_1_42' title="bbox 146 3145 1836 3218; baseline -0.002 -19"><span class='ocrx_word' id='word_1_326' title='bbox 146 3156 274 3216; x_wconf 89' lang='lat' dir='ltr'>post</span> <span class='ocrx_word' id='word_1_327' title='bbox 324 3147 567 3202; x_wconf 87' lang='lat' dir='ltr'>Socratis</span> <span class='ocrx_word' id='word_1_328' title='bbox 619 3147 945 3218; x_wconf 80' lang='lat' dir='ltr'>supplicium</span> <span class='ocrx_word' id='word_1_329' title='bbox 985 3147 1181 3199; x_wconf 86' lang='lat' dir='ltr'>litteris</span> <span class='ocrx_word' id='word_1_330' title='bbox 1217 3146 1480 3199; x_wconf 87' lang='lat' dir='ltr'>mandari.</span> <span class='ocrx_word' id='word_1_331' title='bbox 1552 3145 1668 3197; x_wconf 88' lang='lat' dir='ltr'>Iam</span> <span class='ocrx_word' id='word_1_332' title='bbox 1706 3164 1836 3197; x_wconf 89' lang='lat' dir='ltr'>vero</span> 
     </span>
     <span class='ocr_line' id='line_1_43' title="bbox 146 3216 1836 3289; baseline -0.002 -19"><span class='ocrx_word' id='word_1_333' title='bbox 146 3219 424 3289; x_wconf 80' lang='lat' dir='ltr'>Apologia</span> <span class='ocrx_word' id='word_1_334' title='bbox 463 3218 745 3272; x_wconf 85' lang='lat' dir='ltr'>Socratem</span> <span class='ocrx_word' id='word_1_335' title='bbox 793 3219 938 3271; x_wconf 87' lang='lat' dir='ltr'>sistit</span> <span class='ocrx_word' id='word_1_336' title='bbox 993 3218 1047 3270; x_wconf 91' lang='lat' dir='ltr'>in</span> <span class='ocrx_word' id='word_1_337' title='bbox 1086 3216 1289 3270; x_wconf 90' lang='lat' dir='ltr'>iudicio</span> <span class='ocrx_word' id='word_1_338' title='bbox 1329 3217 1549 3287; x_wconf 85' lang='lat' dir='ltr'>publico</span> <span class='ocrx_word' id='word_1_339' title='bbox 1590 3234 1836 3268; x_wconf 85' lang='lat' dir='ltr'>caussam</span> 
     </span>
     <span class='ocr_line' id='line_1_44' title="bbox 147 3287 1835 3356; baseline -0.004 -14"><span class='ocrx_word' id='word_1_340' title='bbox 147 3308 300 3343; x_wconf 88' lang='lat' dir='ltr'>suam</span> <span class='ocrx_word' id='word_1_341' title='bbox 338 3291 416 3342; x_wconf 89' lang='lat' dir='ltr'>ita</span> <span class='ocrx_word' id='word_1_342' title='bbox 455 3298 715 3356; x_wconf 84' lang='lat' dir='ltr'>orantem,</span> <span class='ocrx_word' id='word_1_343' title='bbox 755 3298 814 3341; x_wconf 88' lang='lat' dir='ltr'>ut</span> <span class='ocrx_word' id='word_1_344' title='bbox 853 3290 1025 3342; x_wconf 89' lang='lat' dir='ltr'>omnis</span> <span class='ocrx_word' id='word_1_345' title='bbox 1067 3290 1184 3341; x_wconf 88' lang='lat' dir='ltr'>eius</span> <span class='ocrx_word' id='word_1_346' title='bbox 1223 3288 1432 3342; x_wconf 85' lang='lat' dir='ltr'>indoles</span> <span class='ocrx_word' id='word_1_347' title='bbox 1466 3295 1629 3356; x_wconf 87' lang='lat' dir='ltr'>atque</span> <span class='ocrx_word' id='word_1_348' title='bbox 1665 3287 1835 3338; x_wconf 84' lang='lat' dir='ltr'>virtus</span> 
     </span>
     <span class='ocr_line' id='line_1_45' title="bbox 147 3358 1834 3430; baseline -0.002 -20"><span class='ocrx_word' id='word_1_349' title='bbox 147 3360 200 3413; x_wconf 90' lang='lat' dir='ltr'>in</span> <span class='ocrx_word' id='word_1_350' title='bbox 240 3360 538 3414; x_wconf 85' lang='lat' dir='ltr'>clarissima</span> <span class='ocrx_word' id='word_1_351' title='bbox 574 3361 695 3413; x_wconf 83' lang='lat' dir='ltr'>luce</span> <span class='ocrx_word' id='word_1_352' title='bbox 734 3360 999 3413; x_wconf 83' lang='lat' dir='ltr'>collocata</span> <span class='ocrx_word' id='word_1_353' title='bbox 1038 3360 1433 3430; x_wconf 88' lang='lat' dir='ltr'>conspiciatur,</span> <span class='ocrx_word' id='word_1_354' title='bbox 1494 3358 1834 3429; x_wconf 82' lang='lat' dir='ltr'>pertinetque</span> 
     </span>
    </p>
   </div>
  </div>
 </body>
</html>
