2158 3718
280 180 406 218 XXX
898 177 1343 218 PROLEGOMENA

277 306 336 359 in
386 305 647 359 adeundis
693 305 941 377 periculis
988 305 1283 376 gravitate,
1338 307 1568 376 denique
1616 307 1673 361 in
1719 307 1963 363 omnibus

276 375 440 431 rebus
475 376 726 450 gerendis
763 375 1092 429 fortitudine.
1138 374 1255 430 Nec
1289 395 1415 431 vero
1450 378 1600 431 illum
1635 378 1738 433 hoc
1775 379 1964 434 eodem

277 457 517 519 tempore
552 455 737 500 narrat
771 447 1002 501 alienum
1036 445 1202 499 fuisse
1239 466 1271 500 a
1308 447 1613 502 sublimium
1647 468 1826 503 rerum
1848 469 1962 504 me-

275 518 546 582 ditatione,
583 516 1012 588 quandoquidem
1038 517 1321 586 aliquando
1345 519 1414 572 ad
1435 519 1762 585 Potidaeam,
1800 539 1964 590 quum

273 590 332 643 in
370 589 697 644 subtiliorem
732 587 962 657 aliquam
987 588 1348 657 quaestionem
1369 590 1665 656 incidisset,
1704 611 1737 644 a
1761 610 1964 646 summo

272 679 430 715 mane
475 677 649 728 usque
692 657 762 710 ad
814 658 940 711 solis
983 667 1159 712 ortum
1203 659 1302 713 sub
1348 660 1437 714 dio
1481 661 1733 716 immotus
1778 663 1966 716 eodem

271 732 329 785 in
363 732 480 785 loco
519 729 740 793 steterit,
776 729 945 783 donec
979 730 1123 799 quod
1158 730 1463 799 quaesierat
1494 732 1797 787 invenisset.
1839 731 1964 800 Quo

272 810 417 856 certe
451 799 922 873 flagrantissimum
947 800 1240 872 sapientiae
1266 802 1500 855 studium
1524 805 1782 875 arguitur,
1819 805 1964 874 quod

271 891 342 926 ne
387 881 501 924 tum
545 870 761 940 quidem
802 871 1064 944 restingui
1110 872 1361 943 potuerit,
1408 892 1572 943 quum
1618 875 1964 946 gravissimae

271 942 510 1014 corporis
552 941 827 996 molestiae
875 951 927 997 et
963 961 1248 999 aerumnae
1283 944 1628 1015 perferendae
1665 954 1844 999 essent
1881 953 1962 999 at-

270 1032 375 1084 que
411 1012 729 1067 tolerandae.

340 1083 498 1138 Haec
530 1083 700 1155 igitur
735 1092 859 1137 sunt
893 1084 1016 1138 fere·
1039 1084 1145 1149 illa,
1193 1085 1250 1137 in
1286 1084 1481 1155 quibus
1519 1104 1584 1140 ex
1625 1085 1847 1140 onendis
1882 1094 1963 1139 at-

269 1174 373 1224 que
409 1155 737 1209 illustrandis
772 1155 1068 1214 Alcibiadis
1092 1164 1339 1211 versatur
1361 1157 1545 1218 oratio.
1637 1157 1798 1210 audat
1821 1157 1963 1211 enim

268 1225 547 1281 Socratem
570 1225 879 1308 sapientiae,
918 1226 1270 1280 continentiae
1302 1236 1355 1281 et
1378 1226 1707 1280 fortitudinis
1730 1229 1962 1292 nomine,

269 1298 367 1352 sed
410 1297 593 1350 laudat
627 1305 719 1362 1ta,
767 1304 828 1349 ut
861 1296 1046 1351 laudes
1083 1298 1197 1351 eius
1233 1315 1434 1373 omnes,
1481 1298 1724 1367 quamvis
1757 1298 1817 1351 id
1852 1317 1960 1352 non

265 1367 465 1438 ubique
513 1367 692 1421 statim
736 1377 1009 1439 appareat,
1059 1369 1128 1421 ad
1173 1369 1364 1422 amoris
1406 1369 1710 1440 philosophi
1753 1368 1812 1421 in
1846 1369 1962 1424 viro

268 1438 543 1511 conspicui
576 1438 958 1509 praestantiam
993 1447 1047 1492 et
1081 1439 1334 1493 virtutem
1358 1440 1673 1493 referantur.
1709 1438 1851 1492 Nam
1874 1459 1960 1494 sa-

265 1511 470 1582 pientia
515 1509 749 1564 cernitur
791 1509 849 1562 in
894 1511 1011 1563 eius
1057 1510 1389 1564 sermonibus
1401 1550 1417 1575 ,
1462 1510 1656 1581 quibus
1701 1511 1962 1565 amasium

266 1582 404 1637 solet
445 1581 515 1634 ad
558 1599 768 1634 omnem
811 1579 1064 1635 virtutem
1113 1599 1477 1651 summamque
1514 1581 1829 1652 sapientiam
1862 1582 1961 1636 fle-

266 1662 409 1707 ctere
445 1660 497 1705 et
532 1652 859 1706 conformare
868 1672 884 1714 3
923 1653 1246 1706 continentia
1280 1654 1452 1723 posita
1487 1660 1570 1707 est
1597 1652 1656 1706 in
1681 1671 1761 1718 e0‚
1799 1654 1960 1723 quod,

265 1723 475 1778 etiamsi
511 1722 581 1776 ad
615 1722 909 1776 lubidinem
944 1723 1260 1795 explendam
1297 1723 1635 1789 sollicitetur,
1673 1732 1852 1777 tamen
1874 1725 1958 1778 ni-

262 1794 339 1847 hil
372 1793 477 1847 nisi
513 1793 673 1847 animi
708 1793 1122 1864 pulcritudinem
1144 1794 1381 1847 intuetur
1404 1802 1562 1865 atque
1587 1813 1694 1859 eOS,
1733 1795 1959 1865 quibus-

263 1884 386 1919 cum
434 1873 802 1929 conversatur,
862 1864 947 1917 ad‘
976 1863 1278 1918 dirinarum
1324 1884 1503 1919 rerum
1545 1865 1960 1936 pulcritudinem

264 1935 722 2006 contemplandam
745 1935 1128 2005 amandamque
1151 1935 1411 2000 instituit3
1451 1936 1680 2007 denique
1704 1937 1959 1990 fortitudo

261 2007 388 2061 inde
433 2006 788 2079 cognoscitur,
834 2006 978 2076 quod
1011 2007 1153 2060 valet
1187 2025 1382 2090 magno
1420 2007 1654 2078 corporis
1690 2007 1957 2077 animique

260 2077 468 2142 robore,
503 2077 649 2147 quod
685 2096 850 2147 quum
888 2097 1011 2131 eum
1047 2076 1114 2131 ab
1152 2096 1295 2131 omm
1330 2078 1546 2132 mollitie
1578 2078 1810 2132 alienum
1831 2079 1956 2132 red-

263 2149 359 2214 dit,
410 2157 523 2202 tum
566 2167 653 2202 res
697 2156 945 2202 externas
989 2149 1046 2202 in
1083 2148 1198 2202 eius
1233 2149 1431 2221 redigit
1464 2157 1802 2218 potestatem,
1852 2168 1958 2219 quo

261 2220 435 2290 magis
475 2238 531 2273 se
566 2238 746 2272 rerum
784 2219 1087 2274 divinarum
1109 2220 1438 2274 meditationi
1463 2229 1517 2274 et
1540 2220 1752 2273 virtutis
1777 2220 1956 2274 studio

243 2291 530 2344 'liberrime
567 2290 744 2344 dedat.
781 2289 975 2361 Itaque
1010 2291 1256 2345 amatoris
1281 2291 1509 2362 perfecti
1532 2291 1822 2364 imaginem
1847 2300 1957 2344 tam

259 2362 417 2432 plene
465 2362 838 2432 cumulateque
891 2362 979 2416 hic
1026 2363 1347 2434 descriptam
1394 2362 1663 2427 videmus,
1717 2361 1852 2416 nihil
1895 2367 1958 2415 u't

257 2433 573 2503 reperiatur,
611 2433 760 2502 quod
793 2432 901 2486 ulla
937 2452 1005 2487 ex
1036 2442 1186 2505 parte
1212 2433 1506 2488 desiderari
1530 2441 1705 2506 queat.
1747 2431 1954 2500 Quam-

260 2522 421 2572 quam
456 2504 748 2558 tenendum
783 2512 882 2569 est,
921 2504 988 2558 de
1025 2522 1130 2574 quo
1164 2504 1272 2558 iam
1309 2513 1464 2558 antea
1498 2504 1821 2568 monuimus,
1858 2524 1952 2558 ex-

258 2574 432 2628 hiberi
471 2573 747 2628 Socratem
781 2574 938 2629 nobis
972 2576 1042 2629 ad
1076 2576 1250 2646 ipsam
1285 2576 1427 2629 vitae
1451 2576 1729 2629 veritatem
1753 2575 1951 2629 descri-

258 2653 428 2715 ptum,
475 2654 535 2698 ut
577 2645 989 2715 haudquaquam
1036 2646 1144 2698 iam
1193 2646 1327 2700 ideis
1370 2646 1573 2716 potitus
1610 2664 1729 2699 esse
1765 2645 1951 2698 existi-

258 2716 486 2768 mandus
512 2715 597 2779 sit,
636 2715 731 2770 sed
756 2724 959 2768 tantum
976 2716 1023 2768 is
1042 2716 1303 2780 videatur,
1329 2717 1421 2784 qui
1454 2715 1629 2768 studio
1660 2715 1952 2786 sapientiae

295 2785 415 2838 lane
461 2786 673 2839 deditus
719 2786 788 2838 sit
829 2786 991 2855 idque
1035 2786 1143 2838 vita
1188 2793 1242 2838 et
1287 2786 1525 2839 moribus
1561 2786 1739 2855 palam
1773 2787 1951 2840 faciat.

312 2875 398 2909 am
418 2856 698 2926 quominus
724 2874 844 2908 eum
868 2856 1027 2909 talem
1048 2856 1180 2928 fingi
1202 2865 1472 2927 putemus,
1499 2857 1591 2927 qui
1614 2857 1720 2909 iam
1747 2876 1952 2911 summa

258 2944 500 2996 quaeque
546 2927 603 2979 in
685 2925 980 2997 hilosophia
1026 2936 1347 2997 assequutus
1395 2927 1480 2991 sit,
1528 2928 1614 2981 vel
1655 2923 1789 2981 illud
1821 2947 1950 2999 pro-

256 2997 423 3062 hibet,
470 2996 614 3067 quod
711 2997 894 3051 iotima
935 3015 1148 3068 quoque.
1182 3016 1237 3068 p.
1274 2999 1395 3052 210.
1431 2995 1502 3052 Α.
1550 2997 1777 3063 dubitat,
1819 3018 1949 3052 num

257 3069 363 3122 iam
416 3068 711 3140 perfectum
761 3076 920 3137 atque
979 3087 1243 3123 summum
1295 3070 1523 3141 gradum
1571 3070 1951 3123 amatoriorum

256 3139 635 3210 mysteriorum
670 3147 1029 3209 consequutus
1067 3140 1151 3194 sit.

329 3209 510 3281 Atque
545 3210 628 3264 his
662 3210 738 3263 ita
774 3210 1033 3281 expositis
1068 3211 1248 3265 mirari
1287 3231 1414 3267 sane
1449 3211 1628 3266 licebit
1654 3230 1837 3266 eorum
1859 3211 1945 3264 iu-

260 3280 474 3346 dicium,
511 3282 604 3352 qui
638 3281 771 3336 haec
794 3282 970 3335 omnia
1000 3282 1371 3337 existimarunt
1393 3284 1514 3337 ideo
1551 3283 1628 3337 sic
1662 3301 1695 3335 a
1717 3282 1944 3335 Platone

259 3353 502 3423 exposita
537 3371 672 3420 esse,
710 3360 770 3407 ut
795 3349 1042 3408 Socrates
1079 3354 1146 3408 ab
1183 3354 1378 3426 impuri
1403 3355 1597 3409 amoris
1621 3352 1943 3425 suspicione,
