<?xml version="1.0" encoding="UTF-8"?>
<!DOCTYPE html PUBLIC "-//W3C//DTD XHTML 1.0 Transitional//EN"
    "http://www.w3.org/TR/xhtml1/DTD/xhtml1-transitional.dtd">
<html xmlns="http://www.w3.org/1999/xhtml" xml:lang="en" lang="en">
 <head>
  <title>
</title>
<meta http-equiv="Content-Type" content="text/html;charset=utf-8" />
  <meta name='ocr-system' content='tesseract 3.04.00' />
  <meta name='ocr-capabilities' content='ocr_page ocr_carea ocr_par ocr_line ocrx_word'/>
</head>
<body>
  <div class='ocr_page' id='page_1' title='image "./operaomniarecens01platuoft/operaomniarecens01platuoft_0108.png"; bbox 0 0 2222 3762; ppageno 0'>
   <div class='ocr_carea' id='block_1_1' title="bbox 368 158 1591 215">
    <p class='ocr_par' dir='ltr' id='par_1_1' title="bbox 368 158 1591 215">
     <span class='ocr_line' id='line_1_1' title="bbox 368 158 1591 215; baseline -0.002 0"><span class='ocrx_word' id='word_1_1' title='bbox 368 164 436 215; x_wconf 84' lang='lat'>30</span> <span class='ocrx_word' id='word_1_2' title='bbox 824 158 1439 213; x_wconf 72' lang='lat' dir='ltr'><strong>PROLEGOMENA</strong></span> <span class='ocrx_word' id='word_1_3' title='bbox 1480 162 1591 213; x_wconf 83' lang='lat' dir='ltr'>AD</span> 
     </span>
    </p>
   </div>
   <div class='ocr_carea' id='block_1_2' title="bbox 365 301 2085 3444">
    <p class='ocr_par' dir='ltr' id='par_1_2' title="bbox 365 301 2076 941">
     <span class='ocr_line' id='line_1_2' title="bbox 368 301 2067 373; baseline 0 -17"><span class='ocrx_word' id='word_1_4' title='bbox 368 312 479 356; x_wconf 89' lang='lat' dir='ltr'>tem</span> <span class='ocrx_word' id='word_1_5' title='bbox 525 321 635 356; x_wconf 90' lang='lat' dir='ltr'>non</span> <span class='ocrx_word' id='word_1_6' title='bbox 684 301 846 355; x_wconf 87' lang='lat' dir='ltr'>modo</span> <span class='ocrx_word' id='word_1_7' title='bbox 894 301 1176 372; x_wconf 85' lang='lat' dir='ltr'>republica</span> <span class='ocrx_word' id='word_1_8' title='bbox 1238 301 1506 356; x_wconf 82' lang='lat' dir='ltr'><strong>abstinuit</strong></span> <span class='ocrx_word' id='word_1_9' title='bbox 1567 310 1634 355; x_wconf 84' lang='lat' dir='ltr'>et</span> <span class='ocrx_word' id='word_1_10' title='bbox 1691 302 2067 373; x_wconf 77' lang='lat' dir='ltr'>philosophiae</span> 
     </span>
     <span class='ocr_line' id='line_1_3' title="bbox 366 371 2069 446; baseline 0 -19"><span class='ocrx_word' id='word_1_11' title='bbox 366 376 536 427; x_wconf 89' lang='lat' dir='ltr'>vitam</span> <span class='ocrx_word' id='word_1_12' title='bbox 574 392 730 427; x_wconf 90' lang='lat' dir='ltr'>suam</span> <span class='ocrx_word' id='word_1_13' title='bbox 768 371 1084 440; x_wconf 85' lang='lat' dir='ltr'>destinavit,</span> <span class='ocrx_word' id='word_1_14' title='bbox 1124 392 1313 426; x_wconf 87' lang='lat' dir='ltr'>verum</span> <span class='ocrx_word' id='word_1_15' title='bbox 1350 373 1511 426; x_wconf 90' lang='lat' dir='ltr'>etiam</span> <span class='ocrx_word' id='word_1_16' title='bbox 1549 375 1855 445; x_wconf 78' lang='lat' dir='ltr'>perspectis</span> <span class='ocrx_word' id='word_1_17' title='bbox 1892 393 2069 446; x_wconf 88' lang='lat' dir='ltr'>popu-</span> 
     </span>
     <span class='ocr_line' id='line_1_4' title="bbox 366 443 2073 515; baseline 0 -17"><span class='ocrx_word' id='word_1_18' title='bbox 366 445 495 499; x_wconf 88' lang='lat' dir='ltr'>laris</span> <span class='ocrx_word' id='word_1_19' title='bbox 532 444 814 515; x_wconf 80' lang='lat' dir='ltr'>regiminis</span> <span class='ocrx_word' id='word_1_20' title='bbox 861 444 1008 497; x_wconf 88' lang='lat' dir='ltr'>vitiis</span> <span class='ocrx_word' id='word_1_21' title='bbox 1049 443 1116 496; x_wconf 92' lang='lat' dir='ltr'>de</span> <span class='ocrx_word' id='word_1_22' title='bbox 1155 443 1440 496; x_wconf 89' lang='lat' dir='ltr'>civitatum</span> <span class='ocrx_word' id='word_1_23' title='bbox 1480 445 1954 498; x_wconf 77' lang='lat' dir='ltr'>administratione</span> <span class='ocrx_word' id='word_1_24' title='bbox 1991 446 2073 498; x_wconf 89' lang='lat' dir='ltr'>ita</span> 
     </span>
     <span class='ocr_line' id='line_1_5' title="bbox 365 514 2072 588; baseline -0.001 -17"><span class='ocrx_word' id='word_1_25' title='bbox 365 517 571 584; x_wconf 87' lang='lat' dir='ltr'>sensit,</span> <span class='ocrx_word' id='word_1_26' title='bbox 622 523 685 568; x_wconf 91' lang='lat' dir='ltr'>ut</span> <span class='ocrx_word' id='word_1_27' title='bbox 731 515 1069 586; x_wconf 81' lang='lat' dir='ltr'>respublicas</span> <span class='ocrx_word' id='word_1_28' title='bbox 1121 514 1450 574; x_wconf 75' lang='lat' dir='ltr'>iudicaverit</span> <span class='ocrx_word' id='word_1_29' title='bbox 1501 535 1610 569; x_wconf 90' lang='lat' dir='ltr'>non</span> <span class='ocrx_word' id='word_1_30' title='bbox 1672 517 1824 588; x_wconf 88' lang='lat' dir='ltr'>prius</span> <span class='ocrx_word' id='word_1_31' title='bbox 1879 517 2072 570; x_wconf 86' lang='lat' dir='ltr'>beatas</span> 
     </span>
     <span class='ocr_line' id='line_1_6' title="bbox 366 585 2073 660; baseline -0.001 -19"><span class='ocrx_word' id='word_1_32' title='bbox 366 589 504 656; x_wconf 84' lang='lat' dir='ltr'>fore,</span> <span class='ocrx_word' id='word_1_33' title='bbox 546 606 709 657; x_wconf 87' lang='lat' dir='ltr'>quam</span> <span class='ocrx_word' id='word_1_34' title='bbox 736 587 781 640; x_wconf 92' lang='lat' dir='ltr'>si</span> <span class='ocrx_word' id='word_1_35' title='bbox 809 585 1105 656; x_wconf 89' lang='lat' dir='ltr'>aliquando</span> <span class='ocrx_word' id='word_1_36' title='bbox 1143 605 1174 637; x_wconf 86' lang='lat' dir='ltr'>a</span> <span class='ocrx_word' id='word_1_37' title='bbox 1212 587 1468 658; x_wconf 87' lang='lat' dir='ltr'>perfectis</span> <span class='ocrx_word' id='word_1_38' title='bbox 1495 589 1834 659; x_wconf 81' lang='lat' dir='ltr'>sapientibus</span> <span class='ocrx_word' id='word_1_39' title='bbox 1874 589 2073 660; x_wconf 87' lang='lat' dir='ltr'>guber-</span> 
     </span>
     <span class='ocr_line' id='line_1_7' title="bbox 368 657 2075 728; baseline -0.001 -15"><span class='ocrx_word' id='word_1_40' title='bbox 368 667 658 726; x_wconf 74' lang='lat' dir='ltr'>narentur,</span> <span class='ocrx_word' id='word_1_41' title='bbox 721 658 814 728; x_wconf 87' lang='lat' dir='ltr'>qui</span> <span class='ocrx_word' id='word_1_42' title='bbox 873 657 1242 726; x_wconf 75' lang='lat' dir='ltr'>perfectae</span> <span class='ocrx_word' id='word_1_43' title='bbox 1294 657 1600 712; x_wconf 90' lang='lat' dir='ltr'>rationis</span> <span class='ocrx_word' id='word_1_44' title='bbox 1650 660 1707 712; x_wconf 89' lang='lat' dir='ltr'>in</span> <span class='ocrx_word' id='word_1_45' title='bbox 1765 659 1832 714; x_wconf 90' lang='lat' dir='ltr'>iis</span> <span class='ocrx_word' id='word_1_46' title='bbox 1882 660 2075 713; x_wconf 87' lang='lat' dir='ltr'>vicarii</span> 
     </span>
     <span class='ocr_line' id='line_1_8' title="bbox 368 727 2074 801; baseline 0.001 -17"><span class='ocrx_word' id='word_1_47' title='bbox 368 738 556 785; x_wconf 88' lang='lat' dir='ltr'>essent</span> <span class='ocrx_word' id='word_1_48' title='bbox 605 737 659 781; x_wconf 91' lang='lat' dir='ltr'>et</span> <span class='ocrx_word' id='word_1_49' title='bbox 707 729 852 781; x_wconf 89' lang='lat' dir='ltr'>ultra</span> <span class='ocrx_word' id='word_1_50' title='bbox 898 727 1170 798; x_wconf 86' lang='lat' dir='ltr'>insipidae</span> <span class='ocrx_word' id='word_1_51' title='bbox 1219 728 1588 783; x_wconf 86' lang='lat' dir='ltr'>multitudinis</span> <span class='ocrx_word' id='word_1_52' title='bbox 1642 731 1846 801; x_wconf 79' lang='lat' dir='ltr'>pariter</span> <span class='ocrx_word' id='word_1_53' title='bbox 1910 739 2074 800; x_wconf 90' lang='lat' dir='ltr'>atque</span> 
     </span>
     <span class='ocr_line' id='line_1_9' title="bbox 366 800 2076 874; baseline 0.001 -20"><span class='ocrx_word' id='word_1_54' title='bbox 366 810 723 873; x_wconf 86' lang='lat' dir='ltr'>tyrannorum</span> <span class='ocrx_word' id='word_1_55' title='bbox 758 800 1235 870; x_wconf 84' lang='lat' dir='ltr'>intemperantiam</span> <span class='ocrx_word' id='word_1_56' title='bbox 1281 807 1336 853; x_wconf 84' lang='lat' dir='ltr'>et</span> <span class='ocrx_word' id='word_1_57' title='bbox 1368 801 1537 855; x_wconf 89' lang='lat' dir='ltr'>malas</span> <span class='ocrx_word' id='word_1_58' title='bbox 1578 802 1908 874; x_wconf 89' lang='lat' dir='ltr'>cupiditates</span> <span class='ocrx_word' id='word_1_59' title='bbox 1947 803 2076 856; x_wconf 88' lang='lat' dir='ltr'>elati</span> 
     </span>
     <span class='ocr_line' id='line_1_10' title="bbox 367 870 1398 941; baseline -0.003 -14"><span class='ocrx_word' id='word_1_60' title='bbox 367 874 486 927; x_wconf 90' lang='lat' dir='ltr'>solo</span> <span class='ocrx_word' id='word_1_61' title='bbox 520 870 744 924; x_wconf 89' lang='lat' dir='ltr'>rationis</span> <span class='ocrx_word' id='word_1_62' title='bbox 782 870 1011 941; x_wconf 86' lang='lat' dir='ltr'>imperio</span> <span class='ocrx_word' id='word_1_63' title='bbox 1052 870 1398 926; x_wconf 78' lang='lat' dir='ltr'>ducerentur.</span> 
     </span>
    </p>

    <p class='ocr_par' dir='ltr' id='par_1_3' title="bbox 367 941 2085 3444">
     <span class='ocr_line' id='line_1_11' title="bbox 511 941 2077 998; baseline 0.001 -2"><span class='ocrx_word' id='word_1_64' title='bbox 511 943 722 996; x_wconf 90' lang='lat' dir='ltr'>Verum</span> <span class='ocrx_word' id='word_1_65' title='bbox 772 943 905 995; x_wconf 88' lang='lat' dir='ltr'>satis</span> <span class='ocrx_word' id='word_1_66' title='bbox 956 942 1091 996; x_wconf 90' lang='lat' dir='ltr'>haec</span> <span class='ocrx_word' id='word_1_67' title='bbox 1147 942 1215 996; x_wconf 89' lang='lat' dir='ltr'>de</span> <span class='ocrx_word' id='word_1_68' title='bbox 1264 941 1492 997; x_wconf 87' lang='lat' dir='ltr'>Socrate</span> <span class='ocrx_word' id='word_1_69' title='bbox 1544 943 1708 997; x_wconf 89' lang='lat' dir='ltr'>nullis</span> <span class='ocrx_word' id='word_1_70' title='bbox 1761 945 2077 998; x_wconf 88' lang='lat' dir='ltr'>muneribus</span> 
     </span>
     <span class='ocr_line' id='line_1_12' title="bbox 367 1013 2073 1087; baseline 0 -19"><span class='ocrx_word' id='word_1_71' title='bbox 367 1014 602 1086; x_wconf 88' lang='lat' dir='ltr'>publicis</span> <span class='ocrx_word' id='word_1_72' title='bbox 639 1033 901 1083; x_wconf 90' lang='lat' dir='ltr'>umquam</span> <span class='ocrx_word' id='word_1_73' title='bbox 939 1013 1218 1067; x_wconf 81' lang='lat' dir='ltr'>defunctO.</span> <span class='ocrx_word' id='word_1_74' title='bbox 1294 1015 1585 1087; x_wconf 84' lang='lat' dir='ltr'>Pergimus</span> <span class='ocrx_word' id='word_1_75' title='bbox 1624 1015 1695 1068; x_wconf 85' lang='lat' dir='ltr'>ad</span> <span class='ocrx_word' id='word_1_76' title='bbox 1733 1014 1884 1068; x_wconf 88' lang='lat' dir='ltr'>aliud</span> <span class='ocrx_word' id='word_1_77' title='bbox 1922 1014 2073 1086; x_wconf 85' lang='lat' dir='ltr'>quid,</span> 
     </span>
     <span class='ocr_line' id='line_1_13' title="bbox 368 1084 2076 1157; baseline 0.001 -17"><span class='ocrx_word' id='word_1_78' title='bbox 368 1085 520 1156; x_wconf 91' lang='lat' dir='ltr'>quod</span> <span class='ocrx_word' id='word_1_79' title='bbox 558 1093 614 1138; x_wconf 90' lang='lat' dir='ltr'>et</span> <span class='ocrx_word' id='word_1_80' title='bbox 650 1085 831 1156; x_wconf 86' lang='lat' dir='ltr'>ipsum</span> <span class='ocrx_word' id='word_1_81' title='bbox 869 1084 940 1137; x_wconf 91' lang='lat' dir='ltr'>ad</span> <span class='ocrx_word' id='word_1_82' title='bbox 977 1086 1146 1139; x_wconf 88' lang='lat' dir='ltr'>vitam</span> <span class='ocrx_word' id='word_1_83' title='bbox 1183 1086 1458 1156; x_wconf 86' lang='lat' dir='ltr'>publicam</span> <span class='ocrx_word' id='word_1_84' title='bbox 1494 1087 1599 1140; x_wconf 82' lang='lat' dir='ltr'>viri</span> <span class='ocrx_word' id='word_1_85' title='bbox 1635 1087 1891 1157; x_wconf 89' lang='lat' dir='ltr'>pertinet.</span> <span class='ocrx_word' id='word_1_86' title='bbox 1965 1089 2076 1141; x_wconf 84' lang='lat' dir='ltr'>As-</span> 
     </span>
     <span class='ocr_line' id='line_1_14' title="bbox 367 1156 2076 1229; baseline 0 -17"><span class='ocrx_word' id='word_1_87' title='bbox 367 1164 586 1212; x_wconf 87' lang='lat' dir='ltr'>severat</span> <span class='ocrx_word' id='word_1_88' title='bbox 623 1157 767 1210; x_wconf 87' lang='lat' dir='ltr'>enim</span> <span class='ocrx_word' id='word_1_89' title='bbox 803 1156 894 1209; x_wconf 91' lang='lat' dir='ltr'>ille</span> <span class='ocrx_word' id='word_1_90' title='bbox 931 1177 985 1228; x_wconf 89' lang='lat' dir='ltr'>p.</span> <span class='ocrx_word' id='word_1_91' title='bbox 1026 1159 1111 1211; x_wconf 87' lang='lat'>33.</span> <span class='ocrx_word' id='word_1_92' title='bbox 1150 1160 1222 1210; x_wconf 89' lang='lat' dir='ltr'>A.</span> <span class='ocrx_word' id='word_1_93' title='bbox 1259 1177 1379 1228; x_wconf 89' lang='lat' dir='ltr'>sqq.</span> <span class='ocrx_word' id='word_1_94' title='bbox 1419 1159 1582 1211; x_wconf 91' lang='lat' dir='ltr'>etiam</span> <span class='ocrx_word' id='word_1_95' title='bbox 1619 1158 1725 1212; x_wconf 92' lang='lat' dir='ltr'>hoc</span> <span class='ocrx_word' id='word_1_96' title='bbox 1763 1157 1910 1229; x_wconf 91' lang='lat' dir='ltr'>apud</span> <span class='ocrx_word' id='word_1_97' title='bbox 1947 1158 2076 1212; x_wconf 88' lang='lat' dir='ltr'>Pla-</span> 
     </span>
     <span class='ocr_line' id='line_1_15' title="bbox 368 1229 2077 1300; baseline 0 -18"><span class='ocrx_word' id='word_1_98' title='bbox 368 1238 586 1295; x_wconf 89' lang='lat' dir='ltr'>tonem,</span> <span class='ocrx_word' id='word_1_99' title='bbox 635 1246 936 1297; x_wconf 90' lang='lat' dir='ltr'>numquam</span> <span class='ocrx_word' id='word_1_100' title='bbox 984 1247 1042 1282; x_wconf 89' lang='lat' dir='ltr'>se</span> <span class='ocrx_word' id='word_1_101' title='bbox 1092 1229 1311 1300; x_wconf 88' lang='lat' dir='ltr'>publice</span> <span class='ocrx_word' id='word_1_102' title='bbox 1350 1229 1598 1283; x_wconf 89' lang='lat' dir='ltr'>mercede</span> <span class='ocrx_word' id='word_1_103' title='bbox 1637 1230 1821 1299; x_wconf 89' lang='lat' dir='ltr'>aliqua</span> <span class='ocrx_word' id='word_1_104' title='bbox 1858 1230 2077 1282; x_wconf 89' lang='lat' dir='ltr'>institu-</span> 
     </span>
     <span class='ocr_line' id='line_1_16' title="bbox 368 1299 2078 1370; baseline 0 -17"><span class='ocrx_word' id='word_1_105' title='bbox 368 1301 534 1354; x_wconf 85' lang='lat' dir='ltr'>tionis</span> <span class='ocrx_word' id='word_1_106' title='bbox 581 1306 808 1370; x_wconf 90' lang='lat' dir='ltr'>accepta</span> <span class='ocrx_word' id='word_1_107' title='bbox 847 1299 1133 1369; x_wconf 72' lang='lat' dir='ltr'>docuisse,</span> <span class='ocrx_word' id='word_1_108' title='bbox 1189 1315 1286 1353; x_wconf 82' lang='lat' dir='ltr'>aut</span> <span class='ocrx_word' id='word_1_109' title='bbox 1321 1301 1677 1355; x_wconf 87' lang='lat' dir='ltr'>familiaribus</span> <span class='ocrx_word' id='word_1_110' title='bbox 1717 1302 1830 1355; x_wconf 90' lang='lat' dir='ltr'>suis</span> <span class='ocrx_word' id='word_1_111' title='bbox 1869 1300 2078 1370; x_wconf 89' lang='lat' dir='ltr'>aliquid</span> 
     </span>
     <span class='ocr_line' id='line_1_17' title="bbox 369 1371 2077 1442; baseline 0 -17"><span class='ocrx_word' id='word_1_112' title='bbox 369 1371 498 1426; x_wconf 88' lang='lat' dir='ltr'>mali</span> <span class='ocrx_word' id='word_1_113' title='bbox 546 1371 814 1439; x_wconf 79' lang='lat' dir='ltr'>suasisse,</span> <span class='ocrx_word' id='word_1_114' title='bbox 863 1379 928 1424; x_wconf 91' lang='lat' dir='ltr'>ut</span> <span class='ocrx_word' id='word_1_115' title='bbox 982 1371 1030 1425; x_wconf 91' lang='lat' dir='ltr'>si</span> <span class='ocrx_word' id='word_1_116' title='bbox 1081 1371 1175 1440; x_wconf 91' lang='lat' dir='ltr'>qui</span> <span class='ocrx_word' id='word_1_117' title='bbox 1213 1392 1428 1440; x_wconf 89' lang='lat' dir='ltr'>eorum,</span> <span class='ocrx_word' id='word_1_118' title='bbox 1481 1373 1575 1442; x_wconf 91' lang='lat' dir='ltr'>qui</span> <span class='ocrx_word' id='word_1_119' title='bbox 1622 1391 1752 1432; x_wconf 88' lang='lat' dir='ltr'>suos</span> <span class='ocrx_word' id='word_1_120' title='bbox 1799 1390 2077 1426; x_wconf 88' lang='lat' dir='ltr'>sermones</span> 
     </span>
     <span class='ocr_line' id='line_1_18' title="bbox 372 1441 2078 1516; baseline 0 -19"><span class='ocrx_word' id='word_1_121' title='bbox 372 1442 712 1510; x_wconf 80' lang='lat' dir='ltr'>audiverint,</span> <span class='ocrx_word' id='word_1_122' title='bbox 761 1441 997 1512; x_wconf 89' lang='lat' dir='ltr'>denique</span> <span class='ocrx_word' id='word_1_123' title='bbox 1037 1443 1317 1497; x_wconf 86' lang='lat' dir='ltr'>extiterint</span> <span class='ocrx_word' id='word_1_124' title='bbox 1350 1445 1506 1514; x_wconf 88' lang='lat' dir='ltr'>pravi</span> <span class='ocrx_word' id='word_1_125' title='bbox 1542 1443 1631 1498; x_wconf 87' lang='lat' dir='ltr'>vel</span> <span class='ocrx_word' id='word_1_126' title='bbox 1667 1444 1920 1516; x_wconf 85' lang='lat' dir='ltr'>improbi,</span> <span class='ocrx_word' id='word_1_127' title='bbox 1959 1444 2078 1515; x_wconf 88' lang='lat' dir='ltr'>ipse</span> 
     </span>
     <span class='ocr_line' id='line_1_19' title="bbox 372 1514 2079 1586; baseline 0 -18"><span class='ocrx_word' id='word_1_128' title='bbox 372 1515 490 1568; x_wconf 90' lang='lat' dir='ltr'>eius</span> <span class='ocrx_word' id='word_1_129' title='bbox 538 1514 637 1580; x_wconf 65' lang='lat' dir='ltr'>rei&gt;</span> <span class='ocrx_word' id='word_1_130' title='bbox 667 1515 886 1586; x_wconf 86' lang='lat' dir='ltr'>culpam</span> <span class='ocrx_word' id='word_1_131' title='bbox 937 1515 1140 1568; x_wconf 90' lang='lat' dir='ltr'>nullam</span> <span class='ocrx_word' id='word_1_132' title='bbox 1191 1515 1472 1569; x_wconf 87' lang='lat' dir='ltr'>sustineat.</span> <span class='ocrx_word' id='word_1_133' title='bbox 1548 1515 1706 1583; x_wconf 79' lang='lat' dir='ltr'>Quae</span> <span class='ocrx_word' id='word_1_134' title='bbox 1743 1516 1926 1569; x_wconf 89' lang='lat' dir='ltr'>omnia</span> <span class='ocrx_word' id='word_1_135' title='bbox 1961 1534 2079 1568; x_wconf 88' lang='lat' dir='ltr'>rur-</span> 
     </span>
     <span class='ocr_line' id='line_1_20' title="bbox 372 1585 2080 1655; baseline -0.001 -15"><span class='ocrx_word' id='word_1_136' title='bbox 372 1605 464 1640; x_wconf 85' lang='lat' dir='ltr'>sus</span> <span class='ocrx_word' id='word_1_137' title='bbox 502 1585 760 1639; x_wconf 88' lang='lat' dir='ltr'>videntur</span> <span class='ocrx_word' id='word_1_138' title='bbox 797 1586 877 1638; x_wconf 89' lang='lat' dir='ltr'>ita</span> <span class='ocrx_word' id='word_1_139' title='bbox 915 1585 1062 1640; x_wconf 89' lang='lat' dir='ltr'>dicta</span> <span class='ocrx_word' id='word_1_140' title='bbox 1099 1605 1246 1655; x_wconf 89' lang='lat' dir='ltr'>esse,</span> <span class='ocrx_word' id='word_1_141' title='bbox 1285 1595 1348 1640; x_wconf 91' lang='lat' dir='ltr'>ut</span> <span class='ocrx_word' id='word_1_142' title='bbox 1387 1587 1458 1639; x_wconf 89' lang='lat' dir='ltr'>ad</span> <span class='ocrx_word' id='word_1_143' title='bbox 1494 1587 1768 1641; x_wconf 88' lang='lat' dir='ltr'>historiae</span> <span class='ocrx_word' id='word_1_144' title='bbox 1792 1586 1958 1640; x_wconf 88' lang='lat' dir='ltr'>fidem</span> <span class='ocrx_word' id='word_1_145' title='bbox 1996 1585 2080 1640; x_wconf 84' lang='lat' dir='ltr'>di-</span> 
     </span>
     <span class='ocr_line' id='line_1_21' title="bbox 370 1657 2080 1729; baseline -0.001 -18"><span class='ocrx_word' id='word_1_146' title='bbox 370 1657 731 1729; x_wconf 83' lang='lat' dir='ltr'>ligentissime</span> <span class='ocrx_word' id='word_1_147' title='bbox 791 1657 902 1711; x_wconf 90' lang='lat' dir='ltr'>sint</span> <span class='ocrx_word' id='word_1_148' title='bbox 961 1667 1291 1729; x_wconf 87' lang='lat' dir='ltr'>comparata.</span> <span class='ocrx_word' id='word_1_149' title='bbox 1385 1659 1529 1712; x_wconf 87' lang='lat' dir='ltr'>Nam</span> <span class='ocrx_word' id='word_1_150' title='bbox 1591 1658 1876 1713; x_wconf 85' lang='lat' dir='ltr'>Socratem</span> <span class='ocrx_word' id='word_1_151' title='bbox 1923 1677 2080 1711; x_wconf 89' lang='lat' dir='ltr'>num-</span> 
     </span>
     <span class='ocr_line' id='line_1_22' title="bbox 374 1728 2080 1802; baseline 0.001 -20"><span class='ocrx_word' id='word_1_152' title='bbox 374 1749 537 1801; x_wconf 89' lang='lat' dir='ltr'>quam</span> <span class='ocrx_word' id='word_1_153' title='bbox 594 1747 716 1783; x_wconf 91' lang='lat' dir='ltr'>sese</span> <span class='ocrx_word' id='word_1_154' title='bbox 765 1728 1067 1799; x_wconf 89' lang='lat' dir='ltr'>sapientiae</span> <span class='ocrx_word' id='word_1_155' title='bbox 1132 1729 1413 1784; x_wconf 88' lang='lat' dir='ltr'>doctorem</span> <span class='ocrx_word' id='word_1_156' title='bbox 1474 1732 1781 1802; x_wconf 86' lang='lat' dir='ltr'>professum</span> <span class='ocrx_word' id='word_1_157' title='bbox 1842 1736 1938 1783; x_wconf 89' lang='lat' dir='ltr'>aut</span> <span class='ocrx_word' id='word_1_158' title='bbox 1998 1731 2080 1783; x_wconf 89' lang='lat' dir='ltr'>in—</span> 
     </span>
     <span class='ocr_line' id='line_1_23' title="bbox 373 1799 2080 1874; baseline -0.001 -19"><span class='ocrx_word' id='word_1_159' title='bbox 373 1800 676 1855; x_wconf 88' lang='lat' dir='ltr'>stitutionis</span> <span class='ocrx_word' id='word_1_160' title='bbox 742 1799 1045 1854; x_wconf 87' lang='lat' dir='ltr'>mercedem</span> <span class='ocrx_word' id='word_1_161' title='bbox 1102 1802 1318 1874; x_wconf 82' lang='lat' dir='ltr'>exigere</span> <span class='ocrx_word' id='word_1_162' title='bbox 1369 1802 1589 1856; x_wconf 89' lang='lat' dir='ltr'>solitum</span> <span class='ocrx_word' id='word_1_163' title='bbox 1647 1821 1795 1870; x_wconf 89' lang='lat' dir='ltr'>esse,</span> <span class='ocrx_word' id='word_1_164' title='bbox 1855 1801 1913 1854; x_wconf 88' lang='lat' dir='ltr'>in</span> <span class='ocrx_word' id='word_1_165' title='bbox 1960 1801 2080 1854; x_wconf 87' lang='lat' dir='ltr'>vul-</span> 
     </span>
     <span class='ocr_line' id='line_1_24' title="bbox 372 1872 2079 1945; baseline 0 -19"><span class='ocrx_word' id='word_1_166' title='bbox 372 1892 476 1945; x_wconf 85' lang='lat' dir='ltr'>gus</span> <span class='ocrx_word' id='word_1_167' title='bbox 532 1879 724 1925; x_wconf 89' lang='lat' dir='ltr'>notum</span> <span class='ocrx_word' id='word_1_168' title='bbox 774 1879 885 1941; x_wconf 89' lang='lat' dir='ltr'>est,</span> <span class='ocrx_word' id='word_1_169' title='bbox 952 1879 1017 1925; x_wconf 91' lang='lat' dir='ltr'>ut</span> <span class='ocrx_word' id='word_1_170' title='bbox 1064 1872 1230 1926; x_wconf 90' lang='lat' dir='ltr'>nullis</span> <span class='ocrx_word' id='word_1_171' title='bbox 1283 1893 1421 1943; x_wconf 90' lang='lat' dir='ltr'>opus</span> <span class='ocrx_word' id='word_1_172' title='bbox 1472 1874 1547 1927; x_wconf 85' lang='lat' dir='ltr'>sit</span> <span class='ocrx_word' id='word_1_173' title='bbox 1604 1875 1684 1927; x_wconf 91' lang='lat' dir='ltr'>rei</span> <span class='ocrx_word' id='word_1_174' title='bbox 1731 1873 2079 1927; x_wconf 84' lang='lat' dir='ltr'>testimoniis.</span> 
     </span>
     <span class='ocr_line' id='line_1_25' title="bbox 373 1942 2081 2018; baseline 0 -21"><span class='ocrx_word' id='word_1_175' title='bbox 373 1946 453 2014; x_wconf 85' lang='lat' dir='ltr'>(v.</span> <span class='ocrx_word' id='word_1_176' title='bbox 512 1942 879 1997; x_wconf 85' lang='lat' dir='ltr'>Commentar.</span> <span class='ocrx_word' id='word_1_177' title='bbox 927 1951 1098 1997; x_wconf 89' lang='lat' dir='ltr'>nostr.</span> <span class='ocrx_word' id='word_1_178' title='bbox 1156 1943 1226 1997; x_wconf 91' lang='lat' dir='ltr'>ad</span> <span class='ocrx_word' id='word_1_179' title='bbox 1265 1945 1506 2018; x_wconf 85' lang='lat' dir='ltr'>Apolog.</span> <span class='ocrx_word' id='word_1_180' title='bbox 1553 1965 1609 2016; x_wconf 85' lang='lat' dir='ltr'>p.</span> <span class='ocrx_word' id='word_1_181' title='bbox 1664 1949 1749 2000; x_wconf 79' lang='lat'>19.</span> <span class='ocrx_word' id='word_1_182' title='bbox 1801 1945 1903 2014; x_wconf 85' lang='lat' dir='ltr'>D.)</span> <span class='ocrx_word' id='word_1_183' title='bbox 1978 1945 2081 1999; x_wconf 71' lang='lat' dir='ltr'>Ni-</span> 
     </span>
     <span class='ocr_line' id='line_1_26' title="bbox 372 2015 2081 2087; baseline 0.001 -18"><span class='ocrx_word' id='word_1_184' title='bbox 372 2016 569 2069; x_wconf 90' lang='lat' dir='ltr'>mirum</span> <span class='ocrx_word' id='word_1_185' title='bbox 619 2015 734 2086; x_wconf 86' lang='lat' dir='ltr'>egit</span> <span class='ocrx_word' id='word_1_186' title='bbox 790 2015 883 2068; x_wconf 90' lang='lat' dir='ltr'>ille</span> <span class='ocrx_word' id='word_1_187' title='bbox 930 2015 1148 2069; x_wconf 88' lang='lat' dir='ltr'>omnino</span> <span class='ocrx_word' id='word_1_188' title='bbox 1199 2023 1383 2087; x_wconf 88' lang='lat' dir='ltr'>partes</span> <span class='ocrx_word' id='word_1_189' title='bbox 1431 2018 1731 2071; x_wconf 91' lang='lat' dir='ltr'>contrarias</span> <span class='ocrx_word' id='word_1_190' title='bbox 1775 2025 1940 2085; x_wconf 88' lang='lat' dir='ltr'>atque</span> <span class='ocrx_word' id='word_1_191' title='bbox 1992 2035 2081 2070; x_wconf 88' lang='lat' dir='ltr'>so·-</span> 
     </span>
     <span class='ocr_line' id='line_1_27' title="bbox 372 2086 2081 2160; baseline 0.001 -21"><span class='ocrx_word' id='word_1_192' title='bbox 372 2087 589 2158; x_wconf 89' lang='lat' dir='ltr'>phistae</span> <span class='ocrx_word' id='word_1_193' title='bbox 638 2088 917 2152; x_wconf 82' lang='lat' dir='ltr'>fecerunt3</span> <span class='ocrx_word' id='word_1_194' title='bbox 983 2086 1041 2139; x_wconf 92' lang='lat' dir='ltr'>hi</span> <span class='ocrx_word' id='word_1_195' title='bbox 1101 2088 1244 2140; x_wconf 82' lang='lat' dir='ltr'>enim</span> <span class='ocrx_word' id='word_1_196' title='bbox 1292 2095 1347 2141; x_wconf 90' lang='lat' dir='ltr'>et</span> <span class='ocrx_word' id='word_1_197' title='bbox 1392 2089 1688 2160; x_wconf 88' lang='lat' dir='ltr'>sapientiae</span> <span class='ocrx_word' id='word_1_198' title='bbox 1753 2089 2081 2157; x_wconf 85' lang='lat' dir='ltr'>virtutisque</span> 
     </span>
     <span class='ocr_line' id='line_1_28' title="bbox 376 2157 2081 2229; baseline 0.001 -18"><span class='ocrx_word' id='word_1_199' title='bbox 376 2157 632 2212; x_wconf 90' lang='lat' dir='ltr'>doctores</span> <span class='ocrx_word' id='word_1_200' title='bbox 678 2157 872 2211; x_wconf 90' lang='lat' dir='ltr'>haberi</span> <span class='ocrx_word' id='word_1_201' title='bbox 923 2158 1222 2229; x_wconf 89' lang='lat' dir='ltr'>cupiebant</span> <span class='ocrx_word' id='word_1_202' title='bbox 1275 2167 1359 2228; x_wconf 90' lang='lat' dir='ltr'>et,</span> <span class='ocrx_word' id='word_1_203' title='bbox 1425 2159 1579 2214; x_wconf 88' lang='lat' dir='ltr'>ducti</span> <span class='ocrx_word' id='word_1_204' title='bbox 1638 2160 1781 2214; x_wconf 87' lang='lat' dir='ltr'>mala</span> <span class='ocrx_word' id='word_1_205' title='bbox 1832 2160 2081 2227; x_wconf 88' lang='lat' dir='ltr'>avaritia,</span> 
     </span>
     <span class='ocr_line' id='line_1_29' title="bbox 375 2229 2083 2303; baseline 0.001 -21"><span class='ocrx_word' id='word_1_206' title='bbox 375 2229 574 2301; x_wconf 86' lang='lat' dir='ltr'>ingens</span> <span class='ocrx_word' id='word_1_207' title='bbox 615 2248 778 2302; x_wconf 91' lang='lat' dir='ltr'>saepe</span> <span class='ocrx_word' id='word_1_208' title='bbox 816 2249 1015 2300; x_wconf 89' lang='lat' dir='ltr'>operae</span> <span class='ocrx_word' id='word_1_209' title='bbox 1053 2249 1182 2284; x_wconf 90' lang='lat' dir='ltr'>suae</span> <span class='ocrx_word' id='word_1_210' title='bbox 1219 2233 1455 2302; x_wconf 89' lang='lat' dir='ltr'>pretium</span> <span class='ocrx_word' id='word_1_211' title='bbox 1493 2231 1876 2303; x_wconf 81' lang='lat' dir='ltr'>postulabant,</span> <span class='ocrx_word' id='word_1_212' title='bbox 1916 2248 2083 2302; x_wconf 88' lang='lat' dir='ltr'>quum</span> 
     </span>
     <span class='ocr_line' id='line_1_30' title="bbox 374 2300 2083 2373; baseline 0.001 -19"><span class='ocrx_word' id='word_1_213' title='bbox 374 2301 467 2355; x_wconf 88' lang='lat' dir='ltr'>ille</span> <span class='ocrx_word' id='word_1_214' title='bbox 503 2301 868 2373; x_wconf 88' lang='lat' dir='ltr'>pauperculus</span> <span class='ocrx_word' id='word_1_215' title='bbox 906 2300 1131 2373; x_wconf 82' lang='lat' dir='ltr'>degeret</span> <span class='ocrx_word' id='word_1_216' title='bbox 1165 2302 1335 2356; x_wconf 84' lang='lat' dir='ltr'>vitam</span> <span class='ocrx_word' id='word_1_217' title='bbox 1367 2311 1532 2373; x_wconf 87' lang='lat' dir='ltr'>atque</span> <span class='ocrx_word' id='word_1_218' title='bbox 1569 2304 1916 2357; x_wconf 88' lang='lat' dir='ltr'>inscientiam</span> <span class='ocrx_word' id='word_1_219' title='bbox 1951 2321 2083 2373; x_wconf 89' lang='lat' dir='ltr'>prae</span> 
     </span>
     <span class='ocr_line' id='line_1_31' title="bbox 376 2371 2084 2446; baseline 0 -20"><span class='ocrx_word' id='word_1_220' title='bbox 376 2392 435 2426; x_wconf 91' lang='lat' dir='ltr'>se</span> <span class='ocrx_word' id='word_1_221' title='bbox 463 2374 653 2438; x_wconf 84' lang='lat' dir='ltr'>ferret3</span> <span class='ocrx_word' id='word_1_222' title='bbox 694 2380 750 2426; x_wconf 91' lang='lat' dir='ltr'>et</span> <span class='ocrx_word' id='word_1_223' title='bbox 772 2371 901 2425; x_wconf 90' lang='lat' dir='ltr'>dum</span> <span class='ocrx_word' id='word_1_224' title='bbox 938 2373 1051 2442; x_wconf 89' lang='lat' dir='ltr'>isti,</span> <span class='ocrx_word' id='word_1_225' title='bbox 1089 2393 1196 2444; x_wconf 92' lang='lat' dir='ltr'>quo</span> <span class='ocrx_word' id='word_1_226' title='bbox 1236 2374 1442 2446; x_wconf 84' lang='lat' dir='ltr'>ingenii</span> <span class='ocrx_word' id='word_1_227' title='bbox 1483 2383 1578 2427; x_wconf 84' lang='lat' dir='ltr'>aut</span> <span class='ocrx_word' id='word_1_228' title='bbox 1607 2374 1886 2428; x_wconf 87' lang='lat' dir='ltr'>doctrinae</span> <span class='ocrx_word' id='word_1_229' title='bbox 1924 2392 2084 2444; x_wconf 87' lang='lat' dir='ltr'>prae-</span> 
     </span>
     <span class='ocr_line' id='line_1_32' title="bbox 375 2445 2085 2515; baseline 0 -18"><span class='ocrx_word' id='word_1_230' title='bbox 375 2445 635 2497; x_wconf 89' lang='lat' dir='ltr'>stantiam</span> <span class='ocrx_word' id='word_1_231' title='bbox 713 2451 1082 2512; x_wconf 86' lang='lat' dir='ltr'>ostentarent,</span> <span class='ocrx_word' id='word_1_232' title='bbox 1155 2454 1423 2515; x_wconf 88' lang='lat' dir='ltr'>perpetua</span> <span class='ocrx_word' id='word_1_233' title='bbox 1483 2446 1729 2498; x_wconf 88' lang='lat' dir='ltr'>oratione</span> <span class='ocrx_word' id='word_1_234' title='bbox 1787 2446 2085 2499; x_wconf 89' lang='lat' dir='ltr'>utebantur</span> 
     </span>
     <span class='ocr_line' id='line_1_33' title="bbox 378 2515 2084 2586; baseline 0 -18"><span class='ocrx_word' id='word_1_235' title='bbox 378 2515 747 2584; x_wconf 88' lang='lat' dir='ltr'>dicebantque</span> <span class='ocrx_word' id='word_1_236' title='bbox 782 2516 895 2567; x_wconf 87' lang='lat' dir='ltr'>fere</span> <span class='ocrx_word' id='word_1_237' title='bbox 942 2515 1378 2586; x_wconf 87' lang='lat' dir='ltr'>magnificentius</span> <span class='ocrx_word' id='word_1_238' title='bbox 1419 2515 1829 2570; x_wconf 89' lang='lat' dir='ltr'>admirationem</span> <span class='ocrx_word' id='word_1_239' title='bbox 1868 2524 1923 2569; x_wconf 85' lang='lat' dir='ltr'>et</span> <span class='ocrx_word' id='word_1_240' title='bbox 1998 2535 2084 2568; x_wconf 90' lang='lat' dir='ltr'>ra·</span> 
     </span>
     <span class='ocr_line' id='line_1_34' title="bbox 375 2585 2080 2655; baseline 0.002 -17"><span class='ocrx_word' id='word_1_241' title='bbox 375 2586 507 2639; x_wconf 91' lang='lat' dir='ltr'>tiam</span> <span class='ocrx_word' id='word_1_242' title='bbox 545 2585 881 2639; x_wconf 88' lang='lat' dir='ltr'>audientium</span> <span class='ocrx_word' id='word_1_243' title='bbox 919 2586 1229 2655; x_wconf 88' lang='lat' dir='ltr'>collecturi,</span> <span class='ocrx_word' id='word_1_244' title='bbox 1286 2586 1542 2642; x_wconf 88' lang='lat' dir='ltr'>Socrates</span> <span class='ocrx_word' id='word_1_245' title='bbox 1592 2595 1784 2640; x_wconf 88' lang='lat' dir='ltr'>contra</span> <span class='ocrx_word' id='word_1_246' title='bbox 1819 2588 1973 2641; x_wconf 87' lang='lat' dir='ltr'>brevi</span> <span class='ocrx_word' id='word_1_247' title='bbox 2014 2605 2080 2641; x_wconf 89' lang='lat' dir='ltr'>us</span> 
     </span>
     <span class='ocr_line' id='line_1_35' title="bbox 377 2656 2082 2728; baseline 0.001 -18"><span class='ocrx_word' id='word_1_248' title='bbox 377 2664 436 2710; x_wconf 90' lang='lat' dir='ltr'>et</span> <span class='ocrx_word' id='word_1_249' title='bbox 469 2657 571 2711; x_wconf 90' lang='lat' dir='ltr'>sim</span> <span class='ocrx_word' id='word_1_250' title='bbox 615 2657 809 2711; x_wconf 88' lang='lat' dir='ltr'>licibus</span> <span class='ocrx_word' id='word_1_251' title='bbox 849 2656 1261 2725; x_wconf 88' lang='lat' dir='ltr'>quaestionibus</span> <span class='ocrx_word' id='word_1_252' title='bbox 1298 2658 1582 2727; x_wconf 88' lang='lat' dir='ltr'>utebatur,</span> <span class='ocrx_word' id='word_1_253' title='bbox 1625 2659 1822 2728; x_wconf 85' lang='lat' dir='ltr'>quibus</span> <span class='ocrx_word' id='word_1_254' title='bbox 1858 2667 2082 2728; x_wconf 91' lang='lat' dir='ltr'>torque-</span> 
     </span>
     <span class='ocr_line' id='line_1_36' title="bbox 378 2728 2084 2800; baseline 0.002 -19"><span class='ocrx_word' id='word_1_255' title='bbox 378 2736 460 2781; x_wconf 89' lang='lat' dir='ltr'>ret</span> <span class='ocrx_word' id='word_1_256' title='bbox 519 2747 583 2781; x_wconf 92' lang='lat' dir='ltr'>co</span> <span class='ocrx_word' id='word_1_257' title='bbox 609 2728 950 2798; x_wconf 90' lang='lat' dir='ltr'>loquentium</span> <span class='ocrx_word' id='word_1_258' title='bbox 1009 2728 1258 2800; x_wconf 82' lang='lat' dir='ltr'>ingenia,</span> <span class='ocrx_word' id='word_1_259' title='bbox 1321 2730 1717 2800; x_wconf 88' lang='lat' dir='ltr'>maximamque</span> <span class='ocrx_word' id='word_1_260' title='bbox 1768 2731 2084 2784; x_wconf 87' lang='lat' dir='ltr'>sectabatur</span> 
     </span>
     <span class='ocr_line' id='line_1_37' title="bbox 378 2799 2083 2874; baseline 0.002 -21"><span class='ocrx_word' id='word_1_261' title='bbox 378 2799 730 2868; x_wconf 86' lang='lat' dir='ltr'>colloquendi</span> <span class='ocrx_word' id='word_1_262' title='bbox 763 2799 1215 2870; x_wconf 86' lang='lat' dir='ltr'>popularitatem,</span> <span class='ocrx_word' id='word_1_263' title='bbox 1257 2819 1396 2871; x_wconf 92' lang='lat' dir='ltr'>quae</span> <span class='ocrx_word' id='word_1_264' title='bbox 1438 2801 1642 2855; x_wconf 90' lang='lat' dir='ltr'>nullam</span> <span class='ocrx_word' id='word_1_265' title='bbox 1678 2803 1841 2874; x_wconf 88' lang='lat' dir='ltr'>plane</span> <span class='ocrx_word' id='word_1_266' title='bbox 1880 2802 2083 2856; x_wconf 88' lang='lat' dir='ltr'>doctri-</span> 
     </span>
     <span class='ocr_line' id='line_1_38' title="bbox 379 2870 2082 2944; baseline 0.001 -20"><span class='ocrx_word' id='word_1_267' title='bbox 379 2889 483 2924; x_wconf 88' lang='lat' dir='ltr'>nae</span> <span class='ocrx_word' id='word_1_268' title='bbox 510 2879 565 2924; x_wconf 91' lang='lat' dir='ltr'>et</span> <span class='ocrx_word' id='word_1_269' title='bbox 596 2870 920 2924; x_wconf 89' lang='lat' dir='ltr'>eruditionis</span> <span class='ocrx_word' id='word_1_270' title='bbox 959 2871 1198 2940; x_wconf 89' lang='lat' dir='ltr'>speciem</span> <span class='ocrx_word' id='word_1_271' title='bbox 1235 2891 1365 2944; x_wconf 90' lang='lat' dir='ltr'>prae</span> <span class='ocrx_word' id='word_1_272' title='bbox 1405 2891 1463 2926; x_wconf 88' lang='lat' dir='ltr'>se</span> <span class='ocrx_word' id='word_1_273' title='bbox 1500 2873 1695 2938; x_wconf 84' lang='lat' dir='ltr'>ferret3</span> <span class='ocrx_word' id='word_1_274' title='bbox 1733 2873 1878 2928; x_wconf 86' lang='lat' dir='ltr'>unde</span> <span class='ocrx_word' id='word_1_275' title='bbox 1919 2874 2082 2927; x_wconf 86' lang='lat' dir='ltr'>etiam</span> 
     </span>
     <span class='ocr_line' id='line_1_39' title="bbox 379 2941 2081 3015; baseline 0.002 -20"><span class='ocrx_word' id='word_1_276' title='bbox 379 2961 505 2995; x_wconf 89' lang='lat' dir='ltr'>cum</span> <span class='ocrx_word' id='word_1_277' title='bbox 539 2941 758 2995; x_wconf 91' lang='lat' dir='ltr'>infimae</span> <span class='ocrx_word' id='word_1_278' title='bbox 797 2941 1128 2997; x_wconf 89' lang='lat' dir='ltr'>conditionis</span> <span class='ocrx_word' id='word_1_279' title='bbox 1166 2943 1506 3013; x_wconf 87' lang='lat' dir='ltr'>hominibus,</span> <span class='ocrx_word' id='word_1_280' title='bbox 1546 2964 1668 2998; x_wconf 91' lang='lat' dir='ltr'>cum</span> <span class='ocrx_word' id='word_1_281' title='bbox 1707 2946 1908 3015; x_wconf 86' lang='lat' dir='ltr'>fabris,</span> <span class='ocrx_word' id='word_1_282' title='bbox 1957 2964 2081 2998; x_wconf 89' lang='lat' dir='ltr'>cum</span> 
     </span>
     <span class='ocr_line' id='line_1_40' title="bbox 380 3012 2079 3085; baseline 0.002 -19"><span class='ocrx_word' id='word_1_283' title='bbox 380 3013 688 3083; x_wconf 81' lang='lat' dir='ltr'>sutoribuS,</span> <span class='ocrx_word' id='word_1_284' title='bbox 744 3031 867 3067; x_wconf 92' lang='lat' dir='ltr'>cum</span> <span class='ocrx_word' id='word_1_285' title='bbox 905 3012 1130 3083; x_wconf 90' lang='lat' dir='ltr'>baiulis,</span> <span class='ocrx_word' id='word_1_286' title='bbox 1181 3015 1559 3070; x_wconf 78' lang='lat' dir='ltr'>confabulatus</span> <span class='ocrx_word' id='word_1_287' title='bbox 1598 3024 1696 3072; x_wconf 86' lang='lat' dir='ltr'>est.</span> <span class='ocrx_word' id='word_1_288' title='bbox 1770 3017 1859 3070; x_wconf 90' lang='lat' dir='ltr'>Ita</span> <span class='ocrx_word' id='word_1_289' title='bbox 1893 3016 2079 3085; x_wconf 87' lang='lat' dir='ltr'>fiebat,</span> 
     </span>
     <span class='ocr_line' id='line_1_41' title="bbox 379 3084 2081 3159; baseline 0.002 -22"><span class='ocrx_word' id='word_1_290' title='bbox 379 3092 443 3138; x_wconf 92' lang='lat' dir='ltr'>ut</span> <span class='ocrx_word' id='word_1_291' title='bbox 478 3085 660 3138; x_wconf 84' lang='lat' dir='ltr'>omnia</span> <span class='ocrx_word' id='word_1_292' title='bbox 694 3084 981 3155; x_wconf 88' lang='lat' dir='ltr'>colloquiis</span> <span class='ocrx_word' id='word_1_293' title='bbox 1017 3085 1402 3155; x_wconf 85' lang='lat' dir='ltr'>familiaribuS,</span> <span class='ocrx_word' id='word_1_294' title='bbox 1450 3087 1585 3140; x_wconf 91' lang='lat' dir='ltr'>nihil</span> <span class='ocrx_word' id='word_1_295' title='bbox 1622 3088 1798 3143; x_wconf 88' lang='lat' dir='ltr'>doctis</span> <span class='ocrx_word' id='word_1_296' title='bbox 1835 3088 2081 3159; x_wconf 88' lang='lat' dir='ltr'>disputa-</span> 
     </span>
     <span class='ocr_line' id='line_1_42' title="bbox 380 3156 2079 3230; baseline 0.002 -21"><span class='ocrx_word' id='word_1_297' title='bbox 380 3156 625 3210; x_wconf 86' lang='lat' dir='ltr'>tionibus</span> <span class='ocrx_word' id='word_1_298' title='bbox 662 3163 758 3210; x_wconf 88' lang='lat' dir='ltr'>aut</span> <span class='ocrx_word' id='word_1_299' title='bbox 794 3156 1129 3211; x_wconf 85' lang='lat' dir='ltr'>orationibus</span> <span class='ocrx_word' id='word_1_300' title='bbox 1166 3177 1429 3230; x_wconf 82' lang='lat' dir='ltr'>peragere</span> <span class='ocrx_word' id='word_1_301' title='bbox 1466 3159 1775 3230; x_wconf 82' lang='lat' dir='ltr'>videretur,</span> <span class='ocrx_word' id='word_1_302' title='bbox 1829 3159 2079 3228; x_wconf 88' lang='lat' dir='ltr'>adeoque</span> 
     </span>
     <span class='ocr_line' id='line_1_43' title="bbox 381 3226 2079 3301; baseline 0.002 -21"><span class='ocrx_word' id='word_1_303' title='bbox 381 3227 586 3281; x_wconf 85' lang='lat' dir='ltr'>nullam</span> <span class='ocrx_word' id='word_1_304' title='bbox 635 3227 882 3281; x_wconf 83' lang='lat' dir='ltr'>docentis</span> <span class='ocrx_word' id='word_1_305' title='bbox 929 3226 1144 3281; x_wconf 88' lang='lat' dir='ltr'>laudem</span> <span class='ocrx_word' id='word_1_306' title='bbox 1194 3236 1247 3282; x_wconf 88' lang='lat' dir='ltr'>et</span> <span class='ocrx_word' id='word_1_307' title='bbox 1282 3230 1513 3301; x_wconf 85' lang='lat' dir='ltr'>gratiam</span> <span class='ocrx_word' id='word_1_308' title='bbox 1551 3233 1638 3285; x_wconf 87' lang='lat' dir='ltr'>vel</span> <span class='ocrx_word' id='word_1_309' title='bbox 1674 3231 1955 3284; x_wconf 84' lang='lat' dir='ltr'>affectaret</span> <span class='ocrx_word' id='word_1_310' title='bbox 1990 3232 2079 3283; x_wconf 83' lang='lat' dir='ltr'>vel</span> 
     </span>
     <span class='ocr_line' id='line_1_44' title="bbox 382 3298 2078 3371; baseline 0.001 -19"><span class='ocrx_word' id='word_1_311' title='bbox 382 3298 683 3371; x_wconf 87' lang='lat' dir='ltr'>colligeret.</span> <span class='ocrx_word' id='word_1_312' title='bbox 758 3298 984 3352; x_wconf 87' lang='lat' dir='ltr'>Accidit</span> <span class='ocrx_word' id='word_1_313' title='bbox 1028 3306 1211 3354; x_wconf 87' lang='lat' dir='ltr'>tamen</span> <span class='ocrx_word' id='word_1_314' title='bbox 1257 3301 1494 3371; x_wconf 89' lang='lat' dir='ltr'>interea,</span> <span class='ocrx_word' id='word_1_315' title='bbox 1544 3310 1607 3355; x_wconf 95' lang='lat' dir='ltr'>ut</span> <span class='ocrx_word' id='word_1_316' title='bbox 1654 3320 1928 3357; x_wconf 87' lang='lat' dir='ltr'>sermones</span> <span class='ocrx_word' id='word_1_317' title='bbox 1979 3302 2078 3355; x_wconf 90' lang='lat' dir='ltr'>ho-</span> 
     </span>
     <span class='ocr_line' id='line_1_45' title="bbox 382 3369 2076 3444; baseline 0.002 -21"><span class='ocrx_word' id='word_1_318' title='bbox 382 3370 542 3424; x_wconf 86' lang='lat' dir='ltr'>minis</span> <span class='ocrx_word' id='word_1_319' title='bbox 590 3369 1015 3443; x_wconf 88' lang='lat' dir='ltr'>ingeniosissimi</span> <span class='ocrx_word' id='word_1_320' title='bbox 1062 3371 1205 3426; x_wconf 84' lang='lat' dir='ltr'>ultro</span> <span class='ocrx_word' id='word_1_321' title='bbox 1261 3380 1639 3444; x_wconf 87' lang='lat' dir='ltr'>expeterentur</span> <span class='ocrx_word' id='word_1_322' title='bbox 1695 3373 1956 3443; x_wconf 89' lang='lat' dir='ltr'>imprimis</span> <span class='ocrx_word' id='word_1_323' title='bbox 2009 3374 2076 3426; x_wconf 91' lang='lat' dir='ltr'>ab</span> 
     </span>
    </p>
   </div>
  </div>
 </body>
</html>
