<?xml version="1.0" encoding="UTF-8"?>
<!DOCTYPE html PUBLIC "-//W3C//DTD XHTML 1.0 Transitional//EN"
    "http://www.w3.org/TR/xhtml1/DTD/xhtml1-transitional.dtd">
<html xmlns="http://www.w3.org/1999/xhtml" xml:lang="en" lang="en">
 <head>
  <title>
</title>
<meta http-equiv="Content-Type" content="text/html;charset=utf-8" />
  <meta name='ocr-system' content='tesseract 3.04.00' />
  <meta name='ocr-capabilities' content='ocr_page ocr_carea ocr_par ocr_line ocrx_word'/>
</head>
<body>
  <div class='ocr_page' id='page_1' title='image "./operaomniarecens01platuoft/operaomniarecens01platuoft_0116.png"; bbox 0 0 2222 3762; ppageno 0'>
   <div class='ocr_carea' id='block_1_1' title="bbox 417 187 1649 243">
    <p class='ocr_par' dir='ltr' id='par_1_1' title="bbox 417 187 1649 243">
     <span class='ocr_line' id='line_1_1' title="bbox 417 187 1649 243; baseline 0.001 -2"><span class='ocrx_word' id='word_1_1' title='bbox 417 190 485 241; x_wconf 81' lang='lat'>38</span> <span class='ocrx_word' id='word_1_2' title='bbox 886 187 1499 243; x_wconf 81' lang='lat' dir='ltr'><strong>PROLEGOMENA</strong></span> <span class='ocrx_word' id='word_1_3' title='bbox 1540 190 1649 242; x_wconf 57' lang='lat' dir='ltr'>Ad)</span> 
     </span>
    </p>
   </div>
   <div class='ocr_carea' id='block_1_2' title="bbox 404 328 2129 3470">
    <p class='ocr_par' dir='ltr' id='par_1_2' title="bbox 404 328 2129 3470">
     <span class='ocr_line' id='line_1_2' title="bbox 416 328 2125 402; baseline 0.001 -19"><span class='ocrx_word' id='word_1_4' title='bbox 416 332 762 385; x_wconf 74' lang='lat' dir='ltr'>innocentem</span> <span class='ocrx_word' id='word_1_5' title='bbox 796 337 1024 402; x_wconf 83' lang='lat' dir='ltr'>possent</span> <span class='ocrx_word' id='word_1_6' title='bbox 1062 330 1375 383; x_wconf 84' lang='lat' dir='ltr'>exacerbari</span> <span class='ocrx_word' id='word_1_7' title='bbox 1424 339 1481 384; x_wconf 90' lang='lat' dir='ltr'>et</span> <span class='ocrx_word' id='word_1_8' title='bbox 1529 331 1600 384; x_wconf 89' lang='lat' dir='ltr'>ad</span> <span class='ocrx_word' id='word_1_9' title='bbox 1653 329 1886 384; x_wconf 82' lang='lat' dir='ltr'>calidius</span> <span class='ocrx_word' id='word_1_10' title='bbox 1937 328 2005 384; x_wconf 89' lang='lat' dir='ltr'>de</span> <span class='ocrx_word' id='word_1_11' title='bbox 2061 349 2125 384; x_wconf 90' lang='lat' dir='ltr'>eo</span> 
     </span>
     <span class='ocr_line' id='line_1_3' title="bbox 417 401 2124 474; baseline -0.001 -19"><span class='ocrx_word' id='word_1_12' title='bbox 417 402 676 456; x_wconf 89' lang='lat' dir='ltr'>iudicium</span> <span class='ocrx_word' id='word_1_13' title='bbox 725 402 1047 472; x_wconf 83' lang='lat' dir='ltr'><strong>permoveri.</strong></span> <span class='ocrx_word' id='word_1_14' title='bbox 1134 401 1351 454; x_wconf 81' lang='lat' dir='ltr'><strong>Etenim</strong></span> <span class='ocrx_word' id='word_1_15' title='bbox 1399 413 1658 474; x_wconf 89' lang='lat' dir='ltr'>coeperat</span> <span class='ocrx_word' id='word_1_16' title='bbox 1696 421 1827 456; x_wconf 85' lang='lat' dir='ltr'>sane</span> <span class='ocrx_word' id='word_1_17' title='bbox 1865 401 2124 472; x_wconf 84' lang='lat' dir='ltr'>populus,</span> 
     </span>
     <span class='ocr_line' id='line_1_4' title="bbox 418 472 2125 546; baseline 0 -19"><span class='ocrx_word' id='word_1_18' title='bbox 418 492 647 527; x_wconf 87' lang='lat' dir='ltr'>excussa</span> <span class='ocrx_word' id='word_1_19' title='bbox 682 473 907 546; x_wconf 85' lang='lat' dir='ltr'>triginta</span> <span class='ocrx_word' id='word_1_20' title='bbox 943 481 1298 544; x_wconf 82' lang='lat' dir='ltr'>tyrannorum</span> <span class='ocrx_word' id='word_1_21' title='bbox 1337 472 1728 542; x_wconf 79' lang='lat' dir='ltr'>dominatione,</span> <span class='ocrx_word' id='word_1_22' title='bbox 1769 492 1931 543; x_wconf 91' lang='lat' dir='ltr'>quam</span> <span class='ocrx_word' id='word_1_23' title='bbox 1965 475 2125 544; x_wconf 81' lang='lat' dir='ltr'>Any-</span> 
     </span>
     <span class='ocr_line' id='line_1_5' title="bbox 417 544 2127 616; baseline 0 -18"><span class='ocrx_word' id='word_1_24' title='bbox 417 553 506 599; x_wconf 91' lang='lat' dir='ltr'>tus</span> <span class='ocrx_word' id='word_1_25' title='bbox 555 564 776 614; x_wconf 88' lang='lat' dir='ltr'>quoque</span> <span class='ocrx_word' id='word_1_26' title='bbox 823 545 1037 598; x_wconf 85' lang='lat' dir='ltr'>fortiter</span> <span class='ocrx_word' id='word_1_27' title='bbox 1084 544 1532 615; x_wconf 81' lang='lat' dir='ltr'>impugnaverat,</span> <span class='ocrx_word' id='word_1_28' title='bbox 1594 545 1836 616; x_wconf 86' lang='lat' dir='ltr'>expulsis</span> <span class='ocrx_word' id='word_1_29' title='bbox 1900 544 2008 598; x_wconf 87' lang='lat' dir='ltr'>illis</span> <span class='ocrx_word' id='word_1_30' title='bbox 2069 546 2127 598; x_wconf 92' lang='lat' dir='ltr'>in</span> 
     </span>
     <span class='ocr_line' id='line_1_6' title="bbox 419 615 2126 688; baseline 0 -18"><span class='ocrx_word' id='word_1_31' title='bbox 419 616 639 670; x_wconf 87' lang='lat' dir='ltr'>civitate</span> <span class='ocrx_word' id='word_1_32' title='bbox 676 617 839 669; x_wconf 90' lang='lat' dir='ltr'>etiam</span> <span class='ocrx_word' id='word_1_33' title='bbox 876 616 1053 668; x_wconf 84' lang='lat' dir='ltr'>factus</span> <span class='ocrx_word' id='word_1_34' title='bbox 1081 615 1276 667; x_wconf 89' lang='lat' dir='ltr'>clarior</span> <span class='ocrx_word' id='word_1_35' title='bbox 1305 634 1368 668; x_wconf 89' lang='lat' dir='ltr'>ac</span> <span class='ocrx_word' id='word_1_36' title='bbox 1395 617 1692 686; x_wconf 84' lang='lat' dir='ltr'>potentior,</span> <span class='ocrx_word' id='word_1_37' title='bbox 1733 624 1990 686; x_wconf 88' lang='lat' dir='ltr'>coeperat</span> <span class='ocrx_word' id='word_1_38' title='bbox 2021 616 2126 688; x_wconf 85' lang='lat' dir='ltr'>igi-</span> 
     </span>
     <span class='ocr_line' id='line_1_7' title="bbox 417 686 2127 758; baseline 0.001 -18"><span class='ocrx_word' id='word_1_39' title='bbox 417 696 508 740; x_wconf 88' lang='lat' dir='ltr'>tur</span> <span class='ocrx_word' id='word_1_40' title='bbox 549 687 784 758; x_wconf 87' lang='lat' dir='ltr'>populus</span> <span class='ocrx_word' id='word_1_41' title='bbox 823 686 1088 757; x_wconf 78' lang='lat' dir='ltr'>pristinae</span> <span class='ocrx_word' id='word_1_42' title='bbox 1126 686 1456 757; x_wconf 89' lang='lat' dir='ltr'>reipublicae</span> <span class='ocrx_word' id='word_1_43' title='bbox 1497 688 1945 742; x_wconf 88' lang='lat' dir='ltr'>constitutionem</span> <span class='ocrx_word' id='word_1_44' title='bbox 1990 689 2127 742; x_wconf 85' lang='lat' dir='ltr'>adeo</span> 
     </span>
     <span class='ocr_line' id='line_1_8' title="bbox 418 757 2126 829; baseline 0.001 -17"><span class='ocrx_word' id='word_1_45' title='bbox 418 777 605 812; x_wconf 88' lang='lat' dir='ltr'>rursus</span> <span class='ocrx_word' id='word_1_46' title='bbox 644 757 897 829; x_wconf 80' lang='lat' dir='ltr'>amplecti</span> <span class='ocrx_word' id='word_1_47' title='bbox 946 777 1010 811; x_wconf 91' lang='lat' dir='ltr'>ac</span> <span class='ocrx_word' id='word_1_48' title='bbox 1049 757 1306 828; x_wconf 82' lang='lat' dir='ltr'>diligere,</span> <span class='ocrx_word' id='word_1_49' title='bbox 1363 767 1427 810; x_wconf 92' lang='lat' dir='ltr'>ut</span> <span class='ocrx_word' id='word_1_50' title='bbox 1462 759 1570 811; x_wconf 90' lang='lat' dir='ltr'>iam</span> <span class='ocrx_word' id='word_1_51' title='bbox 1612 759 1875 812; x_wconf 82' lang='lat' dir='ltr'>acerrime</span> <span class='ocrx_word' id='word_1_52' title='bbox 1915 759 2126 814; x_wconf 90' lang='lat' dir='ltr'>odisset</span> 
     </span>
     <span class='ocr_line' id='line_1_9' title="bbox 420 826 2127 902; baseline 0.001 -19"><span class='ocrx_word' id='word_1_53' title='bbox 420 847 632 898; x_wconf 89' lang='lat' dir='ltr'>omnes,</span> <span class='ocrx_word' id='word_1_54' title='bbox 697 829 791 897; x_wconf 90' lang='lat' dir='ltr'>qui</span> <span class='ocrx_word' id='word_1_55' title='bbox 840 826 907 881; x_wconf 90' lang='lat' dir='ltr'>de</span> <span class='ocrx_word' id='word_1_56' title='bbox 958 848 1140 882; x_wconf 89' lang='lat' dir='ltr'>rerum</span> <span class='ocrx_word' id='word_1_57' title='bbox 1201 848 1466 882; x_wconf 88' lang='lat' dir='ltr'>novarum</span> <span class='ocrx_word' id='word_1_58' title='bbox 1523 829 1823 901; x_wconf 89' lang='lat' dir='ltr'>cupiditate</span> <span class='ocrx_word' id='word_1_59' title='bbox 1886 833 2127 902; x_wconf 88' lang='lat' dir='ltr'>suspecti</span> 
     </span>
     <span class='ocr_line' id='line_1_10' title="bbox 417 899 2127 972; baseline 0.002 -20"><span class='ocrx_word' id='word_1_60' title='bbox 417 907 757 972; x_wconf 88' lang='lat' dir='ltr'>putarentur.</span> <span class='ocrx_word' id='word_1_61' title='bbox 833 899 900 952; x_wconf 89' lang='lat' dir='ltr'>In</span> <span class='ocrx_word' id='word_1_62' title='bbox 939 918 1168 969; x_wconf 87' lang='lat' dir='ltr'>quorum</span> <span class='ocrx_word' id='word_1_63' title='bbox 1203 919 1428 954; x_wconf 90' lang='lat' dir='ltr'>numero</span> <span class='ocrx_word' id='word_1_64' title='bbox 1469 919 1636 970; x_wconf 91' lang='lat' dir='ltr'>quum</span> <span class='ocrx_word' id='word_1_65' title='bbox 1659 901 1923 972; x_wconf 85' lang='lat' dir='ltr'>imprimis</span> <span class='ocrx_word' id='word_1_66' title='bbox 1953 903 2127 956; x_wconf 81' lang='lat' dir='ltr'>‘etiam</span> 
     </span>
     <span class='ocr_line' id='line_1_11' title="bbox 418 971 2127 1043; baseline 0.002 -19"><span class='ocrx_word' id='word_1_67' title='bbox 418 971 735 1042; x_wconf 83' lang='lat' dir='ltr'>philosophi</span> <span class='ocrx_word' id='word_1_68' title='bbox 773 990 837 1024; x_wconf 89' lang='lat' dir='ltr'>ac</span> <span class='ocrx_word' id='word_1_69' title='bbox 877 971 1156 1043; x_wconf 80' lang='lat' dir='ltr'>sophistae</span> <span class='ocrx_word' id='word_1_70' title='bbox 1194 971 1542 1040; x_wconf 82' lang='lat' dir='ltr'>haberentur,</span> <span class='ocrx_word' id='word_1_71' title='bbox 1583 973 1790 1026; x_wconf 87' lang='lat' dir='ltr'>factum</span> <span class='ocrx_word' id='word_1_72' title='bbox 1827 980 1911 1027; x_wconf 89' lang='lat' dir='ltr'>est</span> <span class='ocrx_word' id='word_1_73' title='bbox 1945 982 2008 1027; x_wconf 93' lang='lat' dir='ltr'>ut</span> <span class='ocrx_word' id='word_1_74' title='bbox 2042 975 2127 1027; x_wconf 90' lang='lat' dir='ltr'>iu-</span> 
     </span>
     <span class='ocr_line' id='line_1_12' title="bbox 421 1043 2126 1114; baseline 0.001 -18"><span class='ocrx_word' id='word_1_75' title='bbox 421 1043 571 1096; x_wconf 85' lang='lat' dir='ltr'>dices</span> <span class='ocrx_word' id='word_1_76' title='bbox 609 1043 931 1114; x_wconf 84' lang='lat' dir='ltr'>populareS,</span> <span class='ocrx_word' id='word_1_77' title='bbox 973 1043 1064 1113; x_wconf 90' lang='lat' dir='ltr'>qui</span> <span class='ocrx_word' id='word_1_78' title='bbox 1105 1062 1358 1114; x_wconf 90' lang='lat' dir='ltr'>magnam</span> <span class='ocrx_word' id='word_1_79' title='bbox 1396 1051 1606 1114; x_wconf 89' lang='lat' dir='ltr'>partem</span> <span class='ocrx_word' id='word_1_80' title='bbox 1644 1063 1754 1097; x_wconf 91' lang='lat' dir='ltr'>una</span> <span class='ocrx_word' id='word_1_81' title='bbox 1792 1063 1915 1097; x_wconf 90' lang='lat' dir='ltr'>cum</span> <span class='ocrx_word' id='word_1_82' title='bbox 1953 1044 2126 1097; x_wconf 88' lang='lat' dir='ltr'>Thra-</span> 
     </span>
     <span class='ocr_line' id='line_1_13' title="bbox 404 1113 2126 1187; baseline 0.001 -20"><span class='ocrx_word' id='word_1_83' title='bbox 404 1114 617 1187; x_wconf 88' lang='lat' dir='ltr'>·sybulo</span> <span class='ocrx_word' id='word_1_84' title='bbox 642 1114 921 1167; x_wconf 85' lang='lat' dir='ltr'>redierant</span> <span class='ocrx_word' id='word_1_85' title='bbox 948 1113 1136 1186; x_wconf 89' lang='lat' dir='ltr'>(Apol.</span> <span class='ocrx_word' id='word_1_86' title='bbox 1162 1116 1245 1171; x_wconf 74' lang='lat'>21.</span> <span class='ocrx_word' id='word_1_87' title='bbox 1265 1115 1384 1184; x_wconf 89' lang='lat' dir='ltr'>A.),</span> <span class='ocrx_word' id='word_1_88' title='bbox 1418 1122 1797 1168; x_wconf 86' lang='lat' dir='ltr'>accusatorum</span> <span class='ocrx_word' id='word_1_89' title='bbox 1824 1116 2126 1169; x_wconf 87' lang='lat' dir='ltr'>calumniae</span> 
     </span>
     <span class='ocr_line' id='line_1_14' title="bbox 419 1183 2126 1259; baseline 0.001 -20"><span class='ocrx_word' id='word_1_90' title='bbox 419 1186 579 1239; x_wconf 78' lang='lat' dir='ltr'>facile</span> <span class='ocrx_word' id='word_1_91' title='bbox 618 1185 935 1255; x_wconf 87' lang='lat' dir='ltr'>crederent,</span> <span class='ocrx_word' id='word_1_92' title='bbox 989 1186 1083 1256; x_wconf 88' lang='lat' dir='ltr'>qui</span> <span class='ocrx_word' id='word_1_93' title='bbox 1121 1183 1430 1255; x_wconf 87' lang='lat' dir='ltr'>Socratem,</span> <span class='ocrx_word' id='word_1_94' title='bbox 1482 1195 1674 1257; x_wconf 88' lang='lat' dir='ltr'>utpote</span> <span class='ocrx_word' id='word_1_95' title='bbox 1715 1186 1918 1240; x_wconf 87' lang='lat' dir='ltr'>Critiae</span> <span class='ocrx_word' id='word_1_96' title='bbox 1955 1187 2126 1259; x_wconf 85' lang='lat' dir='ltr'>magi-</span> 
     </span>
     <span class='ocr_line' id='line_1_15' title="bbox 421 1256 2126 1329; baseline 0.002 -19"><span class='ocrx_word' id='word_1_97' title='bbox 421 1265 592 1310; x_wconf 89' lang='lat' dir='ltr'>strum</span> <span class='ocrx_word' id='word_1_98' title='bbox 644 1265 700 1309; x_wconf 90' lang='lat' dir='ltr'>et</span> <span class='ocrx_word' id='word_1_99' title='bbox 736 1257 844 1311; x_wconf 90' lang='lat' dir='ltr'>iam</span> <span class='ocrx_word' id='word_1_100' title='bbox 884 1256 1089 1310; x_wconf 92' lang='lat' dir='ltr'>dudum</span> <span class='ocrx_word' id='word_1_101' title='bbox 1129 1277 1159 1308; x_wconf 91' lang='lat' dir='ltr'>a</span> <span class='ocrx_word' id='word_1_102' title='bbox 1195 1258 1373 1328; x_wconf 90' lang='lat' dir='ltr'>poetis</span> <span class='ocrx_word' id='word_1_103' title='bbox 1412 1257 1634 1311; x_wconf 87' lang='lat' dir='ltr'>comicis</span> <span class='ocrx_word' id='word_1_104' title='bbox 1674 1265 1840 1329; x_wconf 88' lang='lat' dir='ltr'>atque</span> <span class='ocrx_word' id='word_1_105' title='bbox 1878 1257 2126 1313; x_wconf 89' lang='lat' dir='ltr'>clandes-</span> 
     </span>
     <span class='ocr_line' id='line_1_16' title="bbox 421 1327 2126 1412; baseline 0.001 -30"><span class='ocrx_word' id='word_1_106' title='bbox 421 1329 547 1383; x_wconf 89' lang='lat' dir='ltr'>tinis</span> <span class='ocrx_word' id='word_1_107' title='bbox 583 1327 909 1383; x_wconf 73' lang='lat' dir='ltr'>adversariis</span> <span class='ocrx_word' id='word_1_108' title='bbox 961 1336 1016 1382; x_wconf 88' lang='lat' dir='ltr'>et</span> <span class='ocrx_word' id='word_1_109' title='bbox 1054 1329 1564 1398; x_wconf 88' lang='lat' dir='ltr'>calumniatoribus,</span> <span class='ocrx_word' id='word_1_110' title='bbox 1617 1330 1805 1399; x_wconf 86' lang='lat' dir='ltr'>quales</span> <span class='ocrx_word' id='word_1_111' title='bbox 1853 1329 1911 1382; x_wconf 91' lang='lat' dir='ltr'>in</span> <span class='ocrx_word' id='word_1_112' title='bbox 1945 1330 2126 1412; x_wconf 86' lang='lat' dir='ltr'>priore</span> 
     </span>
     <span class='ocr_line' id='line_1_17' title="bbox 419 1399 2127 1472; baseline 0.001 -18"><span class='ocrx_word' id='word_1_113' title='bbox 419 1403 471 1454; x_wconf 89' lang='lat' dir='ltr'>A</span> <span class='ocrx_word' id='word_1_114' title='bbox 519 1400 732 1472; x_wconf 84' lang='lat' dir='ltr'>ologiae</span> <span class='ocrx_word' id='word_1_115' title='bbox 767 1407 922 1470; x_wconf 87' lang='lat' dir='ltr'>parte</span> <span class='ocrx_word' id='word_1_116' title='bbox 962 1399 1374 1469; x_wconf 88' lang='lat' dir='ltr'>describuntur,</span> <span class='ocrx_word' id='word_1_117' title='bbox 1427 1401 1485 1452; x_wconf 91' lang='lat' dir='ltr'>in</span> <span class='ocrx_word' id='word_1_118' title='bbox 1522 1401 1719 1454; x_wconf 88' lang='lat' dir='ltr'>malam</span> <span class='ocrx_word' id='word_1_119' title='bbox 1757 1400 2127 1472; x_wconf 79' lang='lat' dir='ltr'>suspicionem</span> 
     </span>
     <span class='ocr_line' id='line_1_18' title="bbox 421 1471 2126 1541; baseline 0.001 -17"><span class='ocrx_word' id='word_1_120' title='bbox 421 1492 452 1524; x_wconf 89' lang='lat' dir='ltr'>a</span> <span class='ocrx_word' id='word_1_121' title='bbox 495 1471 749 1541; x_wconf 85' lang='lat' dir='ltr'>ductum,</span> <span class='ocrx_word' id='word_1_122' title='bbox 799 1472 859 1524; x_wconf 92' lang='lat' dir='ltr'>in</span> <span class='ocrx_word' id='word_1_123' title='bbox 898 1491 1084 1525; x_wconf 89' lang='lat' dir='ltr'>eorum</span> <span class='ocrx_word' id='word_1_124' title='bbox 1121 1473 1345 1525; x_wconf 90' lang='lat' dir='ltr'>numero</span> <span class='ocrx_word' id='word_1_125' title='bbox 1383 1471 1693 1525; x_wconf 88' lang='lat' dir='ltr'>habendum</span> <span class='ocrx_word' id='word_1_126' title='bbox 1741 1491 1860 1527; x_wconf 89' lang='lat' dir='ltr'>esse</span> <span class='ocrx_word' id='word_1_127' title='bbox 1897 1473 2126 1527; x_wconf 89' lang='lat' dir='ltr'>arbitra-</span> 
     </span>
     <span class='ocr_line' id='line_1_19' title="bbox 419 1539 2128 1615; baseline 0 -18"><span class='ocrx_word' id='word_1_128' title='bbox 419 1552 638 1612; x_wconf 91' lang='lat' dir='ltr'>rentur,</span> <span class='ocrx_word' id='word_1_129' title='bbox 694 1563 859 1614; x_wconf 90' lang='lat' dir='ltr'>quum</span> <span class='ocrx_word' id='word_1_130' title='bbox 895 1551 1079 1596; x_wconf 89' lang='lat' dir='ltr'>tamen</span> <span class='ocrx_word' id='word_1_131' title='bbox 1108 1539 1203 1596; x_wconf 69' lang='lat' dir='ltr'>&#39;ille</span> <span class='ocrx_word' id='word_1_132' title='bbox 1240 1563 1350 1596; x_wconf 90' lang='lat' dir='ltr'>non</span> <span class='ocrx_word' id='word_1_133' title='bbox 1388 1543 1778 1614; x_wconf 89' lang='lat' dir='ltr'>rempublicam</span> <span class='ocrx_word' id='word_1_134' title='bbox 1813 1543 1912 1598; x_wconf 89' lang='lat' dir='ltr'>sed</span> <span class='ocrx_word' id='word_1_135' title='bbox 1946 1544 2128 1615; x_wconf 91' lang='lat' dir='ltr'>reipu-</span> 
     </span>
     <span class='ocr_line' id='line_1_20' title="bbox 419 1614 2127 1687; baseline -0.001 -18"><span class='ocrx_word' id='word_1_136' title='bbox 419 1615 595 1669; x_wconf 87' lang='lat' dir='ltr'>blicae</span> <span class='ocrx_word' id='word_1_137' title='bbox 643 1615 776 1668; x_wconf 90' lang='lat' dir='ltr'>vitia</span> <span class='ocrx_word' id='word_1_138' title='bbox 825 1615 1099 1686; x_wconf 82' lang='lat' dir='ltr'>arguisset</span> <span class='ocrx_word' id='word_1_139' title='bbox 1147 1621 1202 1667; x_wconf 91' lang='lat' dir='ltr'>et</span> <span class='ocrx_word' id='word_1_140' title='bbox 1251 1614 1415 1668; x_wconf 81' lang='lat' dir='ltr'>salvis</span> <span class='ocrx_word' id='word_1_141' title='bbox 1463 1615 1680 1687; x_wconf 87' lang='lat' dir='ltr'>legibus</span> <span class='ocrx_word' id='word_1_142' title='bbox 1729 1615 1964 1686; x_wconf 89' lang='lat' dir='ltr'>publicis</span> <span class='ocrx_word' id='word_1_143' title='bbox 2017 1635 2127 1669; x_wconf 91' lang='lat' dir='ltr'>non</span> 
     </span>
     <span class='ocr_line' id='line_1_21' title="bbox 418 1686 2129 1759; baseline 0.001 -20"><span class='ocrx_word' id='word_1_144' title='bbox 418 1694 531 1740; x_wconf 87' lang='lat' dir='ltr'>tam</span> <span class='ocrx_word' id='word_1_145' title='bbox 582 1687 836 1740; x_wconf 89' lang='lat' dir='ltr'>instituta</span> <span class='ocrx_word' id='word_1_146' title='bbox 882 1686 1103 1756; x_wconf 90' lang='lat' dir='ltr'>publica</span> <span class='ocrx_word' id='word_1_147' title='bbox 1149 1704 1311 1756; x_wconf 88' lang='lat' dir='ltr'>quam</span> <span class='ocrx_word' id='word_1_148' title='bbox 1358 1686 1554 1739; x_wconf 87' lang='lat' dir='ltr'>civium</span> <span class='ocrx_word' id='word_1_149' title='bbox 1604 1706 1780 1741; x_wconf 89' lang='lat' dir='ltr'>mores</span> <span class='ocrx_word' id='word_1_150' title='bbox 1818 1694 1871 1740; x_wconf 90' lang='lat' dir='ltr'>et</span> <span class='ocrx_word' id='word_1_151' title='bbox 1905 1687 2129 1759; x_wconf 88' lang='lat' dir='ltr'>ingenia</span> 
     </span>
     <span class='ocr_line' id='line_1_22' title="bbox 422 1757 2126 1829; baseline 0.001 -19"><span class='ocrx_word' id='word_1_152' title='bbox 422 1757 710 1811; x_wconf 89' lang='lat' dir='ltr'>emendare</span> <span class='ocrx_word' id='word_1_153' title='bbox 750 1766 980 1812; x_wconf 89' lang='lat' dir='ltr'>conatus</span> <span class='ocrx_word' id='word_1_154' title='bbox 1017 1764 1179 1811; x_wconf 88' lang='lat' dir='ltr'>esset.</span> <span class='ocrx_word' id='word_1_155' title='bbox 1254 1757 1341 1810; x_wconf 87' lang='lat' dir='ltr'>Ita</span> <span class='ocrx_word' id='word_1_156' title='bbox 1377 1777 1508 1810; x_wconf 90' lang='lat' dir='ltr'>vero</span> <span class='ocrx_word' id='word_1_157' title='bbox 1546 1757 1752 1811; x_wconf 74' lang='lat' dir='ltr'>factum</span> <span class='ocrx_word' id='word_1_158' title='bbox 1789 1765 1893 1828; x_wconf 91' lang='lat' dir='ltr'>est,</span> <span class='ocrx_word' id='word_1_159' title='bbox 1933 1766 1993 1811; x_wconf 91' lang='lat' dir='ltr'>ut</span> <span class='ocrx_word' id='word_1_160' title='bbox 2032 1759 2126 1829; x_wconf 91' lang='lat' dir='ltr'>qui</span> 
     </span>
     <span class='ocr_line' id='line_1_23' title="bbox 421 1828 2126 1902; baseline -0.001 -19"><span class='ocrx_word' id='word_1_161' title='bbox 421 1830 521 1883; x_wconf 87' lang='lat' dir='ltr'>sub</span> <span class='ocrx_word' id='word_1_162' title='bbox 557 1829 807 1902; x_wconf 87' lang='lat' dir='ltr'>tyrannis</span> <span class='ocrx_word' id='word_1_163' title='bbox 847 1828 1251 1883; x_wconf 85' lang='lat' dir='ltr'>damnationem</span> <span class='ocrx_word' id='word_1_164' title='bbox 1289 1836 1567 1898; x_wconf 86' lang='lat' dir='ltr'>evaserat,</span> <span class='ocrx_word' id='word_1_165' title='bbox 1606 1830 1779 1882; x_wconf 91' lang='lat' dir='ltr'>libera</span> <span class='ocrx_word' id='word_1_166' title='bbox 1814 1830 2012 1882; x_wconf 87' lang='lat' dir='ltr'>iterum</span> <span class='ocrx_word' id='word_1_167' title='bbox 2048 1830 2126 1884; x_wconf 92' lang='lat' dir='ltr'>ci-</span> 
     </span>
     <span class='ocr_line' id='line_1_24' title="bbox 419 1900 2126 1973; baseline 0 -19"><span class='ocrx_word' id='word_1_168' title='bbox 419 1900 586 1954; x_wconf 87' lang='lat' dir='ltr'>vitate</span> <span class='ocrx_word' id='word_1_169' title='bbox 624 1920 736 1955; x_wconf 92' lang='lat' dir='ltr'>non</span> <span class='ocrx_word' id='word_1_170' title='bbox 775 1900 1049 1963; x_wconf 75' lang='lat' dir='ltr'>evaderet,</span> <span class='ocrx_word' id='word_1_171' title='bbox 1088 1901 1156 1954; x_wconf 91' lang='lat' dir='ltr'>ab</span> <span class='ocrx_word' id='word_1_172' title='bbox 1204 1905 1394 1973; x_wconf 88' lang='lat' dir='ltr'>Anyto</span> <span class='ocrx_word' id='word_1_173' title='bbox 1431 1901 1724 1972; x_wconf 89' lang='lat' dir='ltr'>imprimis,</span> <span class='ocrx_word' id='word_1_174' title='bbox 1774 1909 1891 1954; x_wconf 90' lang='lat' dir='ltr'>tum</span> <span class='ocrx_word' id='word_1_175' title='bbox 1927 1920 2126 1973; x_wconf 87' lang='lat' dir='ltr'>magna</span> 
     </span>
     <span class='ocr_line' id='line_1_25' title="bbox 420 1971 2126 2044; baseline 0.001 -20"><span class='ocrx_word' id='word_1_176' title='bbox 420 1973 743 2026; x_wconf 84' lang='lat' dir='ltr'>auctoritate</span> <span class='ocrx_word' id='word_1_177' title='bbox 795 1991 860 2026; x_wconf 92' lang='lat' dir='ltr'>ac</span> <span class='ocrx_word' id='word_1_178' title='bbox 905 1972 1153 2043; x_wconf 87' lang='lat' dir='ltr'>potentia</span> <span class='ocrx_word' id='word_1_179' title='bbox 1202 1971 1345 2025; x_wconf 90' lang='lat' dir='ltr'>inter</span> <span class='ocrx_word' id='word_1_180' title='bbox 1393 1972 1539 2026; x_wconf 83' lang='lat' dir='ltr'>cives</span> <span class='ocrx_word' id='word_1_181' title='bbox 1591 1972 1850 2041; x_wconf 86' lang='lat' dir='ltr'>florente,</span> <span class='ocrx_word' id='word_1_182' title='bbox 1901 1980 2126 2044; x_wconf 90' lang='lat' dir='ltr'>propter</span> 
     </span>
     <span class='ocr_line' id='line_1_26' title="bbox 420 2042 2127 2116; baseline -0.001 -19"><span class='ocrx_word' id='word_1_183' title='bbox 420 2043 659 2097; x_wconf 88' lang='lat' dir='ltr'>offensas</span> <span class='ocrx_word' id='word_1_184' title='bbox 718 2042 983 2114; x_wconf 88' lang='lat' dir='ltr'>quasdam</span> <span class='ocrx_word' id='word_1_185' title='bbox 1035 2043 1434 2116; x_wconf 86' lang='lat' dir='ltr'>pessumdatus.</span> <span class='ocrx_word' id='word_1_186' title='bbox 1519 2043 1739 2097; x_wconf 89' lang='lat' dir='ltr'>Deinde</span> <span class='ocrx_word' id='word_1_187' title='bbox 1787 2063 1916 2098; x_wconf 87' lang='lat' dir='ltr'>vero</span> <span class='ocrx_word' id='word_1_188' title='bbox 1963 2045 2127 2098; x_wconf 88' lang='lat' dir='ltr'>etiam</span> 
     </span>
     <span class='ocr_line' id='line_1_27' title="bbox 420 2113 2127 2186; baseline 0 -18"><span class='ocrx_word' id='word_1_189' title='bbox 420 2122 711 2168; x_wconf 88' lang='lat' dir='ltr'>senserunt</span> <span class='ocrx_word' id='word_1_190' title='bbox 747 2115 1147 2182; x_wconf 85' lang='lat' dir='ltr'>Athenienses,</span> <span class='ocrx_word' id='word_1_191' title='bbox 1198 2114 1291 2168; x_wconf 92' lang='lat' dir='ltr'>illo</span> <span class='ocrx_word' id='word_1_192' title='bbox 1331 2113 1603 2186; x_wconf 89' lang='lat' dir='ltr'>supplicio</span> <span class='ocrx_word' id='word_1_193' title='bbox 1641 2133 1834 2169; x_wconf 89' lang='lat' dir='ltr'>revera</span> <span class='ocrx_word' id='word_1_194' title='bbox 1870 2114 2127 2169; x_wconf 89' lang='lat' dir='ltr'>damnum</span> 
     </span>
     <span class='ocr_line' id='line_1_28' title="bbox 418 2185 2124 2259; baseline 0.001 -21"><span class='ocrx_word' id='word_1_195' title='bbox 418 2187 768 2259; x_wconf 90' lang='lat' dir='ltr'>importatum</span> <span class='ocrx_word' id='word_1_196' title='bbox 817 2205 938 2240; x_wconf 88' lang='lat' dir='ltr'>esse</span> <span class='ocrx_word' id='word_1_197' title='bbox 986 2186 1335 2258; x_wconf 84' lang='lat' dir='ltr'>reipublicae.</span> <span class='ocrx_word' id='word_1_198' title='bbox 1423 2187 1568 2239; x_wconf 90' lang='lat' dir='ltr'>Nam</span> <span class='ocrx_word' id='word_1_199' title='bbox 1628 2186 1878 2241; x_wconf 89' lang='lat' dir='ltr'>restituta</span> <span class='ocrx_word' id='word_1_200' title='bbox 1941 2185 2124 2240; x_wconf 90' lang='lat' dir='ltr'>denuo</span> 
     </span>
     <span class='ocr_line' id='line_1_29' title="bbox 420 2257 2125 2331; baseline 0 -21"><span class='ocrx_word' id='word_1_201' title='bbox 420 2257 755 2312; x_wconf 86' lang='lat' dir='ltr'>democratia</span> <span class='ocrx_word' id='word_1_202' title='bbox 800 2258 923 2329; x_wconf 87' lang='lat' dir='ltr'>ipsa</span> <span class='ocrx_word' id='word_1_203' title='bbox 968 2257 1303 2330; x_wconf 90' lang='lat' dir='ltr'>reipublicae</span> <span class='ocrx_word' id='word_1_204' title='bbox 1357 2257 1598 2312; x_wconf 88' lang='lat' dir='ltr'>conditio</span> <span class='ocrx_word' id='word_1_205' title='bbox 1654 2265 1708 2311; x_wconf 88' lang='lat' dir='ltr'>et</span> <span class='ocrx_word' id='word_1_206' title='bbox 1743 2258 1966 2311; x_wconf 88' lang='lat' dir='ltr'>fortuna</span> <span class='ocrx_word' id='word_1_207' title='bbox 2001 2277 2125 2331; x_wconf 83' lang='lat' dir='ltr'>gra-</span> 
     </span>
     <span class='ocr_line' id='line_1_30' title="bbox 418 2327 2124 2400; baseline 0 -18"><span class='ocrx_word' id='word_1_208' title='bbox 418 2329 559 2383; x_wconf 90' lang='lat' dir='ltr'>viter</span> <span class='ocrx_word' id='word_1_209' title='bbox 596 2348 727 2383; x_wconf 89' lang='lat' dir='ltr'>sane</span> <span class='ocrx_word' id='word_1_210' title='bbox 767 2329 1068 2398; x_wconf 88' lang='lat' dir='ltr'>admonuit,</span> <span class='ocrx_word' id='word_1_211' title='bbox 1105 2349 1303 2382; x_wconf 87' lang='lat' dir='ltr'>novam</span> <span class='ocrx_word' id='word_1_212' title='bbox 1343 2328 1688 2400; x_wconf 89' lang='lat' dir='ltr'>disciplinam</span> <span class='ocrx_word' id='word_1_213' title='bbox 1716 2340 1878 2400; x_wconf 90' lang='lat' dir='ltr'>atque</span> <span class='ocrx_word' id='word_1_214' title='bbox 1902 2327 2124 2382; x_wconf 87' lang='lat' dir='ltr'>vivendi</span> 
     </span>
     <span class='ocr_line' id='line_1_31' title="bbox 418 2400 2124 2473; baseline 0 -20"><span class='ocrx_word' id='word_1_215' title='bbox 418 2401 594 2473; x_wconf 89' lang='lat' dir='ltr'>legem</span> <span class='ocrx_word' id='word_1_216' title='bbox 644 2401 715 2454; x_wconf 90' lang='lat' dir='ltr'>ad</span> <span class='ocrx_word' id='word_1_217' title='bbox 770 2400 1093 2454; x_wconf 87' lang='lat' dir='ltr'>servandam</span> <span class='ocrx_word' id='word_1_218' title='bbox 1142 2401 1416 2472; x_wconf 89' lang='lat' dir='ltr'>publicam</span> <span class='ocrx_word' id='word_1_219' title='bbox 1471 2401 1847 2471; x_wconf 89' lang='lat' dir='ltr'>privatamque</span> <span class='ocrx_word' id='word_1_220' title='bbox 1894 2400 2124 2454; x_wconf 85' lang='lat' dir='ltr'>felicita-</span> 
     </span>
     <span class='ocr_line' id='line_1_32' title="bbox 419 2471 2117 2543; baseline 0.001 -20"><span class='ocrx_word' id='word_1_221' title='bbox 419 2482 530 2524; x_wconf 86' lang='lat' dir='ltr'>tem</span> <span class='ocrx_word' id='word_1_222' title='bbox 579 2471 739 2526; x_wconf 88' lang='lat' dir='ltr'>valde</span> <span class='ocrx_word' id='word_1_223' title='bbox 790 2491 910 2524; x_wconf 87' lang='lat' dir='ltr'>esse</span> <span class='ocrx_word' id='word_1_224' title='bbox 961 2472 1326 2525; x_wconf 80' lang='lat' dir='ltr'>necessariam</span> <span class='ocrx_word' id='word_1_225' title='bbox 1379 2471 1455 2539; x_wconf 80' lang='lat' dir='ltr'>(v,</span> <span class='ocrx_word' id='word_1_226' title='bbox 1510 2472 1770 2543; x_wconf 84' lang='lat' dir='ltr'>Eunap.</span> <span class='ocrx_word' id='word_1_227' title='bbox 1823 2471 2027 2524; x_wconf 88' lang='lat' dir='ltr'>Aedes.</span> <span class='ocrx_word' id='word_1_228' title='bbox 2105 2513 2117 2525; x_wconf 91' lang='lat'><strong>.</strong></span> 
     </span>
     <span class='ocr_line' id='line_1_33' title="bbox 421 2493 2118 2614; baseline 0.001 -19"><span class='ocrx_word' id='word_1_229' title='bbox 421 2543 506 2595; x_wconf 78' lang='lat'>35.</span> <span class='ocrx_word' id='word_1_230' title='bbox 546 2542 630 2595; x_wconf 89' lang='lat' dir='ltr'>ed.</span> <span class='ocrx_word' id='word_1_231' title='bbox 672 2542 908 2614; x_wconf 85' lang='lat' dir='ltr'>Steph.).</span> <span class='ocrx_word' id='word_1_232' title='bbox 984 2543 1228 2596; x_wconf 88' lang='lat' dir='ltr'>Evanuit</span> <span class='ocrx_word' id='word_1_233' title='bbox 1262 2543 1432 2614; x_wconf 89' lang='lat' dir='ltr'>igitur</span> <span class='ocrx_word' id='word_1_234' title='bbox 1469 2550 1582 2595; x_wconf 91' lang='lat' dir='ltr'>tum</span> <span class='ocrx_word' id='word_1_235' title='bbox 1621 2543 1832 2614; x_wconf 89' lang='lat' dir='ltr'>species</span> <span class='ocrx_word' id='word_1_236' title='bbox 1869 2493 2118 2614; x_wconf 74' lang='lat' dir='ltr'>pericuii,</span> 
     </span>
     <span class='ocr_line' id='line_1_34' title="bbox 421 2613 2121 2685; baseline 0.002 -20"><span class='ocrx_word' id='word_1_237' title='bbox 421 2613 569 2683; x_wconf 89' lang='lat' dir='ltr'>quod</span> <span class='ocrx_word' id='word_1_238' title='bbox 606 2633 671 2666; x_wconf 82' lang='lat' dir='ltr'>ex</span> <span class='ocrx_word' id='word_1_239' title='bbox 711 2613 957 2668; x_wconf 85' lang='lat' dir='ltr'>Socratis</span> <span class='ocrx_word' id='word_1_240' title='bbox 997 2613 1285 2685; x_wconf 88' lang='lat' dir='ltr'>disciplina</span> <span class='ocrx_word' id='word_1_241' title='bbox 1322 2614 1520 2666; x_wconf 83' lang='lat' dir='ltr'>exoriri</span> <span class='ocrx_word' id='word_1_242' title='bbox 1555 2615 1734 2669; x_wconf 87' lang='lat' dir='ltr'>visum</span> <span class='ocrx_word' id='word_1_243' title='bbox 1773 2622 1935 2668; x_wconf 88' lang='lat' dir='ltr'>esset.</span> <span class='ocrx_word' id='word_1_244' title='bbox 1975 2614 2121 2668; x_wconf 91' lang='lat' dir='ltr'>Nam</span> 
     </span>
     <span class='ocr_line' id='line_1_35' title="bbox 419 2683 2120 2758; baseline 0.002 -22"><span class='ocrx_word' id='word_1_245' title='bbox 419 2685 549 2738; x_wconf 89' lang='lat' dir='ltr'>licet</span> <span class='ocrx_word' id='word_1_246' title='bbox 587 2685 675 2737; x_wconf 87' lang='lat' dir='ltr'>ille</span> <span class='ocrx_word' id='word_1_247' title='bbox 715 2684 1077 2737; x_wconf 85' lang='lat' dir='ltr'>democratiae</span> <span class='ocrx_word' id='word_1_248' title='bbox 1117 2685 1296 2738; x_wconf 82' lang='lat' dir='ltr'>minus</span> <span class='ocrx_word' id='word_1_249' title='bbox 1335 2683 1562 2739; x_wconf 77' lang='lat' dir='ltr'>favisset</span> <span class='ocrx_word' id='word_1_250' title='bbox 1598 2686 1883 2758; x_wconf 83' lang='lat' dir='ltr'>magisque</span> <span class='ocrx_word' id='word_1_251' title='bbox 1920 2686 2120 2758; x_wconf 88' lang='lat' dir='ltr'>proba-</span> 
     </span>
     <span class='ocr_line' id='line_1_36' title="bbox 419 2756 2119 2827; baseline 0.002 -20"><span class='ocrx_word' id='word_1_252' title='bbox 419 2756 588 2810; x_wconf 86' lang='lat' dir='ltr'>visset</span> <span class='ocrx_word' id='word_1_253' title='bbox 623 2775 920 2827; x_wconf 88' lang='lat' dir='ltr'>paucorum</span> <span class='ocrx_word' id='word_1_254' title='bbox 959 2756 1261 2827; x_wconf 89' lang='lat' dir='ltr'>imperium,</span> <span class='ocrx_word' id='word_1_255' title='bbox 1303 2756 1505 2827; x_wconf 90' lang='lat' dir='ltr'>quippe</span> <span class='ocrx_word' id='word_1_256' title='bbox 1532 2757 1678 2827; x_wconf 91' lang='lat' dir='ltr'>quod</span> <span class='ocrx_word' id='word_1_257' title='bbox 1705 2757 1917 2811; x_wconf 84' lang='lat' dir='ltr'>facilius</span> <span class='ocrx_word' id='word_1_258' title='bbox 1942 2758 2119 2811; x_wconf 85' lang='lat' dir='ltr'>scien-</span> 
     </span>
     <span class='ocr_line' id='line_1_37' title="bbox 420 2826 2116 2900; baseline 0.002 -22"><span class='ocrx_word' id='word_1_259' title='bbox 420 2827 527 2879; x_wconf 87' lang='lat' dir='ltr'>tiae</span> <span class='ocrx_word' id='word_1_260' title='bbox 578 2826 794 2879; x_wconf 89' lang='lat' dir='ltr'>laudem</span> <span class='ocrx_word' id='word_1_261' title='bbox 841 2828 983 2879; x_wconf 87' lang='lat' dir='ltr'>tueri</span> <span class='ocrx_word' id='word_1_262' title='bbox 1035 2842 1224 2898; x_wconf 86' lang='lat' dir='ltr'>posset</span> <span class='ocrx_word' id='word_1_263' title='bbox 1275 2826 1634 2900; x_wconf 86' lang='lat' dir='ltr'>(Xenoph.</span> <span class='ocrx_word' id='word_1_264' title='bbox 1690 2829 1858 2882; x_wconf 91' lang='lat' dir='ltr'>Mem.</span> <span class='ocrx_word' id='word_1_265' title='bbox 1909 2829 2014 2882; x_wconf 89' lang='grc' dir='ltr'><strong>ΙΙΙ.</strong></span> <span class='ocrx_word' id='word_1_266' title='bbox 2065 2831 2116 2898; x_wconf 87' lang='lat'>9,</span> 
     </span>
     <span class='ocr_line' id='line_1_38' title="bbox 425 2897 2118 2980; baseline 0.003 -31"><span class='ocrx_word' id='word_1_267' title='bbox 425 2899 554 2980; x_wconf 71' lang='grc'>10.)7</span> <span class='ocrx_word' id='word_1_268' title='bbox 596 2917 755 2968; x_wconf 88' lang='lat' dir='ltr'>quam</span> <span class='ocrx_word' id='word_1_269' title='bbox 794 2897 863 2951; x_wconf 92' lang='lat' dir='ltr'>ad</span> <span class='ocrx_word' id='word_1_270' title='bbox 902 2899 1083 2951; x_wconf 89' lang='lat' dir='ltr'>omnia</span> <span class='ocrx_word' id='word_1_271' title='bbox 1121 2899 1265 2952; x_wconf 86' lang='lat' dir='ltr'>vitae</span> <span class='ocrx_word' id='word_1_272' title='bbox 1304 2899 1527 2980; x_wconf 81' lang='lat' dir='ltr'>negotia</span> <span class='ocrx_word' id='word_1_273' title='bbox 1562 2901 1899 2971; x_wconf 84' lang='lat' dir='ltr'>requirebat3</span> <span class='ocrx_word' id='word_1_274' title='bbox 1937 2908 2118 2954; x_wconf 89' lang='lat' dir='ltr'>tamen</span> 
     </span>
     <span class='ocr_line' id='line_1_39' title="bbox 421 2969 2118 3042; baseline 0.002 -21"><span class='ocrx_word' id='word_1_275' title='bbox 421 2970 619 3023; x_wconf 80' lang='lat' dir='ltr'>clarius</span> <span class='ocrx_word' id='word_1_276' title='bbox 677 2969 1017 3022; x_wconf 90' lang='lat' dir='ltr'>intellectum</span> <span class='ocrx_word' id='word_1_277' title='bbox 1082 2978 1195 3039; x_wconf 88' lang='lat' dir='ltr'>est,</span> <span class='ocrx_word' id='word_1_278' title='bbox 1258 2969 1495 3023; x_wconf 78' lang='lat' dir='ltr'>voluisse</span> <span class='ocrx_word' id='word_1_279' title='bbox 1558 2992 1677 3025; x_wconf 91' lang='lat' dir='ltr'>eum</span> <span class='ocrx_word' id='word_1_280' title='bbox 1729 2971 2118 3042; x_wconf 65' lang='lat' dir='ltr'>rempublidam</span> 
     </span>
     <span class='ocr_line' id='line_1_40' title="bbox 419 3041 2118 3112; baseline 0.002 -18"><span class='ocrx_word' id='word_1_281' title='bbox 419 3060 528 3094; x_wconf 92' lang='lat' dir='ltr'>non</span> <span class='ocrx_word' id='word_1_282' title='bbox 566 3048 806 3093; x_wconf 90' lang='lat' dir='ltr'>evertere</span> <span class='ocrx_word' id='word_1_283' title='bbox 849 3049 942 3092; x_wconf 89' lang='lat' dir='ltr'>aut</span> <span class='ocrx_word' id='word_1_284' title='bbox 977 3041 1350 3112; x_wconf 88' lang='lat' dir='ltr'>pessumdare,</span> <span class='ocrx_word' id='word_1_285' title='bbox 1390 3041 1488 3093; x_wconf 90' lang='lat' dir='ltr'>sed</span> <span class='ocrx_word' id='word_1_286' title='bbox 1528 3043 1879 3096; x_wconf 88' lang='lat' dir='ltr'>emendandis</span> <span class='ocrx_word' id='word_1_287' title='bbox 1919 3043 2118 3097; x_wconf 88' lang='lat' dir='ltr'>civium</span> 
     </span>
     <span class='ocr_line' id='line_1_41' title="bbox 420 3113 2116 3184; baseline 0.002 -19"><span class='ocrx_word' id='word_1_288' title='bbox 420 3113 615 3166; x_wconf 89' lang='lat' dir='ltr'>studiis</span> <span class='ocrx_word' id='word_1_289' title='bbox 677 3119 840 3182; x_wconf 87' lang='lat' dir='ltr'>atque</span> <span class='ocrx_word' id='word_1_290' title='bbox 889 3114 1130 3166; x_wconf 90' lang='lat' dir='ltr'>moribus</span> <span class='ocrx_word' id='word_1_291' title='bbox 1198 3115 1384 3165; x_wconf 88' lang='lat' dir='ltr'>iuvare</span> <span class='ocrx_word' id='word_1_292' title='bbox 1435 3121 1596 3184; x_wconf 88' lang='lat' dir='ltr'>atque</span> <span class='ocrx_word' id='word_1_293' title='bbox 1647 3115 1902 3170; x_wconf 87' lang='lat' dir='ltr'>stabilire.</span> <span class='ocrx_word' id='word_1_294' title='bbox 1990 3113 2116 3182; x_wconf 79' lang='lat' dir='ltr'>Quo</span> 
     </span>
     <span class='ocr_line' id='line_1_42' title="bbox 418 3181 2115 3255; baseline 0.001 -18"><span class='ocrx_word' id='word_1_295' title='bbox 418 3184 538 3255; x_wconf 88' lang='lat' dir='ltr'>ipso</span> <span class='ocrx_word' id='word_1_296' title='bbox 576 3202 742 3253; x_wconf 84' lang='lat' dir='ltr'>quum</span> <span class='ocrx_word' id='word_1_297' title='bbox 782 3181 851 3235; x_wconf 90' lang='lat' dir='ltr'>ad</span> <span class='ocrx_word' id='word_1_298' title='bbox 890 3192 1208 3255; x_wconf 88' lang='lat' dir='ltr'>perpetuam</span> <span class='ocrx_word' id='word_1_299' title='bbox 1247 3184 1483 3238; x_wconf 80' lang='lat' dir='ltr'>civitatis</span> <span class='ocrx_word' id='word_1_300' title='bbox 1523 3187 1750 3240; x_wconf 84' lang='lat' dir='ltr'>salutem</span> <span class='ocrx_word' id='word_1_301' title='bbox 1788 3205 1930 3238; x_wconf 91' lang='lat' dir='ltr'>nunc</span> <span class='ocrx_word' id='word_1_302' title='bbox 1968 3205 2115 3239; x_wconf 88' lang='lat' dir='ltr'>cum-</span> 
     </span>
     <span class='ocr_line' id='line_1_43' title="bbox 419 3255 2110 3326; baseline 0 -18"><span class='ocrx_word' id='word_1_303' title='bbox 419 3256 649 3308; x_wconf 86' lang='lat' dir='ltr'>maxime</span> <span class='ocrx_word' id='word_1_304' title='bbox 701 3273 837 3326; x_wconf 87' lang='lat' dir='ltr'>opus</span> <span class='ocrx_word' id='word_1_305' title='bbox 891 3274 1008 3308; x_wconf 90' lang='lat' dir='ltr'>esse</span> <span class='ocrx_word' id='word_1_306' title='bbox 1058 3255 1363 3323; x_wconf 87' lang='lat' dir='ltr'>videretur,</span> <span class='ocrx_word' id='word_1_307' title='bbox 1415 3257 1514 3309; x_wconf 83' lang='lat' dir='ltr'>viri</span> <span class='ocrx_word' id='word_1_308' title='bbox 1563 3266 1706 3311; x_wconf 87' lang='lat' dir='ltr'>certe</span> <span class='ocrx_word' id='word_1_309' title='bbox 1757 3256 2110 3323; x_wconf 85' lang='lat' dir='ltr'>cordatiores,</span> 
     </span>
     <span class='ocr_line' id='line_1_44' title="bbox 421 3324 2114 3397; baseline 0.001 -19"><span class='ocrx_word' id='word_1_310' title='bbox 421 3335 625 3397; x_wconf 84' lang='lat' dir='ltr'>quanta</span> <span class='ocrx_word' id='word_1_311' title='bbox 675 3324 856 3379; x_wconf 87' lang='lat' dir='ltr'>clades</span> <span class='ocrx_word' id='word_1_312' title='bbox 904 3327 1048 3384; x_wconf 86' lang='lat' dir='ltr'>bono</span> <span class='ocrx_word' id='word_1_313' title='bbox 1101 3327 1320 3397; x_wconf 84' lang='lat' dir='ltr'>publico</span> <span class='ocrx_word' id='word_1_314' title='bbox 1369 3327 1511 3381; x_wconf 83' lang='lat' dir='ltr'>tristi</span> <span class='ocrx_word' id='word_1_315' title='bbox 1561 3329 1662 3382; x_wconf 88' lang='lat' dir='ltr'>viri</span> <span class='ocrx_word' id='word_1_316' title='bbox 1705 3328 1859 3382; x_wconf 90' lang='lat' dir='ltr'>obitu</span> <span class='ocrx_word' id='word_1_317' title='bbox 1907 3326 2114 3381; x_wconf 86' lang='lat' dir='ltr'>inflicta</span> 
     </span>
     <span class='ocr_line' id='line_1_45' title="bbox 421 3397 2109 3470; baseline 0 -19"><span class='ocrx_word' id='word_1_318' title='bbox 421 3407 593 3466; x_wconf 84' lang='lat' dir='ltr'>esset,</span> <span class='ocrx_word' id='word_1_319' title='bbox 646 3397 802 3452; x_wconf 84' lang='lat' dir='ltr'>facile</span> <span class='ocrx_word' id='word_1_320' title='bbox 826 3400 1168 3468; x_wconf 59' lang='lat' dir='ltr'>“senserunt,</span> <span class='ocrx_word' id='word_1_321' title='bbox 1228 3397 1317 3450; x_wconf 77' lang='lat' dir='ltr'>alii</span> <span class='ocrx_word' id='word_1_322' title='bbox 1372 3407 1548 3453; x_wconf 88' lang='lat' dir='ltr'>autem</span> <span class='ocrx_word' id='word_1_323' title='bbox 1586 3399 1708 3453; x_wconf 91' lang='lat' dir='ltr'>ideo</span> <span class='ocrx_word' id='word_1_324' title='bbox 1747 3398 2109 3470; x_wconf 80' lang='lat' dir='ltr'>resipuerunt,</span> 
     </span>
    </p>
   </div>
  </div>
 </body>
</html>
