2158 3718
1278 0 1300 14 *f
1348 0 1350 2 ’
1371 0 1423 15 Ψ*
1440 0 1894 38 3¹·15'ssffffffffi2‘2ff'2'fffflff'ssa

246 129 350 184 136
976 127 1302 171 PLATONIS

245 269 445 338 βούλει
493 269 635 338 ῥᾷον
681 272 917 336 μαθεῖν,
966 263 1110 318 ἄλλα
1156 265 1251 318 καὶ
1297 263 1439 319 κατὰ
1483 266 1640 332 ζώων
1677 267 1907 321 πάντων
1943 269 2039 322 καῖ

249 356 469 423 φυτῶν,
509 352 602 406 καὶ
630 351 953 420 ξυλλήβδην
980 347 1194 419 ὅσαπερ
1233 351 1344 419 ἔχει
1379 351 1605 418 γένεσιν
1643 352 1773 420 περὶ
1809 350 2039 406 πάντων

189 448 226 490 E
250 439 486 507 ἴδωμεν,
537 429 629 504 ἆρ’
668 433 879 498 οὑτωσὶ
915 435 1174 501 γίγνεται·
1204 433 1414 504 πάντα,
1461 432 1567 488 οὐκ
1614 433 1863 489 ἄλλοθεν
1898 435 1935 505 ἢ
1975 436 2037 490 ἐκ

248 524 364 575 τῶν
414 522 692 574 ἐναντίων
737 516 805 571 τοὶ
857 519 1114 587 ἐναντία,
1162 517 1316 581 ὅσοις
1360 518 1625 588 τυγχάνει
1674 517 1742 572 ὃν
1778 519 2038 574 τοιοῦτόν

247 625 320 673 τι,
359 597 483 658 οἷον
528 602 591 657 τὸ
637 600 814 656 καλὸν
851 606 928 672 τῷ
975 602 1187 672 αἰσχρῷ
1236 603 1498 657 ἐναντίον
1534 621 1647 657 που
1685 604 1779 656 καὶ
1817 603 2040 657 δίκαιον

249 687 453 759 ἀδίκῳ,
493 689 587 741 καὶ
623 685 768 739 ἄλλα
806 684 875 756 δὴ
914 688 1090 756 μυρία
1126 684 1306 750 οὕτως
1353 689 1481 756 ἔχει.
1557 690 1724 740 τοῦτο
1763 681 1872 741 οὖν
1909 702 2039 740 σκε-

248 773 518 842 ψώμεθα,
567 764 677 841 ἆρα
715 768 1053 840 ἀναγκαῖον,
1094 769 1248 834 ὅσοις
1285 773 1403 824 ἔστι
1439 791 1493 824 τι
1532 772 1822 840 ἐναντίον,
1860 772 2040 841 μηδα-

249 857 433 926 μόθεν
471 854 720 909 ἄλλοθεν
757 852 895 909 αὐτὸ
933 857 1233 923 γίγνεσθαι
1269 854 1305 925 ἢ
1345 856 1407 910 ἐκ
1445 859 1548 909 τοῦ
1574 854 1726 926 αὐτῷ
1755 856 2040 910 ἐναντίου.

367 1023 531 1082 ῥ’ᾆον]
554 1030 607 1070 V.
630 1021 820 1082 ράδιον,
845 1028 958 1080 quod
982 1041 1004 1068 e
1024 1018 1148 1069 Bodl.
1171 1028 1280 1068 Tub.
1302 1029 1410 1069 Ven.
1437 1028 1488 1069 H
1506 1035 1756 1068 correctum.

368 1083 472 1126 ἴδω
483 1081 607 1140 μεν]
634 1085 687 1128 V.
712 1080 933 1138 εἰδῶμεν,
956 1085 985 1127 i,
1011 1097 1047 1128 e.
1072 1086 1320 1127 sciamus.
1362 1086 1522 1126 Verum
1545 1083 1835 1149 suppeditavit
1852 1083 1982 1127 vind.
2001 1083 2043 1126 Φ

253 1149 294 1181 et
327 1154 394 1195 pr.
426 1140 555 1184 Coisl.
585 1153 683 1180 eum
721 1140 901 1182 Stobaeo
945 1147 985 1181 et
1020 1141 1350 1194 Olympiodoro,
1387 1141 1502 1193 quod
1538 1141 1605 1181 vel
1637 1140 1767 1181 invito
1804 1139 1926 1181 Bodl.
1962 1153 2043 1181 suo

250 1198 441 1261 suscepit
461 1198 603 1238 Herm.

250 1299 461 1362 ἅπαντα,
486 1309 600 1360 quod
621 1310 757 1349 tenuit
775 1308 956 1351 Bekker.

364 1247 575 1306 πάντα]
616 1253 697 1294 Sic
715 1253 838 1295 Bodl.
866 1253 965 1294 Vat.
995 1254 1105 1294 Ven.
1129 1253 1180 1294 H
1202 1253 1310 1295 Tub.
1341 1254 1472 1297 Vind.
1500 1254 1653 1294 Ambr.
1681 1253 1791 1294 Flor.
1815 1253 1858 1294 d.
1898 1252 2046 1306 Vulgo

365 1366 413 1406 Ε.
449 1365 621 1407 τοῦτο
662 1354 781 1417 οὖν]
812 1364 953 1406 τοῦτο
984 1353 1084 1414 οὖν,
1107 1365 1222 1417 quod
1244 1371 1344 1406 vett.
1370 1366 1490 1409 editt.
1510 1367 1719 1419 ignorant,
1743 1364 1907 1408 eBodl.
1931 1365 2049 1409 Tub

250 1422 359 1462 Ven
385 1421 437 1463 H
452 1422 549 1463 Vat
573 1422 685 1465 Flor.
706 1422 764 1462 d
754 1435 768 1460 1
795 1421 925 1462 Vind.
950 1421 988 1462 Φ
1017 1422 1112 1466 Par.
1135 1420 1171 1462 G
1199 1419 1345 1463 Amb1.
1377 1423 1636 1463 restitutum.
1676 1422 1757 1463 Pro
1788 1435 1897 1476 αρα,
1928 1422 2044 1474 quod

249 1478 584 1544 Wyttenbaehio
615 1479 658 1518 in
686 1479 1019 1530 interrogatione
1047 1478 1220 1519 aliunde
1246 1491 1460 1531 suspensa
1488 1480 1645 1518 mirum
1673 1479 1840 1529 accidit,
1863 1478 1992 1519 Vind.
2015 1478 2047 1518 8

253 1542 294 1575 et
321 1535 436 1587 Aug.
468 1531 556 1576 οὐν
587 1530 631 1576 εἰ
657 1534 835 1577 habent
873 1534 959 1575 Sed
987 1535 1074 1576 vid.
1107 1535 1289 1588 explico.
1327 1534 1428 1576 Mox
1455 1547 1532 1589 pro
1564 1529 1694 1590 αὐτῷ
1721 1536 1821 1576 Vat.
1851 1535 1979 1577 Vind.
2002 1533 2045 1575 Φ

249 1591 346 1633 Par.
371 1589 406 1631 G
426 1591 575 1635 Ambr.
599 1583 775 1648 ἑαυτῷ,
805 1591 919 1631 unde
940 1592 1183 1632 Turieenss.
1215 1591 1268 1632 de
1298 1592 1538 1632 coniectura
1561 1591 1740 1632 Baiteri:
1773 1584 1824 1633 ἐκ
1847 1589 1932 1633 τοῦ
1956 1584 2044 1633 αὖ·

251 1646 333 1705 τῷ.
377 1647 499 1696 Quod
520 1648 647 1688 nobis
669 1638 753 1689 no'n
775 1647 927 1700 placet.
949 1647 1042 1689 Lat.
1065 1648 1166 1688 item
1188 1648 1381 1688 dixeris
1370 1650 1494 1701 lpsi.

312 1778 455 1829 αλλά
488 1784 591 1828 καὶ
620 1801 770 1828 κατα
794 1780 943 1838 ζώων
963 1780 1107 1829 πάν-

252 1840 519 1941 }52'0252]03
530 1843 631 1941 ¹3:³¹
642 1844 905 1964 Ρέἓσῖἕέοῗ
918 1838 1108 1965 ιῖἑῖξῗ

252 1950 428 2004 θέντες
469 1948 708 2022 ᾠήθησαν
746 1948 831 1997 τὸν
863 1950 1106 1998 Πλάτωνα

250 2010 415 2054 πᾶσαν
416 2006 598 2079 ψυχὴν
613 2005 946 2078 ἀθανατίζειν.
970 2024 1106 2077 αμει·

251 2080 340 2111 νον
380 2063 435 2110 δὲ
477 2062 502 2110 ὁ
545 2061 814 2134 φιλόσοφος
850 2061 1104 2135 Ἀμμώνιος

254 2117 519 2189 ἐξηγήσατο
549 2118 602 2166 τὸ
612 2124 807 2190 χωρίον
835 2123 1000 2190 τοῦτο,
1036 2121 1106 2166 λέ-

285 2194 374 2234 ων,
424 2172 499 2222 ότι
548 2175 691 2222 τοῦτό
732 2191 852 2245 φησι
892 2157 1010 2234 πρὸς
1050 2174 1103 2221 τὸ

254 2235 434 2302 εφεξῆς
431 2230 769 2308 ἐπιχείρημα,
770 2230 823 2278 τὸ
841 2248 1106 2278 κατασκευ-
1145 2280 1148 2281 ⁷

253 2287 386 2361 άζον),
414 2285 490 2335 ότι
518 2307 577 2334 τα
600 2292 798 2336 εναντιά
817 2287 1105 2359 μεταβάλλει

256 2346 324 2398 εἰς
346 2343 546 2416 ἄλληλα.
577 2352 622 2391 In
646 2351 852 2415 proximis
874 2338 968 2404 ἆρα
990 2350 1105 2400 quod

252 2406 427 2461 ponitur
475 2407 516 2446 in
558 2407 887 2460 interrogatione
933 2407 1105 2447 aliunde

254 2474 481 2516 suspensa,
511 2463 728 2516 tetigimus
756 2463 869 2504 hunc
898 2476 1027 2504 usum
1051 2463 1105 2503 ad

252 2518 483 2560 Lachetem
503 2532 548 2572 p.
572 2521 653 2561 185
674 2520 710 2559 D
741 2525 783 2560 et
810 2520 959 2572 Remp.
981 2520 1035 2562 V.
1060 2532 1102 2588 p.

252 2576 399 2616 462A.
424 2573 620 2616 Ceterum
640 2576 872 2616 tenendum
894 2577 995 2617 ista·
1016 2588 1104 2617 ουκ

253 2624 468 2674 αλλοθεν
508 2622 542 2686 ἦ
577 2625 629 2673 ἐκ
658 2631 752 2673 τῶν
782 2626 1015 2674 ἐναντίων
1042 2625 1101 2673 τὰ

255 2679 454 2729 ἐναντία
489 2688 638 2727 addita
668 2700 763 2728 esse
794 2689 849 2728 ad
882 2688 1101 2741 explican-

255 2743 357 2783 dam
385 2755 534 2783 vocem
562 2737 754 2796 οὑτωσί,
786 2752 831 2783 ut
851 2744 974 2783 liceat
993 2742 1103 2783 hane

254 2792 395 2852 ῤ’ῆσιν
436 2796 685 2838 Germanice
723 2799 782 2838 ita
831 2807 1099 2840 converteie:

255 2854 492 2895 sondern
539 2875 593 2882 -
641 2855 752 2895 lass
799 2868 896 2895 uns
946 2856 1102 2895 iiber-

252 2910 417 2964 haupt
467 2910 650 2960 sehen‚
709 2912 770 2951 ob
818 2911 955 2951 alles
1013 2912 1103 2951 mit

255 2966 521 3008 einander
543 2966 640 3007 auf
656 2966 1101 3020 folgendeWeise

256 3022 511 3072 entsteht‚
554 3022 781 3063 namlioh
825 3023 970 3063 nieht
1009 3035 1102 3063 an-

255 3079 560 3121 derswoher
576 3079 653 3120 als
676 3077 1101 3132 dasGegentheil

254 3147 346 3176 aus
389 3137 501 3176 dem
533 3135 860 3200 Gegentheil.
902 3135 972 3176 Sie
1001 3149 1101 3177 mox

321 3193 371 3232 71
391 3194 427 3231 A
448 3186 607 3234 πάντα
629 3204 776 3233 ουτω
797 3191 1027 3256 γίγνεται,
1051 3186 1100 3244 ἐξ

252 3205 487 3291 Ξναντίων
516 3243 574 3289 τὰ
597 3241 795 3290 ἐναντία
815 3242 1097 3302 πράγματα·
1085 3281 1098 3301 ,

309 3333 358 3376 Ε.
390 3326 663 3374 τοιοῦτόν
684 3329 758 3388 τι]
784 3346 843 3373 so.
863 3325 1098 3375 ἐναντιον.

256 3389 666 3454 olympiodorus
696 3390 751 3430 ad
789 3388 831 3430 h.
855 3390 881 3432 Ι.
909 3381 1014 3431 Οτι
1044 3412 1099 3419 ·—

255 3439 314 3487 τὰ
338 3438 534 3490 ἐναντία
555 3439 841 3501 μεταβάλλει
866 3442 932 3494 εἰς
955 3438 1098 3500 άλλη-

1196 1788 1292 1852 λα,
1303 1786 1552 1830 δείκνυσιν
1582 1781 1612 1841 ἡ
1641 1784 1766 1840 λέξις
1789 1783 2049 1843 τριχόθεν

1192 1842 1382 1898 πρῶτον
1420 1857 1507 1898 μεν
1547 1838 1599 1886 ἐκ
1639 1844 1726 1898 τῆς
1767 1838 2040 1914 ἐπαγωγῆς

1192 1899 1520 1965 παρατίθεται
1543 1896 1634 1955 γὰρ
1650 1894 1802 1942 πολλα
1827 1895 2045 1967 ἐναντία,

1193 1948 1224 1997 ἃ
1247 1955 1466 1999 δείκνυσι
1486 1950 1850 2011 μεταβάλλοντα
1870 1954 1938 2006 εἰς
1959 1933 2046 1999 ἄλ·

1194 2014 1339 2080 ληλα·
1373 2007 1601 2067 δεύτερον
1623 2006 1674 2055 ἐκ
1697 2012 1791 2055 τῶν
1811 2010 2049 2083 γενέσεων

1195 2063 1354 2112 αὐτῶν
1381 2067 1467 2111 καὶ
1495 2068 1590 2112 τῶν
1617 2064 1768 2112 ὁδῶν·
1814 2067 1860 2112 εἰ
1879 2065 1969 2138 γὰρ
1991 2065 2049 2112 αἱ

1177 2119 1301 2167 -ὁδοι
1322 2121 1705 2192 μεταβάλλουσιν
1729 2122 1796 2175 εἰς
1803 2119 2042 2194 αλλήλας,

1193 2177 1298 2224 οἷον
1325 2176 1355 2235 ἡ
1389 2175 1641 2231 λεύκανσις
1671 2178 1739 2231 εἰς
1759 2176 1850 2237 τὴν
1870 2184 2047 2251 μελαν-

1194 2250 1284 2292 σιν,
1327 2238 1485 2295 πολλῷ
1514 2239 1733 2305 μᾶλλον
1728 2236 1812 2281 καὶ
1842 2253 1900 2281 τα
1931 2235 2047 2293 τελη

1191 2270 1574 2360 μεταβάλλουσιν
1604 2291 1695 2344 εἰς
1699 2287 1906 2362 ᾇλληλα,
1936 2254 2047 2338 οἷον

1191 2345 1243 2392 τὸ
1270 2346 1442 2393 λευκὸν
1463 2349 1547 2393 καὶ
1575 2345 1628 2393 τὸ
1652 2348 1822 2418 μέλαν’
1864 2352 2049 2421 wr'vxovy

1192 2422 1286 2506 ἲέἶν
1309 2401 2050 2535 ἒξέἷῖξῶνημῖτῗέἷείἶξιεζιςμῖξ

1192 2512 1364 2574 ἄλλο,
1356 2516 1407 2563 ἓν
1437 2516 1490 2562 δε
1520 2515 1577 2562 οὗ
1605 2515 1915 2588 μεταβάλλει·
1957 2519 2041 2563 καὶ

1192 2576 1255 2645 τῷ
1278 2570 1430 2647 χρόνῳ
1452 2570 1690 2619 ἐπιλείποι
1712 2571 1926 2646 θάτερον
1946 2576 2045 2619 τῶν

1195 2620 1443 2697 ε’ναντίων,
1487 2631 1571 2674 καὶ
1620 2626 1767 2675 οὗδεν
1807 2626 2046 2676 ἐναντίων

1191 2683 1339 2753 ἔσται,
1371 2682 1426 2730 τὸ
1432 2665 1616 2731 λοιπὸν
1636 2682 1792 2743 μηδεν
1813 2685 1939 2744 ἕχον,
1971 2687 2046 2739 εἰς.

1191 2735 1217 2785 ὃ
1238 2743 1514 2799 μεταβαλεῖ.

1246 2821 1598 2882 μηδαμόθεν
1635 2821 1894 2871 αλλοθεν
1934 2822 2050 2871 oc6-

1190 2878 1250 2925 τό
1246 2842 1619 2940 μγίγνεσθαι]
1654 2887 2042 2927 Animadversione

1189 2942 1319 3006 digna
1360 2947 1426 2980 est
1463 2940 1568 2982 haee
1596 2954 1621 2981 a
1649 2942 1823 3008 plurali
1845 2955 2044 3008 numero„

1188 2989 1335 3062 ὅσοις,
1365 2998 1420 3038 ad
1449 2997 1728 3051 singularem,
1760 2991 1903 3053 αὐτό,
1933 2999 1976 3043 h.
1999 3012 2039 3041 e.

1189 3047 1350 3095 αὐτῶν
1397 3049 1598 3096 ἕκαστον
1645 3056 1863 3103 transitio,
1914 3056 2041 3096 cuius

1189 3110 1308 3150 aliud
1337 3111 1581 3164 exemplum
1603 3111 1862 3152 simillimum
1895 3111 2037 3152 attulit

1187 3166 1462 3209 Heindorf.
1497 3180 1550 3207 ex
1578 3167 1710 3220 Legg.
1744 3169 1796 3207 11.
1829 3168 2038 3220 p.66713

1189 3215 1385 3264 Οὐκοῦν
1411 3223 1596 3291 πρῶτον
1624 3219 1712 3287 μὲν
1734 3222 1813 3264 δεῖ
1840 3217 1952 3266 τόδε
1982 3236 2037 3278 γε

1185 3272 1420 3344 υπάρχειν
1441 3291 1637 3345 απασιν,
1666 3271 1796 3345 ὅσοις
1818 3291 2037 3346 συμπαρ-

1186 3331 1357 3376 ε’πεταί
1382 3350 1453 3384 τις
1489 3329 1647 3390 χάρις,
1679 3326 1711 3389 ἢ
1741 3334 1881 3376 τοῦτο
1913 3330 2036 3378 αὐτὰ

1185 3386 1334 3445 μόνον
1376 3385 1526 3434 αὐτοῦ
1568 3391 1628 3443 (h.
1652 3404 1686 3431 e.
1721 3385 1882 3434 αὐτῶν
1924 3385 2034 3434 ἑκά-

1186 3448 1317 3500 στου)
1340 3442 1393 3490 τὸ
1417 3441 1799 3490 σπουδαιότατον
1822 3442 1966 3503 εἶναι,
2001 3439 2035 3503 ἥ
