2158 3718
685 144 686 147 ¹
716 167 795 208 AD
836 142 1191 211 SYMPosmM.
1603 175 1794 214 xxxm

111 298 349 352 iunctum
383 316 527 363 esse,
555 302 869 368 u't'uterque
907 308 1173 369 tamquam
1212 300 1528 369 ἀντίστροφος
1565 301 1702 354 inter
1739 322 1793 354 se

111 378 293 423 mutuo
337 371 575 439 quod-am
607 370 819 423 vinculo
867 371 1141 441 copulatus
1187 388 1304 444 esse
1341 371 1517 440 putari
1556 372 1792 425 deberet.

108 438 250 492 Nam
284 442 522 510 primum>
545 440 1069 510 quidemutriusque
1105 441 1265 513 origo
1291 451 1449 510 atque
1485 442 1608 494 fons
1644 442 1793 496 visus

108 510 127 561 i
169 508 225 563 si'
249 511 419 564 estin
453 529 560 563 una
594 512 822 564 maxime
867 512 1247 582 pulcritudine-
1270 513 1606 581 quaerendus
1654 531 1790 568 esse.

111 529 571 647 Quemadmodum
608 582 748 634 enim
782 583 954 652 ipsius
992 583 1254 651 sententia
1291 583 1499 636 divinus
1525 598 1672 637 amor
1696 603 1790 637 ex-

108 652 589 721 citatur2ine‘ffabili
623 653 864 706 idearum
899 649 1272 724 pulcritudine,
1309 672 1445 724 quae
1485 672 1602 708 sese
1626 656 1792 709 menti

105 721 161 775 in
195 721 495 791 divinarum
538 742 716 776 rerum
744 725 1202 795 vcontemplatione
1238 726 1479 779 versanti
1524 734 1791 795 tamquam

108 793 451 865 spectandam
495 794 733 865 praebet,
760 795 847 848 de
891 813 995 864 quo
1040 792 1340 866 philosophi
1385 793 1580 865 placito
1628 815 1792 868 supra

106 864 426 934 explicatum
475 873 581 929 est,
628 866 703 918 ita
752 866 910 918 etiam
948 886 1100 919 amor
1145 867 1248 935 iste
1283 867 1339 918 in
1376 867 1487 919 vita
1525 868 1791 920 communi

101 935 330 988 usitatus
367 954 430 988 ea
464 935 836 1005 pulcritudine,
874 954 1011 1005 quae
1049 945 1129 990 est
1164 937 1315 1005 quasi
1353 937 1564 1007 divinae
1585 938 1789 1007 pulcri-

102 1003 303 1059 tudini's
351 1007 573 1076 species,
606 1006 664 1059 in
707 1007 937 1059 humana
971 1008 1146 1076 figura
1180 1008 1444 1070 relucens,
1496 1008 1674 1063 cietur.
1708 1017 1787 1061 at-

101 1074 205 1144 que
243 1077 574 1145 accenditurg
613 1077 820 1145 de³qua
856 1076 1117 1128 sententia
1151 1077 1200 1129 le
1244 1077 1419 1146 endus
1450 1086 1530 1129 est
1554 1076 1788 1131 Phaedr.

87 1165 152 1216 ‘P·
175 1146 298 1213 249.
316 1145 395 1199 D
433 1147 553 1199 250.
578 1145 650 1199 D.
688 1147 808 1199 251.
834 1144 903 1199 Ε.
963 1146 1176 1199 Deinde
1269 1147 1376 1199 lato
1421 1147 1580 1199 etiam
1628 1148 1789 1202 finem

101 1216 301 1283 statuit
321 1214 532 1286 utrique
568 1216 734 1269 amori
759 1216 1147 1286 quodammodo
1184 1235 1515 1270 communem
1542 1236 1677 1271 esse.
1714 1218 1789 1271 Et

99 1286 358 1346 divinum>
383 1288 598 1357 quidem
643 1300 874 1340 amorem
922 1296 1091 1340 totum
1136 1287 1370 1340 vidimus
1413 1288 1682 1358 pertinere
1718 1291 1787 1342 ad

99 1357 322 1412 divinae‘
347 1358 637 1429 sapientiae
672 1359 903 1410 fructum
940 1366 992 1412 et
1029 1357 1401 1431 cognitionem.
1441 1357 1603 1425 Quod
1639 1360 1785 1413 simi-

96 1429 217 1483 liter
252 1437 395 1483 certe
433 1430 591 1483 etiam
628 1429 693 1482 de
728 1429 950 1483 honesto
986 1448 1273 1500 puerorum
1321 1448 1499 1483 amore
1536 1431 1610 1483 ita
1643 1431 1783 1484 iudi-

100 1499 208 1552 cari
236 1508 466 1570 oportet.
516 1500 747 1553 Tantum
783 1500 953 1572 abestj
972 1501 1129 1565 enim,
1167 1509 1230 1553 ut
1263 1500 1352 1554 ille
1390 1501 1458 1553 ad
1487 1501 1785 1556 lubidinem

97 1570 414 1643 explendam
457 1569 625 1624 fuerit?
664 1580 1025 1641 comparatus,
1073 1581 1133 1624 ut
1159 1572 1347 1625 *omnis
1390 1572 1459 1625 ad
1503 1571 1782 1643 καλοκάγα-

96 1641 207 1697 θίας
244 1642 479 1695 studium
499 1641 844 1712 pertinuerit,
890 1642 1048 1711 quod
1078 1661 1111 1694 a
1162 1639 1387 1696 Graecis
1431 1642 1781 1713 inprimisque

94 1710 514 1766 Atheniensibus
548 1712 734 1782 quanti
769 1713 1107 1782 aestimatum
1155 1713 1239 1778 sit,
1288 1713 1423 1767 adeo
1459 1722 1644 1767 notum
1682 1724 1780 1779 est,

93 1790 157 1834 ut
190 1782 257 1836 de
287 1782 486 1837 haere
521 1802 786 1853 exponere
821 1784 955 1837 velle
999 1784 1386 1855 propemodum
1421 1785 1782 1867 importunum

92 1853 263 1921 videri
297 1854 486 1923 possit.
524 1852 740 1926 Quippe
775 1854 1017 1907 innatum
1055 1864 1135 1908 est
1170 1873 1296 1908 sane
1332 1874 1517 1926 generi
1549 1853 1780 1908 huin'ano

94 1923 418 1977 desiderium
461 1925 749 1994 quoddam'
777 1934 944 1979 semet
977 1926 1155 1996 ipsum
1192 1926 1344 1994 quasi
1380 1926 1536 1978 altius
1572 1926 1777 2001 paulla-

93 1994 498 2060 timneducandi,
534 1996 760 2066 ideoque
797 1996 873 2049 ita
907 1997 1020 2049 fieri
1062 1997 1272 2061 assolet,
1311 2005 1372 2049 ut
1397 1996 1488 2066 qui
1526 2006 1649 2049 sunt
1684 2016 1777 2053 ae-

93 2074 203 2119 tate
239 2068 598 2136 provectiores
634 2077 687 2130 et
720 2068 1005 2138 prudentia
1039 2077 1198 2136 atque
1230 2067 1490 2138 sapientia
1514 2067 1777 2121 excellen-

93 2136 254 2190 tiores
288 2137 724 2208 reliquos’usque
761 2147 1018 2191 conentur
1053 2139 1124 2190 ad
1157 2138 1412 2191 maiorem
1434 2138 1779 2192 humanitatis

96 2207 298 2260 cultum
332 2208 636 2290 perducere.
695 2206 856 2274 Quod
891 2209 1105 2277 quidem
1142 2209 1465 2261 desiderium
1515 2209 1675 2261 etiam
1697 2247 1699 2252 -
1722 2209 1778 2262 in

95 2292 360 2331 commum
395 2279 505 2331 vita
531 2276 859 2332 Graecorum
882 2279 1074 2331 mirum
1100 2289 1357 2347 quantum
1391 2279 1573 2332 eluxit.
1611 2278 1777 2332 Prae-

94 2356 238 2402 terea
272 2368 397 2402 vero
434 2350 590 2402 etiam
630 2350 842 2403 tertium
881 2349 1133 2418 quiddam
1169 2358 1268 2413 est,
1311 2350 1455 2403 unde
1498 2348 1777 2419 utriusque

93 2420 288 2472 amoris
335 2420 578 2490 cognatio
623 2429 676 2474 et
723 2420 1058 2474 necessitudo
1102 2419 1472 2491 perspiciatur.
1533 2420 1779 2473 Pertinet

93 2490 235 2543 enim
269 2498 490 2560 uterque
526 2503 674 2545 amor
706 2510 813 2544 non
849 2491 918 2543 ad
955 2490 1197 2554 feminas,
1237 2490 1332 2544 sed
1367 2491 1436 2544 ad
1469 2489 1643 2544 mares
1691 2491 1774 2544 in-

68 2561 384 2632 primisque
421 2562 688 2616 erectioris
730 2561 932 2633 ingenii
967 2562 1348 2615 adolescentes.
1407 2561 1567 2628 Quod
1603 2580 1774 2631 quan-

92 2632 288 2686 tumvis
335 2633 506 2705 primo
550 2632 807 2703 adspectu
853 2633 1143 2703 permirum
1189 2632 1448 2696 videatur,
1493 2642 1669 2685 tamen
1717 2652 1776 2686 re

93 2704 392 2757 accuratius
437 2704 651 2787 cognita
694 2704 751 2756 in
792 2703 913 2774 ipsa
960 2703 1075 2756 eius
1127 2711 1322 2755 natura
1373 2704 1605 2775 positum
1659 2722 1775 2756 esse

92 2774 237 2827 nullo
259 2775 481 2858 negotio¹
509 2774 850 2845 1ntelligetur.
888 2774 1106 2827 Etenim
1134 2774 1364 2843 primum
1401 2774 1615 2844 quidem
1647 2773 1775 2827 Pla-

94 2845 300 2898 tonicus
333 2846 421 2899 1116
458 2864 622 2909 amor,
671 2864 828 2915 quem
862 2845 1208 2916 philosophus
1253 2845 1571 2915 sapientium
1607 2845 1777 2899 voluit

95 2930 212 2968 esse
245 2917 539 2985 proprium,
577 2935 670 2969 cur
705 2935 811 2969 non
847 2916 916 2968 ad
951 2917 1197 2969 mulieres
1238 2915 1516 2987 pertineat,
1544 2934 1773 2970 caussae

95 2983 151 3035 in
187 2986 398 3054 promtu
434 2995 571 3038 sunt.
607 2985 748 3038 Nam
783 2986 1243 3056 philosophantem
1277 2987 1553 3039 mulierem
1593 2986 1774 3055 ecquis

99 3062 181 3107 est
223 3055 351 3123 quin
405 3056 622 3108 miretur
664 3065 942 3124 tamquam
996 3057 1260 3129 singulare
1317 3057 1601 3126 quiddam?
1671 3056 1774 3107 Est

98 3124 238 3177 enim
282 3123 518 3195 profecto
556 3126 832 3179 'muliebris
880 3127 1082 3198 ingenii
1127 3146 1190 3180 ea
1235 3128 1464 3192 indoleS,
1523 3145 1658 3195 quae
1703 3126 1771 3176 ad

96 3195 455 3266 philosophiae
495 3195 870 3249 sublimitatem
905 3194 1311 3267 haudquaquam
1344 3200 1487 3251 facta
1509 3198 1768 3259 videatur,

96 3275 156 3318 ut
189 3266 304 3319 iure
340 3267 393 3319 in
429 3265 696 3318 miraculis
731 3277 1053 3331 numeretur,
1094 3269 1138 3322 si
1162 3287 1268 3338 qua
1291 3269 1477 3321 mulier
1502 3266 1771 3320 Diotimae

96 3336 265 3389 instar
298 3337 415 3407 ipsa
450 3336 812 3406 philosophiae
847 3339 1136 3408 penetralia
1176 3339 1453 3393 intraverit
1488 3347 1647 3405 atque
1687 3355 1770 3389 sa-

154 3411 262 3451 Plat.
285 3412 392 3464 Opp.
423 3412 522 3452 Vol.
543 3411 576 3451 1.
608 3411 718 3452 Sect.
740 3411 819 3450 III.
1332 3410 1435 3438 Ηυξ
