2222 3762
1675 124 1797 183 ‘LV

94 272 287 326 afferat
346 272 794 340 delectationem,
849 274 1012 325 etiam
1075 271 1367 325 coniuncta
1411 272 1482 324 sit
1532 278 1587 324 et
1635 273 1794 341 quasi

94 339 349 415 copulata
385 342 583 410 unitas,
601 361 763 413 quam
789 353 990 396 vocant
1016 342 1271 410 technici,
1301 342 1405 395 hoc
1433 350 1518 395 est
1555 343 1794 395 omnium

94 433 159 467 ac
176 413 515 485 singularum
538 415 775 484 partium
799 416 954 483 quasi
982 414 1272 468 consensio
1290 412 1575 482 quaedam,
1596 408 1794 467 effecta

91 485 188 538 ina
225 504 313 554 ec,
348 484 499 555 quod
536 486 717 538 omnia
755 485 824 538 ad
863 506 1030 539 unum
1073 484 1412 555 eundemque
1447 484 1611 537 finem
1651 484 1792 538 refe-

91 563 310 621 runtur3
389 564 511 609 oeta
533 555 894 627 philosophus
923 559 1085 610 etiam
1112 556 1215 609 hac
1242 557 1298 608 in
1326 574 1381 607 re
1421 555 1791 610 admirabilem

91 636 259 680 artem
296 577 562 695 adhibuit,
605 627 699 696 qui
735 630 915 681 omnia
952 629 1063 697 illa,
1094 646 1232 698 quae
1270 627 1549 680 varietatis
1589 627 1794 681 habent

93 697 528 766 delectationem,
561 699 640 752 ita
667 699 761 751 uni
788 700 1054 753 sermonis
1087 698 1312 752 consilio
1354 706 1409 751 et
1442 697 1539 750 fini
1577 717 1792 751 accom-

89 769 394 823 modaverit
431 777 486 822 et
524 772 979 840 attemperaverit,
1029 778 1093 823 ut
1129 770 1263 822 nihil
1299 770 1486 839 inepte
1522 770 1792 822 intrusum

52 888 55 890 ,
92 841 193 908 sit,
242 840 383 893 nihil
431 841 654 894 moleste
709 841 1082 910 desideretur,
1122 848 1320 894 cuncta
1357 841 1500 893 inter
1538 860 1595 894 se
1634 841 1792 910 quasi

10 924 13 925 ’
91 912 266 965 amica
304 911 535 981 quadam
574 914 930 966 consensione
969 912 1305 966 concordent
1343 919 1397 964 et
1433 912 1668 983 principi
1706 931 1791 964 ar-

91 992 351 1054 gumento
403 983 665 1036 sermonis
717 982 1042 1037 illustrando
1111 984 1424 1036 inserviant.
1500 985 1586 1036 Ac
1634 991 1790 1036 tanto

89 1053 212 1124 plus
248 1054 389 1107 'lucis
427 1062 653 1106 externa
687 1053 780 1105 illa
817 1053 1022 1124 dialogi
1047 1053 1258 1125 species
1283 1053 1390 1123 ipsi
1428 1051 1790 1123 disputationi

90 1123 280 1178 afferre
321 1124 479 1192 solet,
514 1123 663 1194 quod
702 1143 766 1177 ea
802 1125 880 1177 ita
917 1133 1002 1178 est
1038 1131 1368 1195 comparata,
1397 1131 1459 1176 ut
1494 1143 1604 1177 non
1642 1143 1789 1177 mero

89 1195 321 1267 ingenii-v
351 1194 475 1249 lusu
510 1196 762 1264 inventa,
803 1195 902 1248 sed
940 1196 1261 1267 plerumque
1300 1195 1368 1248 ad
1410 1196 1585 1266 ipsam
1622 1195 1799 1266 vitam

88 1266 396 1335 hominum,
438 1267 613 1337 qualis
663 1267 760 1319 illa·
811 1275 987 1320 aetate
1039 1268 1174 1335 fuit,
1225 1267 1565 1320 conformata
1612 1267 1685 1320 sit
1736 1274 1792 1320 et

90 1345 462 1419 attemperata.
546 1337 731 1405 Quum
794 1339 936 1392 enim
1005 1338 1180 1391 omnis
1241 1338 1490 1391 Platonis
1543 1339 1684 1392 ratio
1735 1348 1791 1392 et

89 1407 338 1462 doctrina
374 1407 656 1480 paullatim
692 1418 822 1463 nata
866 1417 1009 1463 esset
1046 1429 1114 1462 ex
1155 1409 1459 1478 aequalium
1497 1408 1788 1478 sentiendi,

89 1479 371 1551 cogitandi
421 1480 730 1552 agendique
781 1482 1022 1550 ratione,
1076 1499 1254 1550 neque
1303 1481 1422 1534 fieri
1475 1479 1586 1534 ullo
1624 1481 1788 1535 modo

87 1559 293 1622 posset,
335 1553 467 1621 quin
506 1551 578 1604 ad
615 1552 841 1605 eandem
880 1552 1190 1620 referretur,
1221 1571 1527 1606 sermonum
1566 1570 1790 1606 suorum

88 1631 337 1676 ornatum
373 1624 452 1676 ita
487 1623 576 1676 ille
603 1623 808 1696 delegit
834 1632 889 1676 et
911 1624 1185 1692 instruxit,
1211 1632 1274 1676 ut
1299 1623 1369 1676 ad
1398 1623 1787 1695 sophistarum,

85 1693 569 1766 philosophorum,
613 1695 848 1748 virorum
887 1695 1160 1764 civilium,
1201 1695 1438 1764 denique
1479 1696 1789 1764 aequalium

86 1784 285 1833 moreS,
325 1766 594 1835 instituta,
626 1766 848 1837 placita,
878 1767 1162 1838 opiniones
1200 1767 1518 1835 respexerit.
1591 1767 1788 1837 Itaque

88 1837 350 1907 sophistis
376 1838 594 1906 fastum,
622 1839 1006 1909 arrogantiam,
1031 1838 1248 1891 inanem
1284 1836 1564 1891 doctrinae
1604 1846 1787 1892 osten-

87 1908 352 1962 tationem
398 1909 605 1977 tribuit,
650 1910 967 1980 pariterque
1009 1928 1186 1963 mores
1222 1909 1451 1961 aliorum
1489 1909 1785 1977 hominum,

89 1997 228 2048 quos
253 1981 540 2051 loquentes
567 1979 886 2048 introduxit,
906 1981 984 2034 ita
1009 1980 1268 2034 describit
1299 1988 1354 2033 et
1374 1981 1533 2051 quasi
1553 1981 1784 2052 effingit,

85 2057 149 2104 ut
198 2051 492 2123 imaginem
541 2071 730 2106 eorum
774 2059 1037 2121 tanquam
1087 2052 1286 2105 mentis
1345 2052 1516 2106 oculis
1557 2071 1786 2106 -cernere

86 2121 386 2175 videamur.

227 2198 414 2262 Atque
462 2194 568 2247 hoc
614 2193 736 2247 loco
786 2194 948 2247 etiam
997 2193 1204 2262 aliquid
1262 2191 1554 2245 dicendum
1597 2201 1681 2246 est
1717 2193 1785 2246 de

89 2261 346 2332 Socrate,
386 2283 546 2333 quem
586 2264 747 2318 Plato
799 2284 909 2318 non
958 2265 1131 2320 solum
1181 2262 1248 2316 ad
1285 2264 1461 2334 ipsam
1501 2264 1786 2317 veritatem

89 2333 350 2406 depinxit,
379 2334 475 2389 sed
501 2343 759 2418 tanquam
796 2336 1097 2407 perfectum
1134 2335 1433 2406 sapientem
1471 2334 1785 2405 loquentem

89 2405 234 2459 facit.
311 2404 491 2474 Quam
552 2406 769 2475 quidem
826 2427 939 2460 rem
987 2408 1387 2462 obtrectatores
1438 2406 1555 2459 eius
1602 2424 1784 2478 repre-

86 2476 334 2531 hendunt
381 2477 726 2532 acerbissime
764 2478 833 2548 ²¹⁸).
919 2478 1134 2532 Dicunt
1184 2477 1327 2530 enim
1374 2477 1452 2529 illi
1501 2475 1783 2531 Socratem

89 2555 184 2601 aut
219 2547 339 2602 aliis
376 2549 538 2619 plane
575 2549 816 2603 moribus
855 2569 1018 2619 quam
1055 2549 1253 2620 quibus
1290 2547 1784 2620 revera'praeditus

88 2619 256 2672 fuerit
307 2621 487 2673 ornari
538 2620 824 2689 debuisse,
872 2629 935 2674 ut
989 2622 1172 2676 statim
1221 2619 1457 2690 intelligi
1508 2627 1699 2690 posset
1734 2620 1785 2673 ei

93 2690 283 2762 affingi
322 2691 515 2759 aliena,
545 2700 657 2760 aut,
697 2693 993 2747 virtutibus
1029 2693 1144 2746 eius
1182 2690 1251 2743 ad
1289 2691 1465 2761 ipsam
1502 2691 1784 2744 veritatem

68 2760 399 2832 -descriptis,
429 2762 684 2817 debuisse
722 2763 802 2817 sic
839 2763 1043 2832 induci,
1068 2772 1131 2818 ut
1166 2763 1327 2816 etiam
1365 2762 1641 2834 ingenium
1677 2762 1784 2833 ipsi

90 2833 370 2906 proprium
435 2834 670 2888 fideliter
723 2834 1123 2907 depingeretur.
1198 2834 1407 2887 Verum
1462 2833 1603 2886 enim
1650 2852 1781 2886 vero

91 2905 186 2974 qui
210 2905 495 2958 Platonem
535 2905 676 2959 hanc
710 2906 780 2960 ob
806 2926 1024 2959 causam
1052 2904 1538 2978 reprehenderunt,
1563 2905 1621 2971 ii,
1649 2903 1784 2973 quid

87 2976 240 3048 leges
290 2977 420 3029 artis
468 2978 716 3047 poeticae
766 2978 1014 3047 exigant,
1056 2997 1166 3032 non
1201 2976 1456 3030 videntur
1492 2977 1625 3030 satis
1661 2993 1784 3047 per-

89 3047 346 3118 spexisse.
421 3046 605 3115 Quum
629 3049 768 3102 enim
803 3049 1161 3122 philosophus
1198 3049 1254 3102 in
1293 3048 1633 3103 sermonibus
1669 3046 1782 3101 suis

91 3118 290 3189 primas
342 3117 413 3172 ad
462 3118 777 3189 Socratem,
825 3121 882 3174 in
942 3139 1106 3191 quem
1163 3127 1422 3189 tanquam
1480 3120 1782 3191 perfectum

151 3347 196 3399 *J
226 3348 388 3400 Diog.
420 3348 605 3389 baert.
638 3347 723 3391 111.
755 3349 825 3393 36.
861 3349 1055 3390 Athen.
1092 3349 1139 3388 V.
1177 3348 1244 3392 18.
1274 3346 1353 3389 x1.
1386 3347 1453 3392 15.
