2222 3762
316 130 713 190 PLATONIS
751 129 1236 186 APOLOGIAM
1274 128 1675 185 SOCRATIS.
1780 132 1840 189 ll

154 276 276 329 niae
316 276 578 329 iacturam
624 273 877 327 facillime
925 271 997 327 sit
1043 271 1269 324 laturus.
1357 269 1478 322 Nec
1537 288 1663 322 vero
1722 269 1846 340 plus

154 347 260 401 sibi
292 346 570 418 *pecuniae
621 350 911 415 suppetere
959 362 1120 413 quam
1174 359 1338 393 unam
1375 341 1586 412 argenti
1619 339 1846 403 minam3

156 418 341 472 amicis
388 425 571 470 tamen
623 415 979 487 sponsoribus
1029 431 1087 466 se
1134 412 1361 482 triginta
1408 412 1581 465 minas
1635 409 1844 474 offerre,

154 508 295 558 quae
333 507 542 558 poenae
579 488 700 541 loco
738 487 1018 539 solvantur
1055 485 1134 555 (p.
1175 485 1262 537 36.
1293 483 1367 537 A.
1408 514 1472 522 -—
1514 483 1599 536 38.
1640 482 1748 552 B.).

140 608 141 611 ,
302 560 488 612 Tertia
536 577 664 630 pars
726 557 894 611 libelli
943 556 1187 610 continet
1238 554 1540 607 orationem
1587 561 1716 623 post
1762 571 1850 606 se-

156 630 390 684 cundam
437 629 676 683 iudicum
726 628 1126 682 damnationem
1174 626 1432 679 habitam.
1509 625 1854 678 Vaticinatur

157 702 327 773 igitur
364 710 549 754 orator
586 701 684 769 iis,
726 701 821 769 qui
857 700 1034 770 ipsum
1073 697 1510 764 damnavissent,
1559 704 1852 754 venturum

155 791 275 826 esse
337 771 630 842 aliquando
691 779 937 841 tempus,
1005 790 1112 839 quo
1170 769 1318 839 ipsos
1376 767 1673 821 iniustitiae
1722 768 1853 820 suae

155 843 448 914 poeniteat.
523 844 642 896 Illis
677 862 837 910 vero,
879 842 972 912 qui
1009 840 1402 907 absolvissent,
1454 838 1756 906 confirmat,
1794 857 1853 891 se

157 934 268 968 non
318 915 547 968 invitum
596 914 759 967 morti
811 913 1023 966 obviam
1077 913 1156 964 ire
1209 910 1307 964 sed
1343 910 1546 962 laetum
1596 908 1854 979 quiddam

157 993 488 1056 exspectare.
560 985 759 1053 Neque
796 984 938 1035 enim
975 982 1318 1035 daemonium
1355 981 1461 1034 sibi
1498 980 1658 1034 domo
1699 999 1854 1052 egre—

159 1056 330 1109 dienti
377 1057 434 1108 in
486 1056 747 1109 iudicium
786 1061 879 1107 aut
913 1059 1232 1125 suggestum
1271 1051 1489 1104 dicendi
1527 1070 1722 1105 caussa
1759 1050 1855 1103 ad-

158 1125 438 1189 scendenti
487 1126 832 1180 adversatum
883 1143 1032 1192 esse,
1084 1122 1230 1175 unde
1279 1122 1512 1176 divinari
1564 1141 1726 1193 posse
1774 1122 1855 1174 vi·-

159 1198 368 1266 deatur,
408 1205 634 1251 mortem
671 1216 780 1250 non
819 1214 938 1249 esse
974 1196 1030 1247 in
1051 1194 1206 1247 malis
1231 1193 1550 1246 ducendam.
1615 1191 1855 1247 Omnino

161 1270 302 1322 enim
339 1288 452 1321 rem
489 1269 567 1322 ita
600 1287 658 1321 se
696 1268 921 1321 habere:
961 1273 1221 1333 mortem,
1261 1266 1374 1318 sive
1413 1267 1626 1318 auferat
1662 1283 1856 1318 sensus

160 1341 274 1394 sive
312 1359 410 1394 nos
447 1340 505 1393 in
543 1340 707 1392 alium
744 1339 925 1392 locum
961 1335 1232 1404 traducat,
1273 1357 1383 1389 non
1416 1355 1536 1389 esse
1573 1355 1675 1405 pro
1712 1335 1856 1388 malo

157 1411 466 1470 habendam
507 1411 605 1466 sed
650 1418 926 1480 tamquam
976 1408 1217 1461 divinum
1266 1408 1592 1461 beneficium
1653 1407 1856 1478 ample-

160 1481 440 1548 ctendam3
478 1501 657 1552 neque
690 1501 818 1534 vero
857 1481 974 1533 viro
1011 1481 1157 1534 bono
1197 1487 1251 1532 et
1287 1479 1517 1532 honesto
1541 1478 1670 1531 mali
1697 1477 1858 1548 quid-

161 1571 323 1625 quam
358 1572 524 1624 posse
561 1552 838 1620 accidere,
897 1552 1101 1622 quippe
1139 1551 1292 1604 cuius
1329 1569 1416 1604 res
1456 1566 1641 1603 omnes
1683 1569 1716 1602 a
1751 1549 1855 1602 diis

161 1625 437 1695 sapienter
473 1645 536 1679 ac
571 1623 837 1678 benevole
875 1623 1264 1694 gubernentur.
1315 1621 1571 1690 Denique
1599 1628 1755 1692 optat
1776 1629 1858 1689 ,ut

161 1696 370 1750 iudices
423 1696 491 1750 de
540 1696 669 1749 filiis
720 1695 832 1749 suis
883 1695 1022 1747 hanc
1075 1700 1287 1747 sumant
1327 1692 1660 1760 vindictam,·
1699 1699 1763 1745 ut
1810 1692 1858 1745 si

147 1775 257 1821 aut
295 1767 513 1821 divitias
554 1775 608 1820 et
647 1785 778 1838 opes
814 1766 1002 1819 virtuti
1041 1772 1401 1835 anteponant,
1455 1771 1549 1816 aut
1584 1764 1735 1816 inani
1772 1783 1858 1817 sa-

159 1839 397 1910 pientiae
435 1839 690 1910 opinione
727 1836 902 1890 inflati
939 1839 1066 1904 sint,
1107 1836 1350 1889 similiter
1371 1835 1856 1906 reprehendantur,

162 1911 542 1982 corripiantur,
583 1909 938 1980 castigentur,
978 1915 1142 1977 atque
1179 1908 1296 1978 ipse
1338 1907 1405 1960 de
1425 1906 1857 1960 Atheniensibus

162 1983 340 2035 facer-e
379 1981 722 2035 consueverit
759 1985 836 2051 (p.
878 1982 960 2033 38.
1001 1978 1063 2032 C.
1103 2011 1172 2018 —
1209 1981 1293 2034 42.
1331 1978 1447 2047 A.).

303 2053 394 2106 En
441 2053 608 2106 habes
665 2065 1041 2123 argumentum
1078 2050 1410 2103 defensionis
1450 2048 1764 2105 Socraticae
1802 2046 1858 2097 in

162 2124 381 2178 brevius
422 2131 759 2177 contractum
798 2123 1009 2175 omissis
1040 2121 1365 2190 quibusdam
1391 2121 1640 2191 partibus
1679 2119 1858 2170 minus

163 2195 438 2266 gravibus,
512 2193 677 2262 Quod
717 2193 936 2262 quidem
973 2193 1359 2246 contuentibus
1396 2192 1554 2244 nobis
1579 2211 1689 2243 uno
1711 2207 1858 2241 men-

165 2267 236 2319 tis
276 2266 470 2318 obtutu
507 2264 932 2335 diligentiusque
969 2263 1438 2316 considerantibus
1464 2262 1687 2315 dubium
1712 2266 1859 2313 certe

166 2357 276 2390 non
312 2336 559 2404 videtur,
601 2336 734 2404 quin
772 2335 952 2387 omnia
988 2336 1063 2386 ita
1100 2334 1209 2386 sint
1247 2341 1586 2404 comparata,
1636 2340 1698 2385 ut
1735 2349 1858 2401 spe-

167 2409 279 2461 cies
329 2415 384 2460 et
431 2408 609 2478 imago
648 2406 891 2461 Socratis
930 2406 1070 2462 ultra
1105 2405 1449 2475 popularium
1486 2424 1707 2458 suorum
1745 2410 1859 2455 stu-

167 2479 258 2532 dia
303 2478 434 2531 elati
484 2497 645 2547 quam
694 2476 1009 2544 fidelissime¹
1056 2477 1125 2529 ad
1178 2477 1320 2528 vitae
1359 2476 1643 2528 veritatem
1679 2473 1859 2527 defor-

169 2557 315 2603 mata
350 2549 688 2602 exhibeatur.
762 2548 919 2601 Nihil
957 2548 1099 2600 enim
1137 2567 1366 2617 usquam
1404 2547 1671 2618 reperias,
1712 2543 1860 2614 quod

167 2622 263 2674 uni
310 2621 559 2674 Platonis
611 2619 875 2673 debeatur
922 2619 1172 2691 ingeni03
1225 2618 1360 2671 nihil
1408 2617 1556 2688 quod
1601 2614 1862 2670 laudandi

170 2711 363 2746 caussa
397 2711 546 2744 mero
583 2691 806 2744 arbitrio
845 2691 1085 2761 positum
1122 2698 1216 2743 aut
1255 2690 1548 2743 confictum
1587 2689 1686 2753 sit3
1725 2686 1860 2740 nihil

171 2762 319 2833 quod
369 2783 399 2814 a
446 2782 678 2833 persona
728 2761 1002 2830 Socratis,
1056 2762 1268 2831 qualem
1317 2761 1530 2815 aliunde
1581 2759 1861 2832 cognitum

171 2835 460 2901 habemus,
509 2834 743 2886 alienum
792 2852 907 2887 esse
959 2833 1227 2902 suspicari
1273 2832 1451 2886 liceat.
1525 2832 1643 2885 Imo
1683 2829 1862 2884 omnia

174 2914 337 2975 atque
377 2905 620 2975 singula,
663 2923 800 2973 quae
837 2904 904 2957 de
944 2925 1007 2958 eo
1048 2900 1337 2970 dicuntur,
1391 2903 1527 2956 adeo
1575 2905 1630 2955 in
1684 2903 1861 2973 ipsum

173 2976 522 3044 conveniunt,
561 2986 640 3044 ut,
678 2976 806 3028 licet
843 2976 1038 3046 partim
1076 2976 1369 3046 singularia
1407 2976 1532 3042 sint,
1572 2982 1628 3027 et
1662 2974 1718 3025 in
1756 2973 1861 3024 hoc

173 3068 281 3102 uno
321 3047 569 3100 Platonis
606 3066 770 3116 opere
807 3047 1002 3100 litteris
1037 3047 1338 3118 perscripta
1373 3047 1741 3116 reperiantur,
1780 3056 1862 3095 ta-

173 3139 295 3172 men
343 3119 451 3188 ipsi
497 3118 655 3187 priva
701 3125 865 3186 atque
913 3119 1133 3188 propria
1186 3137 1302 3170 esse
1341 3136 1442 3169 nec
1481 3118 1733 3186 cuiquam
1771 3114 1863 3166 alii

174 3190 482 3243 mortalium
521 3188 743 3242 attribui
781 3207 941 3260 posse
980 3189 1275 3256 unicuique
1314 3188 1593 3241 fatendum
1631 3187 1718 3240 sit.

316 3261 460 3314 Nam
506 3267 568 3312 ut
614 3259 846 3329 primum
897 3260 1138 3314 dicamus
1178 3259 1244 3313 de
1286 3259 1468 3312 indole
1506 3267 1670 3329 atque
1709 3258 1862 3326 inge-

175 3333 266 3387 nio
300 3333 471 3404 ipsius
510 3330 872 3400 defensioniS,
927 3332 1092 3386 refert
1139 3331 1231 3384 illa
1268 3333 1513 3401 profecto
1550 3328 1860 3402 planissime
