2222 3762
416 173 597 226 XXII

420 334 529 388 gna
577 321 723 367 esset
768 314 886 366 laus
942 320 996 366 et
1032 311 1326 364 auctoritas
1373 308 1661 371 doctrinae
1690 309 2111 382 Pythagoricae,

421 404 582 457 quam
618 385 868 438 novimus
900 385 956 436 in
995 382 1231 437 Graecia
1266 401 1463 453 magna
1500 381 1770 451 floruisse,
1808 381 1952 435 illius
1989 400 2114 450 per-

419 455 728 511 noscendae
801 449 1102 527 cupiditate
1164 452 1430 521 impulsus
1487 454 1719 524 primum
1779 453 1836 505 in
1896 451 2115 505 Italiam

419 528 665 596 traiecit,
721 527 815 581 ubi
861 527 1164 598 Archytam
1214 524 1602 591 Tarentinum,
1653 522 1946 577 Eudoxum
1983 520 2115 576 Cni-

422 599 599 668 dium,
641 599 806 667 alios,
847 598 914 652 de
952 597 1227 668 physiciS,
1267 595 1691 664 mathematicis,
1743 594 1967 663 ethicis,
2019 613 2115 647 au-

423 671 560 723 divit
595 670 952 740 disputantes.
1040 667 1195 734 Quae
1250 666 1430 737 qualia
1475 667 1707 735 fuerint,
1765 683 1832 718 ex
1870 664 2115 734 Timaeo,

424 742 679 807 Philebo,
733 741 962 807 Politia,
1021 739 1140 792 aliis
1188 738 1370 805 libris,
1436 757 1572 808 quos
1638 745 1829 809 postea
1877 737 2114 807 scripsit,

425 812 721 865 existimari
756 819 956 882 potest.
1031 811 1096 863 In
1136 810 1222 863 his
1263 810 1405 862 enim
1444 809 1673 879 aliisque
1711 808 1928 880 scriptis
1967 808 2120 878 quod

422 884 707 936 manifesta
757 901 1016 953 expressa
1073 889 1200 935 sunt
1247 880 1480 951 vestigia
1516 879 1800 934 doctrinae
1839 879 2118 952 Pythago-

422 956 601 1021 ricae,
650 953 708 1006 id
757 954 889 1006 satis
941 961 1129 1023 aperte
1167 952 1435 1015 declarat,
1489 959 1694 1021 quanto
1743 950 1924 1004 studio
1971 951 2119 1005 illam

425 1026 703 1096 amplexus
742 1026 838 1090 sit3
879 1044 1202 1094 quanquam,
1225 1023 1519 1077 tenendum
1558 1031 1641 1077 est
1679 1043 1800 1076 eum
1840 1021 2122 1095 Pythago-

424 1098 538 1150 rica
573 1116 682 1149 non
729 1095 906 1150 videri
941 1097 1156 1168 integra
1206 1104 1261 1149 et
1296 1097 1581 1148 immutata
1627 1094 1946 1162 retinuisse,
2002 1093 2120 1163 sed,

426 1167 572 1237 quod
619 1167 763 1221 idem
814 1167 881 1220 de
918 1168 1213 1236 Heracliti,
1263 1166 1606 1220 Parmenidis
1655 1174 1819 1235 atque
1872 1165 2120 1220 Socratis

427 1239 674 1293 doctrina
710 1240 788 1292 ita
825 1238 1055 1292 iudicari
1093 1239 1274 1307 debet,
1315 1238 1386 1291 ad
1423 1257 1550 1291 suae
1587 1238 1757 1308 ipsius
1798 1235 2121 1306 disciplinae

423 1311 686 1364 rationem
724 1311 1113 1365 conformasse.
1187 1310 1277 1364 Ex
1327 1329 1436 1379 qua
1473 1328 1531 1362 re
1569 1308 1992 1379 explicationem
2026 1307 2122 1361 ha-

423 1384 519 1436 bet
556 1382 779 1452 antiqua
814 1382 909 1435 illa
944 1383 1116 1451 fama,
1159 1401 1191 1435 a
1226 1380 1479 1435 Platonis
1520 1379 2000 1434 calumniatoribus
2039 1398 2124 1434 se·
2163 1405 2166 1409 ·

426 1453 556 1508 dulo
603 1453 673 1506 ad
723 1454 1056 1524 posteritatis
1093 1454 1405 1507 memoriam
1452 1459 1782 1524 propagata,
1835 1469 1945 1520 qua
1984 1451 2124 1504 fere-

424 1526 586 1580 batur
622 1525 987 1597 Pythagoreis
1034 1526 1207 1584 multa
1245 1523 1572 1595 surripuisse
1624 1531 1679 1576 et
1715 1522 1785 1575 ad
1820 1535 1934 1575 rem
1971 1541 2124 1576 suam

425 1597 787 1650 transtulisse.
874 1596 1056 1664 Quum
1105 1604 1287 1650 autem
1335 1595 1549 1648 videret
1598 1594 1668 1647 ad
1716 1593 2124 1677 Pythagoricae

428 1669 709 1722 doctrinae
756 1669 972 1740 plenam
1009 1669 1413 1740 perfectamque
1459 1666 1874 1737 intelligentlam
1923 1666 2126 1733 requiri

427 1747 734 1793 accuratam
787 1741 1067 1793 scientiam
1121 1760 1298 1793 rerum
1347 1737 1879 1805 mathematiearum,
1936 1737 2126 1791 relicta

427 1812 592 1865 Italia
639 1812 832 1883 petivit
880 1811 1160 1884 Cyrenas,
1218 1821 1281 1864 ut
1330 1809 1544 1862 audiret
1591 1808 1967 1876 Theodorum,
2031 1810 2125 1879 qui

431 1903 595 1954 quum
637 1883 763 1936 olim
806 1884 1036 1936 Athenis
1074 1891 1323 1936 versatus
1353 1888 1519 1949 esset,
1559 1900 1810 1952 magnam
1832 1880 1908 1933 ibi
1934 1888 2126 1934 nactus

431 1969 545 2008 erat
584 1954 864 2008 doctrinae
902 1955 1117 2008 laudem
1159 1955 1232 2024 ἧι).
1307 1953 1383 2006 Et
1430 1953 1518 2005 hic
1574 1951 1791 2021 quidem
1831 1971 1992 2021 quam
2031 1951 2127 2004 diu

430 2034 795 2080 commoratus
836 2027 936 2094 sit,
975 2046 1086 2079 non
1125 2031 1360 2078 constat.
1432 2024 1590 2077 Fecit
1642 2031 1821 2076 autem
1871 2023 1978 2076 hoc
2024 2023 2128 2076 iter

418 2098 484 2150 in
521 2097 765 2150 Africam
803 2106 1150 2169 susceptum,
1199 2105 1261 2150 ut
1297 2116 1418 2148 eum
1453 2094 1739 2148 invaderet
1776 2095 1937 2147 etiam
1975 2095 2127 2165 cupi-

431 2169 574 2222 ditas
610 2168 825 2222 visendi
864 2171 1200 2242 Aegyptum.
1275 2168 1435 2220 Hanc
1490 2167 1631 2219 enim
1668 2174 1866 2219 terram
1903 2174 2131 2219 noverat

428 2241 662 2312 plurima
702 2240 932 2310 habere,
974 2260 1113 2310 quae
1151 2239 1278 2310 quia
1318 2240 1385 2293 ab
1427 2237 1652 2290 aliorum
1689 2237 2015 2308 populorum
2052 2238 2129 2290 le-

431 2313 622 2384 gibuS,
675 2312 916 2365 moribus
969 2325 1024 2366 et
1071 2311 1339 2365 institutis
1376 2309 1603 2363 multum
1638 2309 1987 2376 recederent,
2039 2328 2130 2362 co-

432 2385 586 2455 gnitu
625 2390 679 2435 et
715 2383 955 2435 iucunda
991 2391 1176 2436 essent
1214 2390 1270 2434 et
1309 2381 1480 2434 utilia.
1554 2380 1752 2449 Neque
1779 2380 1973 2432 fefellit
2007 2399 2128 2431 eum

433 2454 786 2524 exspectatio.
871 2453 1199 2522 Quanquam
1247 2452 1388 2504 enim
1440 2450 1510 2502 ad
1561 2449 1839 2503 doctrinae
1876 2468 2006 2503 suae
2043 2470 2129 2503 ra-

432 2526 638 2578 tionem
687 2523 1079 2576 emendandam
1128 2523 1216 2575 vel
1253 2520 1689 2593 amplificandam
1738 2521 1871 2574 nihil
1918 2522 2129 2576 fructus

435 2615 503 2649 ex
539 2597 796 2666 Aegypto
835 2595 1154 2664 reportavit,
1193 2601 1374 2646 tamen
1411 2601 1564 2645 tanta
1600 2593 1675 2646 ibi
1711 2592 2008 2647 instructus
2048 2602 2132 2646 est

433 2686 613 2719 rerum
649 2665 1058 2719 utilissimarum
1095 2665 1433 2736 cognitione,
1477 2672 1536 2716 ut
1572 2663 1733 2718 huius
1768 2665 1974 2719 itineris
2003 2666 2131 2719 sub-

434 2737 562 2791 inde
612 2757 720 2790 non
768 2737 885 2790 sine
933 2736 1174 2790 iucunda
1221 2735 1598 2788 recordatione
1644 2737 1974 2790 mentionem
2007 2737 2130 2789 inii-

439 2809 563 2862 ciat.
648 2808 725 2861 Et
768 2809 1114 2878 profecturus
1165 2814 1281 2860 erat
1327 2807 1473 2859 haud
1525 2806 1690 2860 dubie
1744 2808 1902 2860 etiam
1954 2808 2010 2860 in
2046 2828 2131 2862 re-

438 2881 628 2953 giones
666 2879 962 2948 Asiaticas,
1004 2899 1143 2950 quae
1179 2878 1446 2933 florebant
1468 2878 1721 2933 similium
1756 2879 2129 2934 institutorum

441 3026 562 3033 ——ae--
570 3025 612 3030 -—.
624 3025 693 3029 ——..⁴
703 3024 726 3028 ,φ
735 3024 768 3029 .--

582 3111 704 3147 tanto
750 3105 848 3157 plus
901 3105 1047 3144 valere
1096 3103 1225 3143 debet
1261 3104 1391 3144 huius
1437 3105 1661 3156 scriptoris
1711 3105 1964 3155 auctoritas,
2012 3106 2130 3157 quod

582 3177 687 3204 usus
731 3164 901 3202 videtur
945 3162 1268 3202 commentariis
1300 3160 1556 3215 Speusippi,
1590 3164 1665 3215 qui
1696 3162 1779 3202 fuit
1809 3175 1946 3215 nepos
1979 3163 2130 3203 Plato-

507 3281 528 3303 ⁸
582 3222 651 3319 {llis
680 3233 738 3319 gx
768 3218 1218 3318 {lecim-‹igili'abiltigig
1251 3221 1390 3318 ldoce-tr
1446 3277 1469 3317 Ι
1521 3279 1604 3318 init
1688 3278 1758 3318 Ab
1802 3277 1815 3316 i
1851 3289 1900 3317 so
1942 3276 2131 3317 Platone

531 3282 548 3331 )
583 3292 766 3380 Theaelti.
789 3349 831 3388 p.
855 3311 1151 3390 1‘43413147.
1171 3308 1227 3376 D'.
1254 3349 1348 3389 sqq.
1371 3307 1545 3378 1⁰61sE.
1577 3312 1780 3377 narratur
1810 3289 1912 3374 apnte
1935 3333 2133 3375 Socratis

583 3400 767 3437 mortem
797 3394 996 3434 Athenas
1027 3395 1198 3434 venisse
1230 3400 1272 3434 et
1307 3394 1577 3446 Protagorae
1608 3394 1743 3435 fuisse
1773 3393 2025 3444 discipulus.
