2158 3718
344 116 443 170 116
931 109 1414 167 PLATONIS

245 263 294 316 E
339 267 432 319 καὶ
481 262 645 329 δόξης
687 265 777 315 καὶ
824 262 996 329 τιμῆς,
1038 257 1358 334 φρονήσεως
1400 261 1456 313 δὲ
1500 261 1592 313 καὶ
1636 256 1915 323 ἀληθείας
1949 260 2039 311 καὶ

341 351 439 414 τῆς
482 349 694 422 ψυχῆς,
753 342 900 407 ὅπως
960 343 1033 407 ὡς
1089 345 1342 412 βελτίστη
1387 347 1566 406 ἔσται,
1636 340 1737 397 οὐκ
1805 343 2042 411 ἐπιμελεῖ

339 432 465 488 οὐδὲ
510 432 849 503 ᾳρυντίζειςς
892 450 985 481 και
1029 426 1128 480 ὲοὶν
1187 448 1269 490 τις
1315 424 1468 497 ὑμῶν
1514 423 1908 500 άμφιςβητήαῃ
1951 428 2042 478 καὶ

338 520 415 592 φῆ
455 517 858 585 ἐπιμελεῖσθαι,
904 510 1004 566 οὐκ
1044 508 1223 574 εὐθυς
1250 509 1449 585 ἀφήσω
1476 508 1652 565 αὐτὸν
1679 508 1791 566 οὐδ’
1835 505 2043 579 ἄπειμι,

336 598 448 654 ἀλλ’
501 598 768 668 ἐρήσομαι
813 594 988 650 αὐτὸν
1031 598 1125 649 καὶ
1169 595 1398 660 ἐξετάσω
1441 599 1531 648 καὶ
1575 596 1780 662 ἐλέγξω,
1824 596 1915 647 καὶ
1942 591 2043 648 ἑοέν

337 705 433 755 μοι
490 680 565 753 μὴ
624 685 756 757 δοκῆ
803 683 1112 746 κεκτῆσθαι
1154 677 1389 749 ἀρετήν,
1444 676 1624 752 ([οἱναι
1669 681 1752 743 δέ,
1811 676 2042 739 ὀνειδιῶ,

234 769 301 820 30
339 766 426 823 ὅτι
469 766 536 819 τοι
582 769 838 819 πλείστου
882 764 1011 830 ἄξια
1055 766 1177 832 περὶ
1218 767 1506 833 ἐλαχίστου
1551 771 1818 826 ποιεῖται,
1871 759 1940 815 τὰ
1985 765 2042 815 δὲ

339 848 660 926 φαυλότεροι
728 853 850 917 περὶ
912 852 1181 911 πλείονος.
1270 850 1450 900 ταῦτα
1510 850 1600 900 καὶ
1657 851 1896 915 νεωτέρῳ
1952 849 2044 899 καὶ

339 937 713 1004 πρεσβυτέρῳ,
774 931 884 1002 ὅτῳ
939 928 1012 986 ἂν
1067 931 1404 1002 ἐντυγχάνω,
1462 930 1703 996 ποιήσω,
1763 937 1856 982 καὶ
1911 929 2044 998 ξένῳ

341 1024 430 1075 καὶ
476 1018 646 1088 ἀστῷ,
690 1021 904 1086 μᾶλλον
949 1020 1005 1071 δὲ
1050 1027 1167 1081 τοῖς
1209 1017 1428 1079 ἀστοῖς,
1475 1014 1587 1084 ὅσῳ
1629 1035 1736 1085 μου
1780 1019 2043 1083 ἐγγυτέρω

338 1107 454 1158 ἐστὲ
497 1108 653 1170 γένει.
714 1104 891 1155 ταῦτα
940 1098 1047 1171 γὰρ
1091 1099 1292 1156 κελεύει
1351 1097 1379 1154 ὁ
1428 1099 1589 1163 θεός,
1651 1091 1708 1152 εὖ
1768 1098 1897 1152 ἰ’στε.
1955 1100 2047 1151 καὶ

339 1189 438 1258 ἐγώ
487 1187 676 1256 οἴομαι
738 1184 896 1247 οὐδέν
952 1207 1034 1239 πω
1079 1183 1209 1257 ὑμῖν
1262 1187 1448 1254 μεῖζον
1503 1182 1737 1253 ἀγαθὸν
1779 1186 2047 1251 γενέσθαι

339 1368 378 1393 a.
412 1354 452 1392 b.
488 1353 536 1396 Ξ.
548 1350 700 1392 Viucl.
746 1353 778 1394 1.
812 1353 852 1396 2.
882 1351 923 1395 5.
963 1352 1066 1393 Par.
1105 1350 1316 1404 BCHTg.
1352 1349 1465 1392 Flor.
1503 1362 1543 1391 a.
1575 1348 1600 1390 ἰ.
1636 1349 1784 1400 Augei.
1815 1353 2046 1389 mutatum.

338 1411 446 1452 Nam
494 1414 767 1463 praecantum
812 1410 991 1450 nawesii
1033 1409 1087 1448 de
1131 1409 1295 1448 aoristo
1342 1408 1373 1450 Ι.
1413 1408 1453 1447 in
1494 1405 1574 1447 hoc
1613 1411 1858 1446 structurae
1888 1418 2049 1458 genere

339 1469 494 1520 ubique
527 1466 791 1520 repudiando
825 1466 983 1507 dudum
1018 1468 1240 1518 explosum
1278 1465 1590 1506 est.A0ris1us
1618 1468 1735 1504 recte
1767 1463 1963 1517 ponitur3
1993 1462 2047 1505 cs.

339 1526 392 1566 ad
426 1524 582 1565 thd.
617 1539 655 1577 p.
690 1524 760 1568 66.
798 1525 846 1564 Β.
907 1526 1014 1566 Mox
1046 1520 1377 1574 ἐπιμελούμενος
1413 1521 1535 1562 Bodl.
1571 1521 1679 1563 Ven.
1711 1521 1752 1561 b.
1785 1521 1900 1561 Flor.
1934 1535 1976 1562 e.
2006 1535 2048 1573 g.

340 1584 377 1625 lu
415 1583 534 1626 Viud.
569 1583 608 1625 1.
645 1583 684 1626 4.
720 1582 760 1625 6.
789 1584 891 1623 zitt.
924 1583 1023 1625 Par
1063 1581 1183 1635 STg.
1197 1612 1209 1632 ‚
1250 1580 1365 1633 quod
1396 1578 1621 1638 Atticistis
1654 1579 1796 1620 minus
1829 1578 2049 1630 probatur.

338 1639 426 1681 Sed
469 1655 504 1681 v
548 1653 659 1692 quzw
706 1641 870 1680 monuit
918 1642 1077 1680 nuum.
1120 1640 1200 1681 Gr
1241 1595 1376 1691 Almpl
1421 1637 1459 1689 ξ.
1504 1635 1602 1679 114.
1647 1649 1682 1677 ε.
1725 1649 1762 1675 v.
1804 1635 1914 1686 μέλω
1945 1637 2048 1676 coll.

339 1699 522 1751 Protag
557 1711 596 1748 Ρ.
629 1697 727 1741 326.
751 1704 796 1740 Α.
819 1697 1040 1738 Phaedon.
1073 1711 1113 1750 p.
1135 1697 1232 1740 115.
1270 1697 1317 1737 B.
1351 1697 1402 1736 al
1440 1695 1576 1746 Vulgo
1606 1698 1702 1735 erat
1732 1690 2046 1745 ἐπιμελόμενος.

459 1756 504 1795 Ρ.
542 1755 610 1798 30.
673 1752 780 1810 ὅσῳ
825 1769 930 1806 μου
970 1753 1244 1808 ἐγγυτέρω
1287 1753 1405 1795 ἐστὲ
1451 1751 1622 1805 γένει]
1687 1753 1738 1795 V.
1787 1754 1880 1802 μοι’,
1931 1751 2048 1805 quod

337 1826 391 1853 ex
436 1813 560 1854 Bodl.
606 1813 697 1853 Vnt.
746 1813 848 1857 Ven.
889 1814 928 1856 b.
978 1813 1100 1853 vind.
1141 1813 1182 1855 1.
1221 1812 1261 1856 6.
1302 1811 1417 1852 Flor.
1465 1810 1504 1852 d.
1539 1809 1577 1849 Ιι.
1610 1810 1709 1852 Par.
1749 1809 1876 1854 Dsr.
1909 1816 2051 1852 muta-

340 1880 444 1937 imum
509 1870 617 1912 Nam
655 1878 728 1910 aut
767 1870 996 1912 dicendum
1041 1877 1133 1911 erat
1169 1884 1240 1920 μοι
1283 1868 1369 1923 ἑγγ.
1403 1866 1438 1908 ὲ.
1473 1866 1674 1920 γένους,
1715 1874 1791 1908 aut
1822 1882 1928 1918 μου
1959 1867 2049 1922 ἐγγ

341 1927 373 1968 ε’.
408 1926 543 1981 γένειε
583 1930 708 1969 tertia
751 1929 860 1969 'ratio
904 1928 1102 1982 loquendi
1142 1926 1442 1969 consuetudini
1476 1925 1746 1968 adversatur.
1781 1926 1916 1979 Hipp.
1949 1928 2048 1967 mai.

341 2039 526 2095 μεγάλης
557 2038 725 2082 πόλεως
758 2041 833 2084 ιῦν.

397 2101 452 2140 Ε.
487 2097 571 2140 ὅτι
604 2097 661 2140 τὰ
695 2101 953 2141 πλείστου
999 2098 1152 2154 ἄξια]

346 2157 473 2198 Hirs
488 2159 549 2198 ch
562 2159 575 2198 1
590 2171 632 2210 g.
666 2157 742 2208 μὲν
769 2165 871 2211 post
890 2156 938 2199 τὰ
954 2160 1154 2202 inseruit.

344 2215 478 2256 Male.
512 2216 670 2268 Neque
701 2217 818 2256 enim
848 2218 957 2259 haec
990 2219 1154 2258 oratio-

343 2275 411 2314 nis
430 2274 625 2315 membra
643 2279 854 2328 tanquam
881 2276 1007 2329 paria
1041 2277 1156 2316 inter

345 2345 390 2372 se
425 2338 733 2385 opponuntur,
770 2334 847 2373 sed
877 2335 1062 2375 alterum
1092 2335 1153 2374 al·

343 2390 425 2429 teri
458 2391 711 2441 subiicitur,
751 2390 836 2431 hoc
876 2405 1034 2432 sensu:
1070 2404 1155 2432 ex-

342 2447 631 2499 probrabo
674 2449 785 2499 ipsi
835 2449 964 2500 hoo,
1014 2450 1154 2502 quod

343 2518 482 2556 quat>
502 2506 732 2556 plurimi
755 2505 1012 2547 facienda
1031 2508 1156 2554 sint,

342 2563 511 2602 nihili
555 2562 758 2614 faciat,
802 2577 962 2616 quum
1007 2566 1156 2605 dete-

342 2620 424 2660 rio
440 2633 498 2660 ra
575 2621 810 2662 minoris
885 2624 1154 2662 aestimet.

343 2677 503 2729 Itaque
534 2690 686 2717 verum
707 2678 885 2730 quidem
920 2685 1000 2731 est,
1033 2681 1153 2733 quod

342 2735 519 2775 criticus
573 2735 768 2786 scripsit,
830 2739 1023 2778 membra
1075 2750 1153 2789 per

343 2789 547 2842 μὶν-δὲ
577 2793 727 2833 iuncta
766 2795 923 2846 quavis
956 2795 1047 2836 fere
1077 2808 1154 2847 pa-

343 2850 448 2902 gina
484 2851 691 2901 reperiri,
733 2853 851 2903 quod
882 2854 949 2892 vel
981 2854 1154 2906 pueruli

343 2909 515 2956 seiunt‚·
551 2908 629 2948 sed
666 2910 958 2962 praecipitato
990 2912 1154 2951 iudicio

341 2966 445 3006 inde
464 2966 656 3017 adlegit,
684 2967 846 3019 ubique
867 2969 930 3009 ita
947 2970 1156 3021 scriptum

343 3036 439 3064 esse
470 3030 698 3075 oportere,
729 3025 869 3065 sicubi
899 3027 996 3067 fieri
1026 3040 1156 3079 posse

291 3103 295 3107 -
344 3082 562 3122 videatur

404 3138 457 3179 P.
495 3138 566 3181 30.
630 3139 715 3179 καὶ
777 3140 1033 3195 νεωτέρῳ
1104 3165 1159 3171 -

341 3194 600 3249 ποιήσω]
643 3196 716 3238 De
745 3198 917 3239 rariore
946 3200 1029 3240 hac
1060 3212 1161 3240 eon-

344 3255 587 3296 structione
642 3267 683 3294 v.
726 3255 928 3297 Matth.
980 3256 1016 3309 ξ.
1059 3256 1160 3301 415.

339 3313 437 3354 obs.
480 3313 520 3356 1.
569 3312 910 3367 Bernhardy
952 3314 1076 3368 Synt.
1119 3328 1160 3368 p.

341 3370 440 3416 123.
461 3370 654 3412 Buttm.
691 3371 846 3423 §.12st
871 3373 908 3417 2.
939 3372 980 3415 3.
1014 3373 1082 3414 Ro
1100 3380 1160 3414 st.

1241 2041 1318 2082 Gr.
1349 2042 1390 2081 in
1421 2055 1487 2084 us.
1520 2041 1656 2081 schol.
1688 2041 1727 2092 §.
1755 2041 1854 2086 160.
1885 2047 1977 2086 not.
2004 2042 2046 2085 ὃ.

1244 2101 1345 2141 coll.
1381 2099 1567 2151 Viger.
1603 2113 1645 2151 p.
1679 2099 1780 2144 289.

1299 2157 1510 2207 μᾶλλον
1572 2154 1626 2196 δὲ
1677 2162 1789 2197 τοῖς
1838 2153 2050 2207 ἀστοῖς,

1244 2212 1353 2270 ὅσῳ
1395 2229 1497 2266 μου
1537 2212 1676 2268 ἐγγ.]
1716 2215 1889 2257 Eodem
1918 2217 2051 2257 modo

1247 2288 1288 2327 Ρ.
1319 2273 1392 2317 39-
1423 2274 1478 2314 D.
1512 2286 1546 2312 c
1581 2272 1650 2316 30.
1691 2274 1805 2314 med.
1839 2274 1906 2314 καὶ
1936 2275 2052 2325 χαλε-

1245 2328 1427 2400 πώτεροι
1474 2332 1664 2377 ἔσονται,
1711 2328 1802 2385 ὅσῳ
1853 2329 2059 2385 ιεωτεροί

1244 2388 1345 2437 ει’,σι
1378 2391 1406 2430 i.
1440 2402 1478 2430 e.
1511 2386 1701 2443 τοσούτῳ
1733 2390 1821 2440 χαλ.
1843 2388 1981 2459 Gorg.
2005 2403 2048 2443 p.

1242 2446 1343 2491 458.
1393 2448 1451 2486 Α.
1499 2446 1641 2498 μεῖζον
1679 2443 1761 2500 γὰρ
1800 2441 1906 2487 αὐτὸ
1945 2442 2050 2516 ἀγα-

1243 2502 1335 2544 θὸν
1367 2500 1566 2573 ἡγοῦμαι,
1591 2500 1764 2572 ὅσῳπερ
1785 2506 1927 2557 μεῖζον
1945 2500 2049 2558 ἀγα-

1242 2559 1334 2602 θόν
1364 2559 1478 2601 ἐστιν
1498 2556 1634 2601 αὐτὸν
1649 2563 1943 2633 απαλλαγῆναι
1971 2577 2047 2604 κα·

1244 2620 1327 2660 κοῦ
1360 2620 1438 2660 τοῦ
1465 2621 1667 2672 μεγίστου
1699 2616 1726 2673 ἢ
1757 2616 1885 2661 ἄλλον
1917 2616 2048 2662 ἀπαλ-

1245 2675 1376 2729 λάξαι.
1407 2677 1597 2729 Xenop
1614 2678 1656 2721 h.
1701 2678 1894 2732 Cyrop.
1932 2680 1969 2720 Ι.
2005 2679 2050 2730 3,

1243 2735 1315 2779 14.
1349 2736 1638 2788 Aristoph.
1667 2735 1814 2779 Nubb.
1847 2752 1890 2778 v.
1918 2737 2047 2781 1415

1243 2795 1311 2835 ed.
1352 2793 1491 2833 Wolf.
1551 2794 1773 2835 Addimus
1816 2796 1946 2836 etiam
1983 2796 2051 2836 De

1243 2852 1411 2904 republ.
1450 2851 1504 2890 V.
1544 2864 1586 2903 p
1620 2850 1722 2895 472.
1754 2853 1811 2893 A.
1849 2847 1950 2920 ὅσῳ
1983 2850 2048 2900 ἄν,

1244 2910 1342 2962 ἔφη
1374 2910 1548 2949 τοιαῦτα
1580 2910 1706 2949 πλείω
1738 2909 1886 2964 λέγῃς,
1926 2903 2052 2964 ἦττον

1244 2963 1463 3036 ἅφεθήσει
1514 2961 1599 3018 ὑφ’
1648 2963 1788 3021 ἡμῶν,
1833 2969 1908 3009 ubi
1947 2975 2049 3011 ante

1250 3018 1377 3079 ἦττον
1413 3026 1634 3078 intelligas
1683 3024 1892 3081 τοσούτῳ.
1933 3028 2048 3067 Ibid.

1250 3084 1377 3124 VIII.
1417 3097 1458 3137 Ρ.
1478 3082 1577 3127 568.
1599 3082 1650 3123 C.
1681 3083 1865 3136 Lysid.
1886 3098 1929 3137 Ρ.
1947 3084 2045 3128 206

1249 3145 1306 3182 A.
1350 3142 1405 3182 al.
1448 3140 1516 3182 Cf.
1557 3141 1708 3182 Rost.
1758 3141 1836 3183 Gr.
1897 3143 1930 3196 §.
1978 3143 2048 3186 97.

1250 3207 1340 3240 not.
1361 3199 1432 3243 12.
1445 3200 1513 3239 Ac
1526 3211 1707 3251 prorsus
1739 3201 1801 3241 sic
1820 3201 1951 3241 etiam
1962 3201 2049 3241 La-

1250 3257 1568 3300 tini.Liv.11.
1601 3256 1672 3300 51.
1712 3256 1824 3306 Quo
1855 3259 2048 3310 plures

1251 3322 1430 3368 erant,
1470 3315 1647 3355 maior
1691 3316 1892 3356 caedes
1930 3316 2046 3357 fuit.

1253 3372 1412 3414 Ovid.
1463 3373 1605 3425 Epist.
1649 3373 1725 3413 lv.
1774 3373 1842 3416 19.
1897 3375 2048 3415 Venit
