2158 3718
322 127 735 184 APOLOGIA
777 126 1181 182 SOCRATIS.

1225 126 1286 178 P.
1329 127 1414 179 36.
1457 124 1537 179 St.
1698 127 1795 178 147

24 304 30 309 ²
97 296 290 341 σοντες
332 278 497 348 ἐμοῦ,
542 270 646 333 κᾶν
689 266 835 346 ὦφλε
883 278 1062 344 χιλίας
1118 271 1397 343 δραχμάς,
1445 269 1510 325 οὐ
1556 273 1791 340 μεταλα-

94 359 212 431 βών
256 358 318 416 τὸ
364 367 616 432 πέμπτον
659 364 822 428 μέρος
865 362 976 412 τῶν
1021 355 1246 433 ψήφων.

96 521 232 576 pedit,
263 520 378 575 quod
411 534 491 562 nec
507 522 559 562 de
587 521 793 572 suffragio
822 534 896 560 an-

95 582 215 634 cipiti
253 579 463 621 iuditibus
512 593 721 620 concesso
775 578 897 631 quid-

93 651 220 691 quam
264 638 500 678 memoriae
548 637 771 691 proditum
820 642 899 685 est,

95 695 150 736 de
197 707 278 747 qua
323 708 369 735 re
419 696 501 734 alia
557 695 697 734 omnia
757 700 901 734 narrat

95 753 253 793 Pauux
283 752 445 793 Onom.
483 751 609 795 V111.
650 751 774 802 123„
821 762 901 792 uec

95 811 329 851 verisimile
370 809 566 861 videtur,
614 816 699 850 tam
741 810 900 850 multos

94 868 232 908 fuisse
270 868 497 916 absentes,
545 868 900 921 quandoquidem

95 938 266 978 semper
297 926 455 967 delecti
485 927 690 974 fuerunt,
720 926 820 976 qui,
861 925 899 964 si

97 996 316 1037 quaopus
338 989 466 1034 esset,
497 983 791 1023 deficientium
819 995 899 1022 nu-

95 1054 262 1082 merum
280 1042 548 1093 supplerent.
606 1041 670 1080 At
694 1052 813 1086 vero,
832 1039 900 1079 in-

96 1099 191 1151 quit
219 1098 406 1150 aliquis,
452 1098 628 1149 egregie
668 1102 786 1137 certe
817 1096 899 1136 bac

94 1153 384 1197 tua-'satione
426 1155 565 1196 falsus
603 1166 670 1209 ess,
706 1167 812 1195 nam
858 1154 896 1194 si

94 1212 178 1255 281
209 1212 379 1253 iudices
411 1213 639 1254 Socratem
659 1213 896 1253 damnave-

96 1276 219 1319 runt,
265 1271 343 1310 sed
384 1270 470 1316 220
514 1272 659 1323 ipsum
697 1270 897 1310 absolve-

92 1332 220 1379 runt,
265 1327 463 1380 profecto
493 1341 580 1368 non
611 1333 783 1368 tantum
818 1328 897 1366 tri-

95 1387 236 1438 ginta,
263 1386 345 1426 sed
375 1387 523 1438 potius
543 1387 775 1438 sexaginta
808 1385 898 1425 suf-

93 1442 239 1496 fragia
280 1447 325 1484 et
363 1445 482 1495 quod
526 1445 720 1484 excurrit
755 1443 900 1483 adhuc

93 1502 342 1542 necessaria
371 1501 574 1552 fuerunt,
607 1514 693 1554 quo
727 1502 794 1552 vir
831 1514 900 1540 sa-

91 1559 394 1612 pientissimus
429 1560 746 1600 absolveretur.
791 1558 900 1611 Spe-

94 1618 216 1659 ciosa
245 1629 352 1657 vero
383 1618 694 1670 reprehensio,
729 1630 807 1657 nec
837 1622 902 1656 ta-

92 1675 208 1715 men
238 1675 356 1715 iusta
403 1682 535 1728 atque
580 1689 700 1717 vera.
785 1671 899 1715 Nam

94 1733 244 1773 demas
283 1745 446 1785 quaeso
498 1733 556 1776 30
594 1733 648 1774 de
685 1732 768 1776 281
809 1732 898 1772 suf-

93 1789 265 1842 fragiis,
298 1795 341 1830 et
370 1792 656 1832 remanebunt
686 1803 776 1831 non
799 1791 898 1843 plus

94 1856 244 1900 quamv
272 1847 370 1891 251.
442 1849 544 1890 Jam
600 1861 705 1890 vero
762 1849 898 1888 addas

94 1906 246 1946 eadem
278 1907 356 1946 illa
385 1905 443 1949 30
482 1919 664 1947 numero
695 1907 782 1950 220
808 1905 898 1946 ειιΐὲ

93 1963 362 2015 fragior‘um,
383 1971 426 2004 et
442 1965 625 2005 habebis
646 1964 745 2007 250.
806 1965 895 2004 Ita-

93 2034 176 2074 que
225 2022 441 2074 liquidum
489 2028 556 2063 est
608 2036 759 2075 parem
807 2022 899 2062 fere

93 2079 299 2131 utrinque
310 2093 536 2120 numerum
549 2081 752 2120 evadere.
784 2079 900 2120 Nam

91 2137 220 2176 unius
251 2142 419 2178 tantum
442 2138 644 2188 suffragii
671 2139 899 2178 damnato·

92 2194 147 2234 rii
169 2193 419 2234 differentia
439 2196 635 2246 emergit.
680 2193 902 2242 Quocirca

92 2252 179 2292 hoe
218 2252 325 2292 dicit
365 2252 596 2293 Socraets:
638 2254 675 2292 si
716 2252 900 2303 triginta

92 2314 264 2350 tantum
293 2309 505 2361 suffragia
548 2311 676 2350 aliter
717 2310 897 2350 cecidis-

94 2372 206 2418 sent,
237 2367 282 2407 Ῑι.
315 2380 352 2408 e.
385 2380 475 2408 non
501 2368 794 2418 damnatoria,
819 2368 897 2407 sed

95 2425 369 2466 absolutoria
395 2426 674 2475 extitissent,
712 2425 896 2465 crimine

91 2482 304 2524 liberatus
346 2496 501 2524 essem.
571 2483 634 2523 At
672 2483 894 2532 nimirum,

91 2541 385 2593 respondes,
411 2541 475 2581 ita
511 2545 658 2581 tamen
699 2541 896 2580 futurum

94 2597 265 2649 fuisset,
294 2604 343 2639 ut
374 2611 462 2639 una
495 2601 650 2639 saltem
679 2599 898 2639 sententia

94 2656 249 2707 eapitis
319 2657 705 2697 condemnaretur!
765 2656 898 2697 Recte

94 2725 212 2754 vero.
271 2712 365 2754 Nec
392 2719 540 2755 tamen
567 2719 645 2768 est,
676 2727 751 2754 cur
773 2714 827 2754 de
847 2727 900 2754 ea

94 2771 333 2811 remultum
353 2772 614 2812 laboremus.
642 2770 900 2823 Quidenim,
927 2804 932 2810 .

95 2828 132 2868 s'i
162 2841 275 2869 unus
292 2830 461 2870 ⁴alterve
480 2830 673 2870 iudicum
694 2842 800 2870 casn
817 2830 901 2870 fuit

94 2885 360 2938 prohibitus,
391 2888 621 2940 quominus
657 2888 702 2928 in
732 2887 898 2928 iudicio

93 2943 281 2994 adesset,
311 2957 416 2984 num
445 2945 494 2984 id
528 2945 755 2986 Platonem
785 2946 899 2986 iudi·

94 3001 288 3043 cabimus
319 3002 568 3042 necessario
599 3003 795 3043 indicare
822 3004 896 3044 de-

94 3058 276 3099 buisse?
310 3059 530 3100 Nimirum
562 3059 623 3100 ita
656 3060 787 3101 etia'm
816 3074 897 3102 no·

96 3117 395 3169 stroquidem
431 3118 600 3158 iudicio
641 3118 788 3170 inepte
831 3119 895 3160 fa·

96 3179 244 3215 cturus
273 3174 443 3215 fuisset.
476 3175 639 3216 Putida
663 3175 779 3215 euim
808 3177 893 3218 ista

97 3232 212 3272 foret
249 3234 536 3276 enumeratio.
595 3233 761 3273 Verum
797 3246 897 3288 sup-

98 3290 208 3341 petit
237 3291 371 3331 etiam
401 3291 489 3332 alia
527 3303 664 3343 eaque
696 3291 899 3342 probabi-

96 3347 184 3387 lior
214 3348 486 3390 difficultatis
521 3350 648 3389 istius
682 3348 899 3391 tollendae

99 3405 228 3445 ratio.
279 3405 429 3446 Utitur
450 3407 563 3447 enim
590 3405 793 3447 Socrates
821 3421 897 3448 nu-

985 534 1104 561 mero
1136 520 1329 560 rotundo
1366 531 1446 571 pro
1486 530 1566 568 eo,
1613 518 1685 569 qui
1731 523 1796 557 est

984 580 1169 631 triginta.
1207 582 1252 618 et
1289 589 1426 627 unu8‚
1466 575 1679 628 quoniam
1721 587 1794 614 ex-

985 643 1084 677 acta
1123 637 1208 677 ista
1239 634 1472 686 diligenti-a
1513 634 1567 674 ab
1599 634 1791 676 oratoris

984 707 1177 746 persona
1227 694 1373 733 aliena
1423 704 1518 732 esse
1569 691 1664 731 visa
1713 697 1792 731 est.

985 753 1228 793 Enimvero
1278 751 1383 803 quid
1424 750 1508 790 sibi
1547 749 1681 788 vellet
1723 750 1791 789 his

986 811 1132 851 verbis
1168 810 1276 860 suis,
1308 809 1354 849 id
1385 809 1455 848 vel
1475 820 1562 847 uno
1594 807 1677 848 illo·
1699 820 1790 847 non

985 869 1032 908 in
1049 880 1227 908 censum
1249 867 1390 907 relato
1412 866 1614 906 omnibus
1632 870 1790 916 sponte

985 938 1197 978 apparere
1244 924 1410 964 debuit.
1465 923 1565 963 Huc
1603 923 1787 972 accedit,

985 983 1106 1035 quod
1158 982 1364 1022 Pollux
1403 979 1488 1022 On.
1533 975 1639 1020 vm.
1691 979 1789 1023 123

982 1045 1135 1081 narrat
1165 1039 1397 1080 Heliaeam
1435 1038 1528 1078 fere
1572 1050 1627 1077 ex
1663 1039 1787 1089 quin-

982 1099 1126 1150 gentis
1168 1097 1277 1137 viris
1325 1096 1590 1136 constitisse.
1649 1094 1791 1135 Nimi-

981 1169 1077 1197 rum
1107 1155 1171 1195 ita
1200 1159 1317 1195 certe
1334 1154 1475 1195 valuit
1491 1152 1683 1194 calculus
1703 1153 1790 1192 Mi-

983 1225 1160 1254 nervae.
1220 1213 1369 1265 Atque
1388 1211 1496 1251 haec
1527 1212 1566 1251 si
1591 1223 1694 1251 vere
1724 1211 1790 1251 di-

983 1276 1160 1325 sputata
1188 1278 1315 1320 sunt,
1356 1274 1556 1320 apertum
1587 1281 1683 1311 esse
1712 1281 1791 1320 pu-

983 1335 1151 1377 tamus,
1191 1333 1233 1368 et
1272 1301 1522 1377 Diogenem
1564 1325 1790 1372 Laertium

983 1399 1090 1427 vera
1119 1399 1315 1436 narrare,
1357 1389 1401 1424 et
1430 1385 1607 1425 codices
1640 1384 1792 1424 Plato-

986 1445 1054 1485 nis
1089 1445 1144 1484 ab
1175 1444 1247 1495 iis,
1277 1443 1351 1494 qui
1376 1447 1486 1495 τρεῖς
1510 1443 1791 1495 scripserunt,

986 1503 1041 1543 ob
1074 1515 1168 1542 eam
1201 1514 1424 1552 caussam,
1457 1501 1511 1541 de
1542 1513 1630 1553 qua
1658 1507 1792 1552 supra

986 1561 1256 1610 monuimus,
1300 1564 1462 1599 temere
1503 1571 1599 1599 esse
1642 1570 1790 1598 corru-

986 1622 1100 1671 ptos.
1169 1618 1239 1659 De
1288 1617 1453 1657 iudicio
1492 1617 1792 1657 Heliastarum

985 1690 1025 1716 v.
1078 1676 1447 1717 Hermannum
1501 1675 1791 1726 Antiquitatt.

989 1734 1117 1775 Publ.
1159 1732 1316 1774 Graec.
1359 1732 1394 1785 §.
1427 1730 1526 1776 134.
1585 1732 1654 1772 Ne
1685 1745 1790 1773 vero

983 1793 1155 1834 mireris
1191 1791 1420 1832 Socratem
1458 1791 1664 1831 continuo
1703 1791 1790 1832 cal-

985 1851 1094 1890 culis
1134 1850 1360 1891 subductis
1398 1850 1484 1889 ista
1527 1849 1672 1888 dicere
1711 1846 1788 1901 130-

982 1908 1134 1959 tuisse,
1156 1908 1344 1960 videtur,
1373 1907 1692 1957 suffragatione
1722 1907 1787 1946 in-

984 1966 1129 2007 dicum
1158 1970 1358 2017 peracta,
1391 1964 1564 2016 publice
1596 1965 1788 2016 promul-

985 2030 1135 2075 gatum
1167 2036 1284 2072 esse,
1327 2034 1438 2075 quae
1474 2027 1591 2061 esset
1629 2021 1787 2062 suffra-

986 2083 1161 2133 giorum
1192 2081 1321 2121 ratio.
1383 2078 1512 2126 Quod
1541 2080 1578 2119 si
1607 2081 1671 2118 ita
1692 2079 1787 2126 fuit,

985 2145 1142 2190 sponte
1172 2142 1355 2190 apparet
1372 2150 1488 2178 vana
1516 2149 1610 2177 esse
1631 2137 1787 2179 otina-

985 2198 1082 2246 nia,
1132 2208 1242 2247 quae
1283 2195 1335 2235 de
1383 2194 1465 2238 hac
1507 2207 1555 2234 re
1594 2195 1788 2247 disputat

989 2253 1184 2293 Astiu‘s
1229 2253 1299 2293 De
1353 2251 1451 2292 Vita
1511 2258 1553 2292 et
1601 2252 1786 2304 ScriptiS

983 2311 1159 2352 Platon.
1191 2324 1234 2365 p.
1266 2308 1367 2353 487.

1039 2423 1089 2465 εἰ
1121 2422 1188 2478 μὴ
1237 2420 1406 2476 ἀνέβη
1436 2421 1662 2464 Ἄνυτος
1701 2424 1786 2463 καὶ

981 2481 1204 2536 Λύκων]
1258 2483 1471 2523 lidelicet
1500 2495 1631 2535 quum
1659 2483 1786 2534 Any—

979 2546 1050 2582 tus
1089 2546 1132 2581 et
1161 2540 1283 2592 Lyco
1314 2539 1490 2590 Meleti,
1532 2540 1610 2591 qui
1650 2541 1783 2580 actio-

981 2612 1078 2640 nem
1118 2600 1395 2648 instituerat,
1439 2594 1788 2650 ovmy'yoeoc,·vel

985 2653 1382 2706 minorantessent,
1418 2656 1487 2697 his
1521 2661 1564 2695 et
1592 2655 1700 2707 ipsis
1734 2655 1787 2695 li-

985 2715 1111 2757 cebat
1151 2715 1197 2754 in
1238 2714 1402 2755 iudicio
1436 2718 1592 2754 contra
1628 2711 1786 2753 Socra·

985 2779 1072 2814 tem
1102 2773 1238 2813 verba
1268 2773 1426 2812 facere.
1455 2785 1496 2811 v.
1526 2772 1719 2812 Meier.
1749 2776 1792 2812 et

986 2829 1470 2872 Sel1oemann.1.c.
1503 2842 1544 2881 p.
1579 2829 1663 2873 707
1693 2842 1789 2882 sqq.

984 2888 1053 2929 De
1066 2887 1471 2939 numerosingulaoei
1502 2882 1651 2940 αἰέβη,
1673 2888 1789 2929 conf.

982 2946 1258 2987 Matthiae
1303 2943 1380 2984 Gr.
1407 2945 1451 2993 ξ.
1482 2944 1581 2988 304.
1631 2944 1788 3012 Sequi-

981 3010 1053 3044 tur
1089 3007 1233 3044 autem
1251 3003 1435 3056 plural-is
1466 2999 1786 3057 κατηγορήσαν-

982 3072 1047 3102 τες
1083 3062 1142 3102 ob
1190 3061 1371 3102 nomina
1415 3061 1618 3112 proxime
1663 3067 1786 3102 ante-

980 3132 1147 3172 gressa.
1205 3117 1337 3166 Quod
1366 3130 1426 3159 ne
1453 3132 1583 3170 quem
1611 3131 1783 3172 permo-

980 3182 1082 3218 veat
1114 3181 1163 3216 ut
1187 3179 1298 3216 'cum
1330 3174 1542 3218 Cobeto
1586 3182 1628 3217 et
1657 3177 1779 3217 Hir-

981 3249 1000 3275 s
1012 3235 1100 3275 chi
1111 3233 1161 3286 gi
1175 3246 1200 3274 ο
1218 3234 1524 3285 corrigendum
1540 3241 1664 3286 putet
1683 3229 1777 3275 αἰνέ-

983 3293 1140 3345 βησαν,
1157 3292 1335 3388 eodemE
1320 3291 1451 3332 modo
1468 3293 1499 3333 P
1511 3294 1624 3334 lato
1639 3294 1778 3344 Legg

983 3351 1036 3393 V.
1076 3363 1118 3402 p.
1158 3348 1262 3392 729r
1349 3345 1576 3391 ·δυίἀται
1610 3349 1656 3390 δὲ
1688 3348 1776 3388 δια·

990 3405 1126 3461 φερόι
1133 3417 1212 3447 τως
1244 3399 1274 3445 ὁ
1305 3404 1448 3456 ξένιος
1470 3405 1659 3448 ἑκάστων
1691 3405 1778 3446 δαι-

1320 3475 1421 3525 10*
