2158 3718
806 70 1068 154 'PHAEno
1100 124 1147 167 p.
1179 112 1274 158 101.
1811 110 1919 164 247

129 246 339 324 φὀβοῖο
387 250 459 306 ἂν
505 251 718 319 λέγειν,
766 247 909 303 ἄλλα
943 248 1017 320 μὴ
1057 249 1264 320 πλήθει
1301 251 1395 303 καὶ
1432 248 1526 304 δια
1562 248 1625 304 τὸ
1664 253 1912 320 πλῆθοςς

138 339 232 397 καὶ
277 333 341 391 τὸ
387 337 593 406 δίπηχυ
638 337 741 388 τοῦ
789 337 1071 404 πηχυαίου
1117 332 1304 404 ἡμίσει
1349 337 1536 404 μεῖζον
1575 330 1748 404 εἶναι,
1787 332 1916 396 ἀλλ’

134 420 207 476 ού
260 412 512 492 μεγέθεις
562 417 591 473 ὁ
641 416 809 481 αύτὸς
855 418 963 489 γάρ
1009 436 1121 472 που
1168 418 1364 489 φόβος.
1439 419 1608 472 Πάνυ
1645 439 1737 488 γε,
1786 420 1914 489 ἔφη.

147 509 214 560 Τί
245 507 332 571 δέ;
386 505 478 559 ἐπὶ
514 501 638 567 ἑνὸς
673 503 1077 573 προςτεθέντος
1112 500 1219 573 τήν
1265 503 1574 574 πρόςθεσιν
1611 505 1798 557 αἰτίαν
1836 499 1940 557 εἷ-’

137 610 231 644 ναι
275 592 379 643 τοῦ
426 588 530 642 δύο
576 588 844 656 γενέσθαι
890 587 926 658 ἢ
976 589 1415 658 διασχισθέντος,
1446 585 1549 657 τὴν
1587 590 1773 658 σχίσιν
1810 585 1916 642 οὐκ
1949 598 1984 641 G

133 671 398 743 εύλαβοῖο
445 669 517 726 ὅὶν
563 672 774 741 λέγειν,
814 673 908 725 καὶ
945 673 1085 743 μέγα
1122 671 1193 727 ἄν
1229 671 1437 743 βοῴης,
1478 670 1564 726 ὅτι
1602 670 1709 726 οὐκ
1747 668 1918 726 οἶσθα

131 756 320 822 ἄλλως
363 775 481 820 πως
533 758 771 811 ἕκαστον
825 756 1164 827 γιγνόμενον
1219 755 1256 826 ἢ
1302 745 1581 826 μετασχὸν
1628 760 1726 831 τῆς
1773 757 1919 820 ἰδίας

131 841 334 906 οὐσίας
370 841 626 911 ἑκάστου,
666 835 739 895 οὗ
763 840 836 894 ἂν
860 842 1124 913 μετάσχῃ,
1163 842 1257 899 καὶ
1295 842 1359 895 ἐν
1395 842 1616 905 τούτοις
1644 839 1750 895 οὐκ
1777 844 1919 910 ἔχεις

129 925 315 997 ἄλλην
370 924 496 980 τινα
552 928 736 980 αἰτίαν
788 930 892 980 τοῦ
949 925 1054 980 δύο
1103 926 1372 994 γενέσθαι
1418 923 1545 979 ἀλλ’
1589 924 1626 996 ἢ
1671 924 1776 996 τὴν
1821 929 1920 995 τῆς

127 1012 344 1075 ’δυάδος
388 1011 745 1081 μετάσχεσιν,
794 1011 889 1063 καὶ
938 1012 1060 1064 δεῖν
1105 1011 1313 1063 τούτου
1349 1000 1646 1079 μετασχεῖν
1681 1008 1750 1063 τὰ
1785 1010 1918 1079 μέλ-

58 1127 62 1131 -
129 1101 309 1149 λοντα
345 1094 451 1148 δύο
491 1097 740 1163 ἔσεσθαι,
781 1096 875 1147 καὶ
910 1095 1173 1165 μονάδος,
1214 1092 1247 1147 ὃ
1271 1093 1343 1148 ἂν
1368 1095 1542 1165 μέλλῃ
1576 1095 1639 1147 ἓν
1665 1096 1917 1163 ἔσεσθαι,

129 1177 231 1243 τὰς
269 1179 332 1234 δὲ
369 1181 576 1248 σχίσεις
611 1178 817 1242 ταύτας
853 1179 947 1232 καὶ
983 1179 1312 1249 προςθέσεις
1337 1179 1442 1232 ’καὶ
1478 1176 1576 1241 τας
1612 1176 1786 1242 ἄλλας
1821 1175 1920 1241 τοὶς

132 1264 395 1327 τοιαύτας
431 1266 700 1333 κομψείας
738 1264 878 1336 ε’ςόης
914 1261 987 1318 ἂν
1008 1249 1248 1334 χαίρειν,
1276 1264 1472 1333 παρεὶς
1498 1262 1919 1333 ἀποκρίνασθαι

126 1356 250 1412 τοῖς
287 1352 530 1402 σεαυτοῦ
568 1349 934 1418 σοφωτέροις·
996 1346 1069 1402 σύ
1107 1349 1169 1402 δὲ
1209 1345 1407 1410 δεδιώς
1444 1345 1543 1415 ἄν,
1583 1344 1645 1400 τὸ
1686 1347 1918 1416 λεγόμε·

133 1453 258 1502 νον,
296 1431 400 1502 τὴν
439 1432 642 1487 ἑαυτοῦ
669 1431 835 1486 σκιὰν
872 1433 966 1486 καὶ
1002 1430 1106 1502 τὴν
1144 1431 1423 1502 ἀπειρίαν,
1463 1431 1729 1501 ἐχόμενος
1768 1432 1914 1484 ἐκεί-
1944 1440 1979 1481 D

248 1601 728 1673 διασχισθέντος]
758 1606 812 1645 V.
835 1602 1114 1659 σχισθέντος
1145 1605 1291 1645 invitis
1315 1604 1438 1645 codd.
1461 1603 1681 1658 plerisque
1704 1604 1914 1647 omnibus.

248 1660 294 1703 G.
325 1658 469 1728 μέγα
498 1651 565 1703 ὂὶν
594 1656 798 1719 βοῴης]
830 1662 952 1703 Bodl.
977 1662 1086 1705 Ven.
1110 1660 1313 1703 HVind.
1341 1661 1507 1702 T‘l'ub.
1531 1661 1628 1702 Zitt.
1649 1652 1882 1727 μεγαλα
1855 1675 1918 1702 αν

127 1716 177 1814 {⁰
214 1718 312 1760 Vat.
351 1731 504 1773 μεγαν
532 1709 592 1759 ὂῖν
618 1716 676 1771 β.,
715 1719 828 1758 unde
853 1731 1026 1759 causam
1062 1719 1215 1758 enoris
1243 1730 1492 1770 cognoscas.
1532 1717 1612 1758 Pro
1642 1710 1730 1759 οὐκ
1765 1712 1917 1758 οἶσθα

171 1775 254 1818 odl.
275 1775 373 1818 Vnt.
398 1776 502 1815 Tub
524 1775 632 1817 Ven
642 1774 746 1822 ΞΠ
765 1775 891 1820 Vind
908 1775 994 1816 ΤΦ
1016 1775 1111 1818 Par.
1136 1773 1170 1815 G
1191 1775 1337 1817 Ambr
1363 1775 1472 1817 Flor.
1497 1774 1524 1813 d
1545 1774 1641 1816 Zitt.
1663 1786 1758 1814 cum
1779 1773 1877 1816 Bas.
1890 1775 1915 1814 2

132 1830 291 1871 habent
310 1823 398 1872 οὐκ
419 1824 642 1884 οἰόμεθα.
683 1831 877 1872 Ficinus:
908 1832 1184 1882 altiusque
1214 1831 1571 1881 exclamares,
1605 1831 1812 1870 nescire
1841 1838 1913 1881 te,

129 1899 358 1939 quonam
380 1887 486 1927 alio
499 1896 662 1952 pacto
687 1889 972 1939 quidquam
995 1888 1091 1928 fiat
1120 1888 1224 1928 nisi
1252 1861 1674 1940 participatione
1694 1885 1916 1938 quadam

133 1945 405 1985 essentiae
426 1957 710 1996 unicuique
730 1956 994 2011 propriae

245 1994 516 2055 μετασχῃ]
556 2001 609 2043 V.
631 1996 873 2054 μετασχοι,
905 2001 1019 2051 quod
1046 2000 1316 2040 emendatum
1347 2011 1399 2038 ex
1419 1998 1514 2038 unis
1537 1997 1666 2042 Coisl.
1689 1999 1799 2039 Ven.
1821 1996 1921 2044 ΛΞ

130 2057 260 2098 Vind.
287 2057 454 2108 YAug.
477 2058 572 2097 Par.
596 2056 717 2097 GHL
739 2058 885 2097 Ambr.
907 2057 1015 2100 Flor
1039 2058 1064 2097 b
1086 2057 1141 2095 ci
1163 2057 1215 2097 al.

246 2106 710 2179 ἀποκρίνασθαι]
754 2115 851 2154 Vat.
883 2113 993 2157 Flor.
1027 2113 1055 2153 d
1085 2105 1451 2180 αποκρίνεσθαι,
1494 2110 1668 2178 Deinde
1684 2123 1782 2164 pro
1796 2110 1914 2164 vulg.

124 2167 336 2210 σεαυτοῦ
359 2161 534 2210 ἑαυτοῦ
554 2170 675 2211 Bodl.
695 2170 824 2212 Vind.
846 2169 885 2210 Φ
907 2169 1000 2212 Par.
1025 2169 1100 2210 GL
1130 2161 1303 2210 ἑαυτοῦ
1334 2174 1374 2208 et
1403 2180 1505 2208 mox
1533 2160 1622 2221 τὴν
1643 2159 1819 2209 ἑαυτοῦ
1843 2178 1915 2208 σκ

131 2225 558 2292 Bod1.pr.vind.45
589 2227 734 2266 Amb1.
757 2239 797 2266 v.
821 2226 940 2278 adp.
964 2227 1016 2266 91
1044 2226 1087 2266 C.
1111 2227 1236 2276 Vere,
1260 2226 1427 2278 opinor,
1450 2225 1558 2268 Tub
1581 2222 1776 2276 σαυτοῦ,
1799 2224 1914 2265 unde

126 2274 311 2323 ἑαυτοῦ
332 2289 485 2324 Ortum,

190 2414 336 2463 αλλα
363 2413 460 2491 μὴ
488 2417 594 2475 πλ.]
636 2421 737 2461 Post
765 2413 886 2463 αλλα
914 2415 982 2475 μή

130 2479 217 2519 int.
232 2475 430 2543 φοβοῑο
426 2492 502 2522 αν.

189 2547 300 2587 την
321 2527 646 2587 προςθεσιν
668 2530 875 2577 αἰτιαν
897 2537 981 2575 ει

125 2604 233 2632 ναι
253 2603 356 2632 του
380 2589 424 2632 δ.
448 2588 512 2645 γ.]
547 2591 607 2630 De
628 2590 706 2631 hoc
727 2598 977 2644 aigumento

133 2659 334 2713 wsupra
350 2659 386 2691 c.
407 2647 525 2687 XLV
545 2659 639 2698 sqq.

192 2703 237 2746 C.
268 2699 412 2758 μέγα
442 2717 510 2744 αν
546 2696 797 2761 βοῷης]ἰ.
823 2716 859 2744 e.
885 2716 978 2744 ve·

129 2759 405 2800 hementer
460 2750 835 2802 contenderes.
908 2759 977 2801 Sic

130 2816 368 2856 clamare
390 2814 485 2857 Cic
504 2816 566 2856 De
586 2815 688 2857 finn.
711 2817 743 2856 Ι.
768 2818 835 2858 18.

181 2864 975 2940 τῆςίδίαςοῦσίαςὲκαστου]

70 2958 75 2963 .
130 2926 176 2970 h.
199 2940 235 2966 e.
257 2927 343 2980 τῆς
365 2921 544 2976 ἰδέας”
521 2940 738 2971 εκαστου.
781 2929 858 2970 Six
877 2942 978 2970 mox

133 2977 164 3036 ἡ
196 2981 281 3036 τῆς
312 2977 494 3031 δυάδος
517 2996 793 3038 μετασχεσις
812 2986 978 3037 intelle

131 3040 247 3092 gitur
286 3041 491 3079 numeri
541 3041 739 3080 binarii
786 3054 877 3094 per
926 3054 979 3082 se

135 3095 368 3159 spectati
389 3106 679 3161 μετασχεσις.

191 3144 294 3199 τὰς
342 3146 618 3199 τοιαύτας
671 3151 979 3206 κομψείας]

134 3208 159 3249 i.
181 3221 216 3248 e.
238 3207 462 3255 ποικίλας
481 3202 650 3255 λαλιὰς
671 3205 754 3249 καὶ
774 3222 982 3263 πανουρ-

128 3263 261 3318 γίας,
285 3272 332 3304 ut
353 3265 650 3319 interpretatur
666 3265 980 3317 Hesychius.

133 3320 343 3361 Proximis
373 3322 513 3362 verbis
541 3320 689 3360 alludit
716 3321 898 3363 fortasse
927 3323 981 3362 ad

54 3391 62 3401 ¹
134 3388 307 3417 versum
335 3377 435 3418 Eur.
459 3378 679 3430 Antiopes,
710 3377 762 3417 de
790 3390 873 3443 quo
897 3380 983 3431 egit

134 3423 393 3475 Valcken.
433 3434 607 3475 Diatrib.
650 3446 694 3487 p.
725 3434 780 3475 86
820 3425 981 3484 ἄλλοις

1066 2415 1125 2462 τὰ
1174 2414 1341 2476 κομψὰ
1391 2414 1529 2462 ταῦτ’
1579 2413 1725 2474 ἀφεὶς
1758 2419 1922 2473 σοφί-

1029 2515 1039 2519 ,.
1066 2490 1240 2532 σματα.

1123 2535 1172 2576 D.
1207 2527 1419 2582 δεδιὼς
1447 2547 1540 2586 αν,
1577 2527 1636 2575 τὸ
1677 2526 1915 2600 λεγόμε-

1066 2604 1169 2633 νον
1189 2590 1260 2642 -]
1284 2589 1425 2634 Schol.
1450 2591 1505 2631 ad
1525 2590 1567 2630 h.
1590 2590 1618 2632 l.
1649 2583 1739 2644 τὴν
1760 2584 1912 2630 αὑτοῦ

1066 2641 1210 2689 σκιὰν
1232 2644 1475 2688 δέδοικεν·
1506 2639 1584 2688 ἐπὶ
1606 2646 1701 2688 τῶν
1722 2639 1937 2713 σφόδρα

1066 2697 1374 2745 δειλοτατων·
1442 2699 1677 2757 μέμνηται
1735 2698 1917 2756 ταύτης

1058 2753 1395 2814 Ἀριστοφανης
1442 2757 1790 2813 Βαβυλωνίοις,
1840 2759 1915 2799 ubi

1063 2823 1172 2858 teste
1202 2816 1611 2869 Wyttenbachio
1641 2816 1745 2856 haec
1775 2827 1912 2856 anno—

1064 2875 1168 2914 tavit
1225 2873 1599 2913 Ruhnkenius:
1656 2872 1909 2925 „Heliodoiz

1064 2918 1116 2973 11'
1149 2943 1191 2983 Ρ.
1215 2931 1281 2972 77.
1316 2928 1612 2971 Broukhus.
1644 2930 1698 2970 ad
1719 2929 1911 2982 Propert.

1065 2988 1210 3037 II.25‚
1236 2988 1303 3028 19.
1337 2986 1572 3029 Cic.Attic
1596 2986 1652 3027 X.
1675 2987 1743 3028 20.
1771 2986 1913 3024 Ano-

1066 3055 1252 3094 nymus
1273 3042 1333 3082 De
1354 3042 1586 3083 incredibil.
1609 3043 1661 3081 V.
1681 3043 1754 3093 Ap
1769 3048 1914 3080 osto

1064 3099 1170 3138 lius
1194 3112 1236 3152 p.
1259 3098 1389 3139 229.“

1123 3148 1184 3196 τό
1218 3148 1556 3209 λεγόμενον]
1589 3152 1725 3205 quod
1754 3156 1835 3192 est
1861 3152 1912 3192 in

1065 3211 1374 3265 proverbio,
1428 3219 1480 3250 ut
1518 3211 1570 3249 in
1619 3209 1910 3272 proverbio

1068 3268 1278 3310 dicitur
1318 3268 1447 3307 Plene
1477 3265 1608 3319 Soph.
1629 3278 1672 3318 p.
1691 3266 1771 3306 261
1793 3264 1826 3304 B
1856 3257 1908 3305 τὸ

1065 3317 1189 3365 κατὰ
1218 3317 1310 3377 τὴν
1336 3321 1598 3374 παροιμίαν
1639 3314 1911 3385 λεγόμενον.

1067 3379 1153 3420 Sed
1194 3380 1355 3422 Politic
1398 3393 1440 3432 p.
1476 3379 1560 3418 264
1587 3377 1619 3418 B
1658 3390 1782 3419 κατα
1823 3369 1912 3429 τὴν

1066 3435 1343 3490 παροιμίαν.
