<?xml version="1.0" encoding="UTF-8"?>
<!DOCTYPE html PUBLIC "-//W3C//DTD XHTML 1.0 Transitional//EN"
    "http://www.w3.org/TR/xhtml1/DTD/xhtml1-transitional.dtd">
<html xmlns="http://www.w3.org/1999/xhtml" xml:lang="en" lang="en">
 <head>
  <title>
</title>
<meta http-equiv="Content-Type" content="text/html;charset=utf-8" />
  <meta name='ocr-system' content='tesseract 3.04.00' />
  <meta name='ocr-capabilities' content='ocr_page ocr_carea ocr_par ocr_line ocrx_word'/>
</head>
<body>
  <div class='ocr_page' id='page_1' title='image "./operaomniarecens01platuoft/operaomniarecens01platuoft_0680.png"; bbox 0 0 2158 3718; ppageno 0'>
   <div class='ocr_carea' id='block_1_1' title="bbox 375 126 1437 169">
    <p class='ocr_par' dir='ltr' id='par_1_1' title="bbox 375 126 1437 169">
     <span class='ocr_line' id='line_1_1' title="bbox 375 126 1437 169; baseline -0.002 -5"><span class='ocrx_word' id='word_1_1' title='bbox 375 127 617 169; x_wconf 73' lang='lat' dir='ltr'>xxxvln</span> <span class='ocrx_word' id='word_1_2' title='bbox 992 126 1437 164; x_wconf 76' lang='lat' dir='ltr'><strong>PROLEGOMENA</strong></span> 
     </span>
    </p>
   </div>
   <div class='ocr_carea' id='block_1_2' title="bbox 374 251 2074 3368">
    <p class='ocr_par' dir='ltr' id='par_1_2' title="bbox 379 251 2060 381">
     <span class='ocr_line' id='line_1_2' title="bbox 380 251 2060 323; baseline 0.002 -17"><span class='ocrx_word' id='word_1_3' title='bbox 380 261 434 308; x_wconf 88' lang='lat' dir='ltr'>et</span> <span class='ocrx_word' id='word_1_4' title='bbox 468 252 572 307; x_wconf 82' lang='lat' dir='ltr'>hoc</span> <span class='ocrx_word' id='word_1_5' title='bbox 602 271 815 323; x_wconf 83' lang='lat' dir='ltr'>quoque</span> <span class='ocrx_word' id='word_1_6' title='bbox 850 252 1064 308; x_wconf 86' lang='lat' dir='ltr'>nomine</span> <span class='ocrx_word' id='word_1_7' title='bbox 1100 260 1366 321; x_wconf 75' lang='lat' dir='ltr'>tamquam</span> <span class='ocrx_word' id='word_1_8' title='bbox 1402 252 1697 323; x_wconf 71' lang='lat' dir='ltr'>praeparati</span> <span class='ocrx_word' id='word_1_9' title='bbox 1735 251 2060 309; x_wconf 48' lang='lat' dir='ltr'>adtamen-</span> 
     </span>
     <span class='ocr_line' id='line_1_3' title="bbox 379 323 1859 381; baseline -0.003 -3"><span class='ocrx_word' id='word_1_10' title='bbox 379 323 630 380; x_wconf 75' lang='lat' dir='ltr'>diendam</span> <span class='ocrx_word' id='word_1_11' title='bbox 665 323 935 381; x_wconf 76' lang='lat' dir='ltr'>ascedant.</span> <span class='ocrx_word' id='word_1_12' title='bbox 1836 360 1859 375; x_wconf 89' lang='grc'>-,</span> 
     </span>
    </p>

    <p class='ocr_par' dir='ltr' id='par_1_3' title="bbox 376 391 2073 1806">
     <span class='ocr_line' id='line_1_4' title="bbox 449 391 2062 465; baseline -0.004 -15"><span class='ocrx_word' id='word_1_13' title='bbox 449 394 605 451; x_wconf 81' lang='lat' dir='ltr'>Haec</span> <span class='ocrx_word' id='word_1_14' title='bbox 645 394 813 464; x_wconf 81' lang='lat' dir='ltr'>igitur</span> <span class='ocrx_word' id='word_1_15' title='bbox 855 393 967 447; x_wconf 86' lang='lat' dir='ltr'>fere</span> <span class='ocrx_word' id='word_1_16' title='bbox 1014 400 1154 454; x_wconf 82' lang='lat' dir='ltr'>sunt,</span> <span class='ocrx_word' id='word_1_17' title='bbox 1205 408 1346 459; x_wconf 83' lang='lat' dir='ltr'>quae</span> <span class='ocrx_word' id='word_1_18' title='bbox 1385 402 1564 449; x_wconf 81' lang='lat' dir='ltr'>nostro</span> <span class='ocrx_word' id='word_1_19' title='bbox 1601 393 1826 465; x_wconf 12' lang='lat' dir='ltr'>*quidem</span> <span class='ocrx_word' id='word_1_20' title='bbox 1859 391 2062 450; x_wconf 65' lang='lat' dir='ltr'>iudicio</span> 
     </span>
     <span class='ocr_line' id='line_1_5' title="bbox 378 461 2061 539; baseline -0.002 -19"><span class='ocrx_word' id='word_1_21' title='bbox 378 465 435 521; x_wconf 82' lang='lat' dir='ltr'>in</span> <span class='ocrx_word' id='word_1_22' title='bbox 477 465 722 539; x_wconf 85' lang='lat' dir='ltr'>legendis</span> <span class='ocrx_word' id='word_1_23' title='bbox 767 463 1004 532; x_wconf 89' lang='lat' dir='ltr'>quinque</span> <span class='ocrx_word' id='word_1_24' title='bbox 1045 461 1311 532; x_wconf 80' lang='lat' dir='ltr'>prioribus</span> <span class='ocrx_word' id='word_1_25' title='bbox 1347 463 1673 518; x_wconf 82' lang='lat' dir='ltr'>orationibus.</span> <span class='ocrx_word' id='word_1_26' title='bbox 1703 462 1964 534; x_wconf 77' lang='lat' dir='ltr'>inprimis.</span> <span class='ocrx_word' id='word_1_27' title='bbox 1980 470 2061 520; x_wconf 41' lang='lat' dir='ltr'>te?</span> 
     </span>
     <span class='ocr_line' id='line_1_6' title="bbox 377 532 2064 606; baseline 0 -16"><span class='ocrx_word' id='word_1_28' title='bbox 377 536 493 592; x_wconf 85' lang='lat' dir='ltr'>neri</span> <span class='ocrx_word' id='word_1_29' title='bbox 528 543 768 606; x_wconf 80' lang='lat' dir='ltr'>oporteat</span> <span class='ocrx_word' id='word_1_30' title='bbox 804 542 858 586; x_wconf 89' lang='lat' dir='ltr'>et</span> <span class='ocrx_word' id='word_1_31' title='bbox 899 532 1044 587; x_wconf 86' lang='lat' dir='ltr'>unde</span> <span class='ocrx_word' id='word_1_32' title='bbox 1089 532 1156 585; x_wconf 87' lang='lat' dir='ltr'>de</span> <span class='ocrx_word' id='word_1_33' title='bbox 1192 550 1375 589; x_wconf 82' lang='lat' dir='ltr'>earum</span> <span class='ocrx_word' id='word_1_34' title='bbox 1409 543 1719 605; x_wconf 86' lang='lat' dir='ltr'>argumento</span> <span class='ocrx_word' id='word_1_35' title='bbox 1748 534 1955 605; x_wconf 66' lang='lat' dir='ltr'>‘pariter</span> <span class='ocrx_word' id='word_1_36' title='bbox 1988 542 2064 590; x_wconf 75' lang='lat' dir='ltr'>at·</span> 
     </span>
     <span class='ocr_line' id='line_1_7' title="bbox 378 603 2066 676; baseline -0.001 -14"><span class='ocrx_word' id='word_1_37' title='bbox 378 626 484 676; x_wconf 83' lang='lat' dir='ltr'>que</span> <span class='ocrx_word' id='word_1_38' title='bbox 519 607 623 660; x_wconf 89' lang='lat' dir='ltr'>fine</span> <span class='ocrx_word' id='word_1_39' title='bbox 659 603 914 660; x_wconf 84' lang='lat' dir='ltr'>iudicium</span> <span class='ocrx_word' id='word_1_40' title='bbox 947 603 1299 674; x_wconf 83' lang='lat' dir='ltr'>repetendum</span> <span class='ocrx_word' id='word_1_41' title='bbox 1322 603 1404 657; x_wconf 82' lang='lat' dir='ltr'>sit.</span> <span class='ocrx_word' id='word_1_42' title='bbox 1442 604 1626 674; x_wconf 83' lang='lat' dir='ltr'><strong>Atque</strong></span> <span class='ocrx_word' id='word_1_43' title='bbox 1650 605 1886 662; x_wconf 78' lang='lat' dir='ltr'>indidem</span> <span class='ocrx_word' id='word_1_44' title='bbox 1909 603 2066 662; x_wconf 70' lang='lat' dir='ltr'>etiam</span> 
     </span>
     <span class='ocr_line' id='line_1_8' title="bbox 379 674 2065 746; baseline 0 -16"><span class='ocrx_word' id='word_1_45' title='bbox 379 677 537 731; x_wconf 84' lang='lat' dir='ltr'>facile</span> <span class='ocrx_word' id='word_1_46' title='bbox 581 675 872 746; x_wconf 85' lang='lat' dir='ltr'>intelligas,</span> <span class='ocrx_word' id='word_1_47' title='bbox 922 674 988 728; x_wconf 90' lang='lat' dir='ltr'>de</span> <span class='ocrx_word' id='word_1_48' title='bbox 1033 691 1140 744; x_wconf 91' lang='lat' dir='ltr'>quo</span> <span class='ocrx_word' id='word_1_49' title='bbox 1187 692 1312 729; x_wconf 84' lang='lat' dir='ltr'>sane</span> <span class='ocrx_word' id='word_1_50' title='bbox 1357 675 1580 733; x_wconf 86' lang='lat' dir='ltr'>multum</span> <span class='ocrx_word' id='word_1_51' title='bbox 1624 685 1705 731; x_wconf 86' lang='lat' dir='ltr'>est</span> <span class='ocrx_word' id='word_1_52' title='bbox 1750 675 2065 738; x_wconf 61' lang='lat' dir='ltr'>dubitatum,</span> 
     </span>
     <span class='ocr_line' id='line_1_9' title="bbox 377 744 2065 818; baseline -0.002 -15"><span class='ocrx_word' id='word_1_53' title='bbox 377 765 609 818; x_wconf 83' lang='lat' dir='ltr'>quonam</span> <span class='ocrx_word' id='word_1_54' title='bbox 652 745 918 803; x_wconf 88' lang='lat' dir='ltr'>communi</span> <span class='ocrx_word' id='word_1_55' title='bbox 961 745 1173 799; x_wconf 83' lang='lat' dir='ltr'>vinculo</span> <span class='ocrx_word' id='word_1_56' title='bbox 1220 744 1343 798; x_wconf 86' lang='lat' dir='ltr'>illae</span> <span class='ocrx_word' id='word_1_57' title='bbox 1391 763 1576 802; x_wconf 80' lang='lat' dir='ltr'>omnes</span> <span class='ocrx_word' id='word_1_58' title='bbox 1622 747 1761 804; x_wconf 83' lang='lat' dir='ltr'>inter</span> <span class='ocrx_word' id='word_1_59' title='bbox 1787 765 1860 800; x_wconf 38' lang='lat' dir='ltr'>*se</span> <span class='ocrx_word' id='word_1_60' title='bbox 1896 745 2065 800; x_wconf 85' lang='lat' dir='ltr'>conti-</span> 
     </span>
     <span class='ocr_line' id='line_1_10' title="bbox 377 815 2067 885; baseline -0.002 -12"><span class='ocrx_word' id='word_1_61' title='bbox 377 826 622 874; x_wconf 77' lang='lat' dir='ltr'>neantur.</span> <span class='ocrx_word' id='word_1_62' title='bbox 675 816 978 873; x_wconf 77' lang='lat' dir='ltr'>Versantur</span> <span class='ocrx_word' id='word_1_63' title='bbox 1013 816 1172 881; x_wconf 88' lang='lat' dir='ltr'>enim,</span> <span class='ocrx_word' id='word_1_64' title='bbox 1226 816 1563 885; x_wconf 82' lang='lat' dir='ltr'>quantumvis</span> <span class='ocrx_word' id='word_1_65' title='bbox 1608 817 1666 870; x_wconf 90' lang='lat' dir='ltr'>id</span> <span class='ocrx_word' id='word_1_66' title='bbox 1704 817 1863 875; x_wconf 23' lang='lat' dir='ltr'>«vario</span> <span class='ocrx_word' id='word_1_67' title='bbox 1909 815 2067 871; x_wconf 89' lang='lat' dir='ltr'>modo</span> 
     </span>
     <span class='ocr_line' id='line_1_11' title="bbox 376 886 2069 958; baseline 0 -15"><span class='ocrx_word' id='word_1_68' title='bbox 376 888 487 953; x_wconf 82' lang='lat' dir='ltr'>fiat,</span> <span class='ocrx_word' id='word_1_69' title='bbox 532 889 591 943; x_wconf 83' lang='lat' dir='ltr'>in</span> <span class='ocrx_word' id='word_1_70' title='bbox 638 886 991 942; x_wconf 82' lang='lat' dir='ltr'>describenda</span> <span class='ocrx_word' id='word_1_71' title='bbox 1040 895 1093 941; x_wconf 84' lang='lat' dir='ltr'>et</span> <span class='ocrx_word' id='word_1_72' title='bbox 1129 886 1494 942; x_wconf 84' lang='lat' dir='ltr'>adumbranda</span> <span class='ocrx_word' id='word_1_73' title='bbox 1528 886 1741 944; x_wconf 81' lang='lat' dir='ltr'><strong>honesti</strong></span> <span class='ocrx_word' id='word_1_74' title='bbox 1775 905 1912 958; x_wconf 51' lang='lat' dir='ltr'>erga¹</span> <span class='ocrx_word' id='word_1_75' title='bbox 1938 887 2069 945; x_wconf 78' lang='lat' dir='ltr'>ado-</span> 
     </span>
     <span class='ocr_line' id='line_1_12' title="bbox 379 957 2070 1027; baseline 0.002 -15"><span class='ocrx_word' id='word_1_76' title='bbox 379 959 647 1014; x_wconf 77' lang='lat' dir='ltr'>lescentes</span> <span class='ocrx_word' id='word_1_77' title='bbox 670 958 869 1012; x_wconf 83' lang='lat' dir='ltr'>amoris</span> <span class='ocrx_word' id='word_1_78' title='bbox 894 967 1101 1021; x_wconf 77' lang='lat' dir='ltr'>natura,</span> <span class='ocrx_word' id='word_1_79' title='bbox 1137 957 1215 1014; x_wconf 80' lang='lat' dir='ltr'>ita</span> <span class='ocrx_word' id='word_1_80' title='bbox 1239 957 1470 1026; x_wconf 78' lang='lat' dir='ltr'>quidem,</span> <span class='ocrx_word' id='word_1_81' title='bbox 1510 967 1572 1014; x_wconf 87' lang='lat' dir='ltr'>ut</span> <span class='ocrx_word' id='word_1_82' title='bbox 1596 976 1761 1027; x_wconf 82' lang='lat' dir='ltr'>quum</span> <span class='ocrx_word' id='word_1_83' title='bbox 1796 958 1909 1013; x_wconf 76' lang='lat' dir='ltr'>eius</span> <span class='ocrx_word' id='word_1_84' title='bbox 1936 957 2070 1015; x_wconf 70' lang='lat' dir='ltr'>fines</span> 
     </span>
     <span class='ocr_line' id='line_1_13' title="bbox 376 1027 2072 1101; baseline 0.002 -19"><span class='ocrx_word' id='word_1_85' title='bbox 376 1029 679 1084; x_wconf 79' lang='lat' dir='ltr'>accuratius</span> <span class='ocrx_word' id='word_1_86' title='bbox 716 1029 1082 1101; x_wconf 79' lang='lat' dir='ltr'>designentur,</span> <span class='ocrx_word' id='word_1_87' title='bbox 1120 1028 1316 1097; x_wconf 89' lang='lat' dir='ltr'>quibus</span> <span class='ocrx_word' id='word_1_88' title='bbox 1352 1028 1439 1084; x_wconf 80' lang='lat' dir='ltr'>vel</span> <span class='ocrx_word' id='word_1_89' title='bbox 1473 1048 1508 1081; x_wconf 87' lang='lat' dir='ltr'>a</span> <span class='ocrx_word' id='word_1_90' title='bbox 1540 1029 1694 1083; x_wconf 83' lang='lat' dir='ltr'>foeda</span> <span class='ocrx_word' id='word_1_91' title='bbox 1724 1027 1966 1086; x_wconf 77' lang='lat' dir='ltr'>lubidine</span> <span class='ocrx_word' id='word_1_92' title='bbox 1986 1027 2072 1086; x_wconf 67' lang='lat' dir='ltr'>Vel</span> 
     </span>
     <span class='ocr_line' id='line_1_14' title="bbox 377 1097 2071 1170; baseline -0.001 -16"><span class='ocrx_word' id='word_1_93' title='bbox 377 1100 536 1154; x_wconf 86' lang='lat' dir='ltr'>etiam</span> <span class='ocrx_word' id='word_1_94' title='bbox 571 1100 640 1155; x_wconf 83' lang='lat' dir='ltr'>ab</span> <span class='ocrx_word' id='word_1_95' title='bbox 677 1100 795 1155; x_wconf 83' lang='lat' dir='ltr'>aliis</span> <span class='ocrx_word' id='word_1_96' title='bbox 831 1099 1031 1154; x_wconf 83' lang='lat' dir='ltr'>amoris.</span> <span class='ocrx_word' id='word_1_97' title='bbox 1064 1097 1352 1170; x_wconf 83' lang='lat' dir='ltr'>generibus</span> <span class='ocrx_word' id='word_1_98' title='bbox 1389 1099 1736 1164; x_wconf 73' lang='lat' dir='ltr'>discernatur,</span> <span class='ocrx_word' id='word_1_99' title='bbox 1773 1108 1888 1155; x_wconf 79' lang='lat' dir='ltr'>tum</span> <span class='ocrx_word' id='word_1_100' title='bbox 1910 1099 2071 1157; x_wconf 85' lang='lat' dir='ltr'>etiam</span> 
     </span>
     <span class='ocr_line' id='line_1_15' title="bbox 378 1169 2071 1238; baseline -0.002 -13"><span class='ocrx_word' id='word_1_101' title='bbox 378 1170 728 1227; x_wconf 82' lang='lat' dir='ltr'>ostendantur</span> <span class='ocrx_word' id='word_1_102' title='bbox 772 1169 914 1225; x_wconf 88' lang='lat' dir='ltr'>bona</span> <span class='ocrx_word' id='word_1_103' title='bbox 960 1179 1119 1238; x_wconf 87' lang='lat' dir='ltr'>atque</span> <span class='ocrx_word' id='word_1_104' title='bbox 1166 1169 1457 1234; x_wconf 81' lang='lat' dir='ltr'>commoda,</span> <span class='ocrx_word' id='word_1_105' title='bbox 1506 1187 1645 1238; x_wconf 88' lang='lat' dir='ltr'>quae</span> <span class='ocrx_word' id='word_1_106' title='bbox 1688 1170 1813 1227; x_wconf 73' lang='lat' dir='ltr'>inde</span> <span class='ocrx_word' id='word_1_107' title='bbox 1858 1177 1968 1226; x_wconf 87' lang='lat' dir='ltr'>tam</span> <span class='ocrx_word' id='word_1_108' title='bbox 2012 1169 2071 1225; x_wconf 87' lang='lat' dir='ltr'>in</span> 
     </span>
     <span class='ocr_line' id='line_1_16' title="bbox 376 1238 2070 1313; baseline 0 -19"><span class='ocrx_word' id='word_1_109' title='bbox 376 1241 641 1313; x_wconf 85' lang='lat' dir='ltr'>privatam</span> <span class='ocrx_word' id='word_1_110' title='bbox 686 1260 847 1310; x_wconf 89' lang='lat' dir='ltr'>quam</span> <span class='ocrx_word' id='word_1_111' title='bbox 891 1240 947 1293; x_wconf 90' lang='lat' dir='ltr'>in</span> <span class='ocrx_word' id='word_1_112' title='bbox 994 1238 1263 1311; x_wconf 78' lang='lat' dir='ltr'>publicam</span> <span class='ocrx_word' id='word_1_113' title='bbox 1307 1239 1470 1294; x_wconf 82' lang='lat' dir='ltr'>vitam</span> <span class='ocrx_word' id='word_1_114' title='bbox 1511 1241 1811 1296; x_wconf 87' lang='lat' dir='ltr'>redundare</span> <span class='ocrx_word' id='word_1_115' title='bbox 1848 1241 2070 1296; x_wconf 75' lang='lat' dir='ltr'>soleant.</span> 
     </span>
     <span class='ocr_line' id='line_1_17' title="bbox 380 1309 2073 1383; baseline -0.002 -16"><span class='ocrx_word' id='word_1_116' title='bbox 380 1311 506 1379; x_wconf 80' lang='lat' dir='ltr'>Quo</span> <span class='ocrx_word' id='word_1_117' title='bbox 541 1312 660 1383; x_wconf 89' lang='lat' dir='ltr'>ipso</span> <span class='ocrx_word' id='word_1_118' title='bbox 695 1312 752 1368; x_wconf 91' lang='lat' dir='ltr'>id</span> <span class='ocrx_word' id='word_1_119' title='bbox 790 1311 1034 1374; x_wconf 86' lang='lat' dir='ltr'>efficitur,</span> <span class='ocrx_word' id='word_1_120' title='bbox 1071 1320 1130 1362; x_wconf 90' lang='lat' dir='ltr'>ut</span> <span class='ocrx_word' id='word_1_121' title='bbox 1163 1309 1393 1379; x_wconf 88' lang='lat' dir='ltr'>denique</span> <span class='ocrx_word' id='word_1_122' title='bbox 1415 1309 1703 1383; x_wconf 86' lang='lat' dir='ltr'>imaginem</span> <span class='ocrx_word' id='word_1_123' title='bbox 1726 1312 1839 1366; x_wconf 87' lang='lat' dir='ltr'>eius</span> <span class='ocrx_word' id='word_1_124' title='bbox 1863 1311 2073 1374; x_wconf 77' lang='lat' dir='ltr'>amoris,</span> 
     </span>
     <span class='ocr_line' id='line_1_18' title="bbox 378 1380 2072 1453; baseline -0.001 -16"><span class='ocrx_word' id='word_1_125' title='bbox 378 1383 473 1453; x_wconf 88' lang='lat' dir='ltr'>qui</span> <span class='ocrx_word' id='word_1_126' title='bbox 518 1382 687 1439; x_wconf 76' lang='lat' dir='ltr'>amori</span> <span class='ocrx_word' id='word_1_127' title='bbox 731 1382 943 1436; x_wconf 89' lang='lat' dir='ltr'>divinae</span> <span class='ocrx_word' id='word_1_128' title='bbox 979 1380 1273 1452; x_wconf 83' lang='lat' dir='ltr'>sapientiae</span> <span class='ocrx_word' id='word_1_129' title='bbox 1310 1390 1581 1450; x_wconf 85' lang='lat' dir='ltr'>tamquam</span> <span class='ocrx_word' id='word_1_130' title='bbox 1617 1400 1684 1438; x_wconf 78' lang='lat' dir='ltr'>ex</span> <span class='ocrx_word' id='word_1_131' title='bbox 1720 1382 1889 1437; x_wconf 63' lang='lat' dir='ltr'>altera,</span> <span class='ocrx_word' id='word_1_132' title='bbox 1918 1390 2072 1453; x_wconf 78' lang='lat' dir='ltr'>parte</span> 
     </span>
     <span class='ocr_line' id='line_1_19' title="bbox 376 1451 2072 1524; baseline 0 -17"><span class='ocrx_word' id='word_1_133' title='bbox 376 1454 670 1524; x_wconf 74' lang='lat' dir='ltr'>respondet</span> <span class='ocrx_word' id='word_1_134' title='bbox 694 1462 746 1507; x_wconf 88' lang='lat' dir='ltr'>et</span> <span class='ocrx_word' id='word_1_135' title='bbox 769 1453 827 1506; x_wconf 90' lang='lat' dir='ltr'>in</span> <span class='ocrx_word' id='word_1_136' title='bbox 849 1452 1084 1506; x_wconf 89' lang='lat' dir='ltr'>maxima</span> <span class='ocrx_word' id='word_1_137' title='bbox 1107 1451 1415 1506; x_wconf 85' lang='lat' dir='ltr'>diversitate</span> <span class='ocrx_word' id='word_1_138' title='bbox 1442 1461 1616 1506; x_wconf 85' lang='lat' dir='ltr'>tamen</span> <span class='ocrx_word' id='word_1_139' title='bbox 1639 1453 1769 1507; x_wconf 89' lang='lat' dir='ltr'>item</span> <span class='ocrx_word' id='word_1_140' title='bbox 1790 1452 2072 1508; x_wconf 82' lang='lat' dir='ltr'>arctiorem</span> 
     </span>
     <span class='ocr_line' id='line_1_20' title="bbox 379 1522 2073 1594; baseline 0.001 -16"><span class='ocrx_word' id='word_1_141' title='bbox 379 1524 648 1594; x_wconf 89' lang='lat' dir='ltr'>quandam</span> <span class='ocrx_word' id='word_1_142' title='bbox 685 1543 808 1578; x_wconf 88' lang='lat' dir='ltr'>cum</span> <span class='ocrx_word' id='word_1_143' title='bbox 842 1523 932 1577; x_wconf 88' lang='lat' dir='ltr'>illo</span> <span class='ocrx_word' id='word_1_144' title='bbox 967 1522 1130 1576; x_wconf 89' lang='lat' dir='ltr'>habet</span> <span class='ocrx_word' id='word_1_145' title='bbox 1166 1522 1626 1589; x_wconf 86' lang='lat' dir='ltr'>necessitudinem,</span> <span class='ocrx_word' id='word_1_146' title='bbox 1661 1523 1812 1580; x_wconf 83' lang='lat' dir='ltr'>varie</span> <span class='ocrx_word' id='word_1_147' title='bbox 1835 1541 1901 1580; x_wconf 81' lang='lat' dir='ltr'>ac</span> <span class='ocrx_word' id='word_1_148' title='bbox 1933 1523 2073 1580; x_wconf 77' lang='lat' dir='ltr'>mul·</span> 
     </span>
     <span class='ocr_line' id='line_1_21' title="bbox 378 1594 2073 1666; baseline -0.001 -15"><span class='ocrx_word' id='word_1_149' title='bbox 378 1595 628 1666; x_wconf 78' lang='lat' dir='ltr'>tipliciter</span> <span class='ocrx_word' id='word_1_150' title='bbox 646 1594 1015 1651; x_wconf 82' lang='lat' dir='ltr'>adumbratam</span> <span class='ocrx_word' id='word_1_151' title='bbox 1038 1612 1101 1647; x_wconf 90' lang='lat' dir='ltr'>ac</span> <span class='ocrx_word' id='word_1_152' title='bbox 1124 1594 1510 1665; x_wconf 84' lang='lat' dir='ltr'>propemodum</span> <span class='ocrx_word' id='word_1_153' title='bbox 1530 1613 1837 1666; x_wconf 81' lang='lat' dir='ltr'>expressam</span> <span class='ocrx_word' id='word_1_154' title='bbox 1858 1613 2073 1650; x_wconf 83' lang='lat' dir='ltr'>cernere</span> 
     </span>
     <span class='ocr_line' id='line_1_22' title="bbox 377 1663 2070 1738; baseline 0 -18"><span class='ocrx_word' id='word_1_155' title='bbox 377 1666 673 1721; x_wconf 78' lang='lat' dir='ltr'>videamur.</span> <span class='ocrx_word' id='word_1_156' title='bbox 737 1663 850 1719; x_wconf 88' lang='lat' dir='ltr'>Sed</span> <span class='ocrx_word' id='word_1_157' title='bbox 892 1665 1025 1719; x_wconf 90' lang='lat' dir='ltr'>haec</span> <span class='ocrx_word' id='word_1_158' title='bbox 1069 1683 1175 1734; x_wconf 93' lang='lat' dir='ltr'>quo</span> <span class='ocrx_word' id='word_1_159' title='bbox 1219 1664 1414 1719; x_wconf 87' lang='lat' dir='ltr'>clarius</span> <span class='ocrx_word' id='word_1_160' title='bbox 1462 1666 1622 1723; x_wconf 86' lang='lat' dir='ltr'>etiam</span> <span class='ocrx_word' id='word_1_161' title='bbox 1665 1665 2070 1738; x_wconf 79' lang='lat' dir='ltr'>perspiciantur,</span> 
     </span>
     <span class='ocr_line' id='line_1_23' title="bbox 377 1735 2070 1806; baseline -0.001 -14"><span class='ocrx_word' id='word_1_162' title='bbox 377 1737 656 1794; x_wconf 74' lang='lat' dir='ltr'>videamus</span> <span class='ocrx_word' id='word_1_163' title='bbox 690 1755 834 1790; x_wconf 89' lang='lat' dir='ltr'>nunc</span> <span class='ocrx_word' id='word_1_164' title='bbox 869 1736 1057 1790; x_wconf 89' lang='lat' dir='ltr'>ordine</span> <span class='ocrx_word' id='word_1_165' title='bbox 1093 1735 1349 1806; x_wconf 84' lang='lat' dir='ltr'>deinceps</span> <span class='ocrx_word' id='word_1_166' title='bbox 1384 1736 1452 1790; x_wconf 90' lang='lat' dir='ltr'>de</span> <span class='ocrx_word' id='word_1_167' title='bbox 1477 1737 1805 1793; x_wconf 84' lang='lat' dir='ltr'>orationibus</span> <span class='ocrx_word' id='word_1_168' title='bbox 1831 1737 1912 1792; x_wconf 89' lang='lat' dir='ltr'>sin</span> <span class='ocrx_word' id='word_1_169' title='bbox 2010 1736 2070 1793; x_wconf 85' lang='lat' dir='ltr'>&#39;s.</span> 
     </span>
    </p>

    <p class='ocr_par' dir='ltr' id='par_1_4' title="bbox 374 1806 2074 3368">
     <span class='ocr_line' id='line_1_24' title="bbox 446 1806 2073 1880; baseline -0.001 -15"><span class='ocrx_word' id='word_1_170' title='bbox 446 1806 667 1865; x_wconf 78' lang='lat' dir='ltr'>Primus</span> <span class='ocrx_word' id='word_1_171' title='bbox 690 1807 859 1878; x_wconf 86' lang='lat' dir='ltr'>igitur</span> <span class='ocrx_word' id='word_1_172' title='bbox 883 1806 1096 1860; x_wconf 88' lang='lat' dir='ltr'>dicendi</span> <span class='ocrx_word' id='word_1_173' title='bbox 1121 1815 1301 1877; x_wconf 81' lang='lat' dir='ltr'>partes</span> <span class='ocrx_word' id='word_1_174' title='bbox 1324 1806 1605 1863; x_wconf 88' lang='lat' dir='ltr'>Phaedrus</span> <span class='ocrx_word' id='word_1_175' title='bbox 1629 1807 1868 1880; x_wconf 83' lang='lat' dir='ltr'>suscipit.</span> <span class='ocrx_word' id='word_1_176' title='bbox 2001 1808 2073 1863; x_wconf 77' lang='lat' dir='ltr'>od</span> 
     </span>
     <span class='ocr_line' id='line_1_25' title="bbox 378 1877 2072 1961; baseline -0.002 -26"><span class='ocrx_word' id='word_1_177' title='bbox 378 1897 475 1935; x_wconf 78' lang='lat' dir='ltr'>our</span> <span class='ocrx_word' id='word_1_178' title='bbox 508 1878 586 1933; x_wconf 82' lang='lat' dir='ltr'>ita</span> <span class='ocrx_word' id='word_1_179' title='bbox 619 1878 728 1942; x_wconf 81' lang='lat' dir='ltr'>fiat,</span> <span class='ocrx_word' id='word_1_180' title='bbox 767 1877 922 1934; x_wconf 89' lang='lat' dir='ltr'>Plato</span> <span class='ocrx_word' id='word_1_181' title='bbox 958 1877 1077 1948; x_wconf 88' lang='lat' dir='ltr'>ipse</span> <span class='ocrx_word' id='word_1_182' title='bbox 1112 1877 1242 1934; x_wconf 86' lang='lat' dir='ltr'>satis</span> <span class='ocrx_word' id='word_1_183' title='bbox 1267 1877 1411 1932; x_wconf 81' lang='lat' dir='ltr'>clare</span> <span class='ocrx_word' id='word_1_184' title='bbox 1434 1878 1756 1961; x_wconf 83' lang='lat' dir='ltr'>significavit</span> <span class='ocrx_word' id='word_1_185' title='bbox 1776 1899 1828 1951; x_wconf 90' lang='lat' dir='ltr'>p.</span> <span class='ocrx_word' id='word_1_186' title='bbox 1857 1881 1976 1934; x_wconf 80' lang='lat'>177.</span> <span class='ocrx_word' id='word_1_187' title='bbox 2000 1878 2072 1935; x_wconf 90' lang='lat' dir='ltr'>A.</span> 
     </span>
     <span class='ocr_line' id='line_1_26' title="bbox 378 1948 2072 2020; baseline 0 -18"><span class='ocrx_word' id='word_1_188' title='bbox 378 1967 513 2018; x_wconf 62' lang='lat' dir='ltr'>sqq„</span> <span class='ocrx_word' id='word_1_189' title='bbox 552 1949 647 2003; x_wconf 91' lang='lat' dir='ltr'>ubi</span> <span class='ocrx_word' id='word_1_190' title='bbox 681 1948 775 2005; x_wconf 84' lang='lat' dir='ltr'>ille·</span> <span class='ocrx_word' id='word_1_191' title='bbox 807 1958 1055 2002; x_wconf 89' lang='lat' dir='ltr'>narratur</span> <span class='ocrx_word' id='word_1_192' title='bbox 1091 1948 1412 2004; x_wconf 88' lang='lat' dir='ltr'>creberrime</span> <span class='ocrx_word' id='word_1_193' title='bbox 1434 1957 1658 2005; x_wconf 81' lang='lat' dir='ltr'>mlratus</span> <span class='ocrx_word' id='word_1_194' title='bbox 1682 1950 1920 2020; x_wconf 89' lang='lat' dir='ltr'>adeoque</span> <span class='ocrx_word' id='word_1_195' title='bbox 1944 1969 2072 2004; x_wconf 93' lang='lat' dir='ltr'>con-</span> 
     </span>
     <span class='ocr_line' id='line_1_27' title="bbox 377 2019 2071 2090; baseline 0.002 -18"><span class='ocrx_word' id='word_1_196' title='bbox 377 2029 600 2089; x_wconf 86' lang='lat' dir='ltr'>questus</span> <span class='ocrx_word' id='word_1_197' title='bbox 643 2039 763 2074; x_wconf 90' lang='lat' dir='ltr'>esse</span> <span class='ocrx_word' id='word_1_198' title='bbox 807 2028 1115 2090; x_wconf 89' lang='lat' dir='ltr'>propterea,</span> <span class='ocrx_word' id='word_1_199' title='bbox 1163 2019 1308 2089; x_wconf 86' lang='lat' dir='ltr'>quod</span> <span class='ocrx_word' id='word_1_200' title='bbox 1352 2021 1658 2076; x_wconf 79' lang='lat' dir='ltr'>nullasdum</span> <span class='ocrx_word' id='word_1_201' title='bbox 1693 2020 1912 2077; x_wconf 84' lang='lat' dir='ltr'>Amoris</span> <span class='ocrx_word' id='word_1_202' title='bbox 1954 2021 2071 2075; x_wconf 87' lang='lat' dir='ltr'>lau-</span> 
     </span>
     <span class='ocr_line' id='line_1_28' title="bbox 377 2090 2073 2162; baseline 0.002 -19"><span class='ocrx_word' id='word_1_203' title='bbox 377 2091 620 2145; x_wconf 87' lang='lat' dir='ltr'>dationes</span> <span class='ocrx_word' id='word_1_204' title='bbox 665 2090 967 2162; x_wconf 84' lang='lat' dir='ltr'>publicatae</span> <span class='ocrx_word' id='word_1_205' title='bbox 1016 2091 1137 2155; x_wconf 89' lang='lat' dir='ltr'>sint,</span> <span class='ocrx_word' id='word_1_206' title='bbox 1185 2100 1344 2160; x_wconf 90' lang='lat' dir='ltr'>atque</span> <span class='ocrx_word' id='word_1_207' title='bbox 1382 2101 1566 2146; x_wconf 86' lang='lat' dir='ltr'>auctor</span> <span class='ocrx_word' id='word_1_208' title='bbox 1604 2091 1800 2145; x_wconf 85' lang='lat' dir='ltr'>dicitur</span> <span class='ocrx_word' id='word_1_209' title='bbox 1833 2091 2073 2150; x_wconf 85' lang='lat' dir='ltr'>extitisse</span> 
     </span>
     <span class='ocr_line' id='line_1_29' title="bbox 378 2161 2073 2236; baseline 0.001 -21"><span class='ocrx_word' id='word_1_210' title='bbox 378 2162 599 2226; x_wconf 91' lang='lat' dir='ltr'>consilii,</span> <span class='ocrx_word' id='word_1_211' title='bbox 635 2162 782 2231; x_wconf 54' lang='lat' dir='ltr'>‘quod</span> <span class='ocrx_word' id='word_1_212' title='bbox 804 2161 1203 2232; x_wconf 85' lang='lat' dir='ltr'>Eryximachus</span> <span class='ocrx_word' id='word_1_213' title='bbox 1239 2162 1478 2217; x_wconf 89' lang='lat' dir='ltr'>medicus</span> <span class='ocrx_word' id='word_1_214' title='bbox 1501 2161 1807 2236; x_wconf 82' lang='lat' dir='ltr'>Agathonis.</span> <span class='ocrx_word' id='word_1_215' title='bbox 1837 2162 2073 2218; x_wconf 83' lang='lat' dir='ltr'>convivis</span> 
     </span>
     <span class='ocr_line' id='line_1_30' title="bbox 374 2233 2074 2307; baseline 0.002 -22"><span class='ocrx_word' id='word_1_216' title='bbox 374 2233 656 2304; x_wconf 85' lang='lat' dir='ltr'>impertiit,</span> <span class='ocrx_word' id='word_1_217' title='bbox 714 2251 927 2302; x_wconf 90' lang='lat' dir='ltr'>quoque</span> <span class='ocrx_word' id='word_1_218' title='bbox 979 2233 1206 2304; x_wconf 86' lang='lat' dir='ltr'>permoti</span> <span class='ocrx_word' id='word_1_219' title='bbox 1252 2252 1371 2288; x_wconf 91' lang='lat' dir='ltr'>esse</span> <span class='ocrx_word' id='word_1_220' title='bbox 1416 2234 1714 2306; x_wconf 85' lang='lat' dir='ltr'>finguntur,</span> <span class='ocrx_word' id='word_1_221' title='bbox 1768 2242 1829 2288; x_wconf 91' lang='lat' dir='ltr'>ut</span> <span class='ocrx_word' id='word_1_222' title='bbox 1877 2233 2074 2307; x_wconf 88' lang='lat' dir='ltr'>singuli</span> 
     </span>
     <span class='ocr_line' id='line_1_31' title="bbox 375 2304 2072 2376; baseline 0.001 -17"><span class='ocrx_word' id='word_1_223' title='bbox 375 2304 595 2359; x_wconf 90' lang='lat' dir='ltr'>Amoris</span> <span class='ocrx_word' id='word_1_224' title='bbox 630 2305 814 2358; x_wconf 85' lang='lat' dir='ltr'>laudes</span> <span class='ocrx_word' id='word_1_225' title='bbox 850 2305 907 2358; x_wconf 93' lang='lat' dir='ltr'>in</span> <span class='ocrx_word' id='word_1_226' title='bbox 943 2304 1128 2358; x_wconf 89' lang='lat' dir='ltr'>orbem</span> <span class='ocrx_word' id='word_1_227' title='bbox 1165 2313 1324 2358; x_wconf 87' lang='lat' dir='ltr'>eunte</span> <span class='ocrx_word' id='word_1_228' title='bbox 1361 2304 1572 2359; x_wconf 85' lang='lat' dir='ltr'>dicendi</span> <span class='ocrx_word' id='word_1_229' title='bbox 1608 2324 1676 2358; x_wconf 91' lang='lat' dir='ltr'>ne</span> <span class='ocrx_word' id='word_1_230' title='bbox 1717 2304 1824 2359; x_wconf 81' lang='lat' dir='ltr'>otio</span> <span class='ocrx_word' id='word_1_231' title='bbox 1860 2305 2072 2376; x_wconf 69' lang='lat' dir='ltr'>praedi-</span> 
     </span>
     <span class='ocr_line' id='line_1_32' title="bbox 377 2374 2073 2445; baseline 0.002 -17"><span class='ocrx_word' id='word_1_232' title='bbox 377 2394 499 2429; x_wconf 89' lang='lat' dir='ltr'>care</span> <span class='ocrx_word' id='word_1_233' title='bbox 535 2375 882 2432; x_wconf 87' lang='lat' dir='ltr'>instituerint.</span> <span class='ocrx_word' id='word_1_234' title='bbox 917 2374 1184 2429; x_wconf 90' lang='lat' dir='ltr'>Nimirum</span> <span class='ocrx_word' id='word_1_235' title='bbox 1221 2394 1464 2429; x_wconf 85' lang='lat' dir='ltr'>caussam</span> <span class='ocrx_word' id='word_1_236' title='bbox 1497 2376 1638 2430; x_wconf 90' lang='lat' dir='ltr'>illius</span> <span class='ocrx_word' id='word_1_237' title='bbox 1701 2375 1931 2441; x_wconf 87' lang='lat' dir='ltr'>esiderii,</span> <span class='ocrx_word' id='word_1_238' title='bbox 1969 2394 2073 2445; x_wconf 85' lang='lat' dir='ltr'>quo</span> 
     </span>
     <span class='ocr_line' id='line_1_33' title="bbox 374 2446 2072 2518; baseline 0.001 -19"><span class='ocrx_word' id='word_1_239' title='bbox 374 2446 603 2500; x_wconf 86' lang='lat' dir='ltr'>hominis</span> <span class='ocrx_word' id='word_1_240' title='bbox 639 2446 888 2517; x_wconf 85' lang='lat' dir='ltr'>flagravit</span> <span class='ocrx_word' id='word_1_241' title='bbox 922 2447 1149 2510; x_wconf 88' lang='lat' dir='ltr'>animus,</span> <span class='ocrx_word' id='word_1_242' title='bbox 1188 2446 1558 2518; x_wconf 85' lang='lat' dir='ltr'>cognoscimus</span> <span class='ocrx_word' id='word_1_243' title='bbox 1595 2467 1662 2502; x_wconf 89' lang='lat' dir='ltr'>ex</span> <span class='ocrx_word' id='word_1_244' title='bbox 1686 2446 1932 2504; x_wconf 66' lang='lat' dir='ltr'>Phaedro</span> <span class='ocrx_word' id='word_1_245' title='bbox 1956 2447 2072 2504; x_wconf 78' lang='lat' dir='ltr'>dia·</span> 
     </span>
     <span class='ocr_line' id='line_1_34' title="bbox 374 2514 2074 2588; baseline 0 -18"><span class='ocrx_word' id='word_1_246' title='bbox 374 2518 499 2588; x_wconf 85' lang='lat' dir='ltr'>logo</span> <span class='ocrx_word' id='word_1_247' title='bbox 533 2537 585 2588; x_wconf 90' lang='lat' dir='ltr'>p.</span> <span class='ocrx_word' id='word_1_248' title='bbox 624 2519 744 2571; x_wconf 80' lang='lat'>242.</span> <span class='ocrx_word' id='word_1_249' title='bbox 782 2518 852 2571; x_wconf 89' lang='lat' dir='ltr'>A.</span> <span class='ocrx_word' id='word_1_250' title='bbox 891 2517 959 2570; x_wconf 89' lang='grc' dir='ltr'>Β.</span> <span class='ocrx_word' id='word_1_251' title='bbox 1009 2519 1128 2571; x_wconf 85' lang='grc'><strong>243.</strong></span> <span class='ocrx_word' id='word_1_252' title='bbox 1168 2515 1232 2572; x_wconf 86' lang='lat' dir='ltr'>C.</span> <span class='ocrx_word' id='word_1_253' title='bbox 1280 2519 1401 2571; x_wconf 81' lang='lat'>258.</span> <span class='ocrx_word' id='word_1_254' title='bbox 1439 2517 1506 2571; x_wconf 89' lang='grc' dir='ltr'>Ε.</span> <span class='ocrx_word' id='word_1_255' title='bbox 1554 2520 1674 2572; x_wconf 83' lang='grc'><strong>259.</strong></span> <span class='ocrx_word' id='word_1_256' title='bbox 1711 2516 1781 2572; x_wconf 85' lang='grc' dir='ltr'>Β.</span> <span class='ocrx_word' id='word_1_257' title='bbox 1816 2535 1951 2587; x_wconf 67' lang='lat' dir='ltr'>sqq„</span> <span class='ocrx_word' id='word_1_258' title='bbox 1978 2514 2074 2571; x_wconf 87' lang='lat' dir='ltr'>ubi</span> 
     </span>
     <span class='ocr_line' id='line_1_35' title="bbox 376 2588 2071 2650; baseline 0.002 -9"><span class='ocrx_word' id='word_1_259' title='bbox 376 2606 681 2644; x_wconf 85' lang='lat' dir='ltr'>sermonum</span> <span class='ocrx_word' id='word_1_260' title='bbox 716 2589 803 2643; x_wconf 90' lang='lat' dir='ltr'>vel</span> <span class='ocrx_word' id='word_1_261' title='bbox 849 2588 1235 2642; x_wconf 88' lang='lat' dir='ltr'>audiendorum</span> <span class='ocrx_word' id='word_1_262' title='bbox 1280 2589 1367 2643; x_wconf 87' lang='lat' dir='ltr'>vel</span> <span class='ocrx_word' id='word_1_263' title='bbox 1413 2588 1778 2650; x_wconf 69' lang='lat' dir='ltr'>habendorum</span> <span class='ocrx_word' id='word_1_264' title='bbox 1809 2588 1941 2645; x_wconf 75' lang='lat' dir='ltr'>adeo</span> <span class='ocrx_word' id='word_1_265' title='bbox 1977 2606 2071 2645; x_wconf 85' lang='lat' dir='ltr'>cu·-</span> 
     </span>
     <span class='ocr_line' id='line_1_36' title="bbox 374 2658 2074 2730; baseline 0.002 -20"><span class='ocrx_word' id='word_1_266' title='bbox 374 2659 538 2726; x_wconf 90' lang='lat' dir='ltr'>pidus</span> <span class='ocrx_word' id='word_1_267' title='bbox 582 2658 750 2712; x_wconf 85' lang='lat' dir='ltr'>fuisse</span> <span class='ocrx_word' id='word_1_268' title='bbox 796 2659 1014 2722; x_wconf 89' lang='lat' dir='ltr'>dicitur,</span> <span class='ocrx_word' id='word_1_269' title='bbox 1069 2669 1130 2712; x_wconf 90' lang='lat' dir='ltr'>ut</span> <span class='ocrx_word' id='word_1_270' title='bbox 1182 2659 1239 2711; x_wconf 90' lang='lat' dir='ltr'>in</span> <span class='ocrx_word' id='word_1_271' title='bbox 1285 2659 1378 2711; x_wconf 86' lang='lat' dir='ltr'>tali</span> <span class='ocrx_word' id='word_1_272' title='bbox 1421 2658 2074 2730; x_wconf 62' lang='lat' dir='ltr'>occupatione2z‚summam</span> 
     </span>
     <span class='ocr_line' id='line_1_37' title="bbox 375 2726 2069 2797; baseline 0.001 -16"><span class='ocrx_word' id='word_1_273' title='bbox 375 2729 517 2781; x_wconf 84' lang='lat' dir='ltr'>vitae</span> <span class='ocrx_word' id='word_1_274' title='bbox 554 2729 883 2797; x_wconf 83' lang='lat' dir='ltr'>voluptatem</span> <span class='ocrx_word' id='word_1_275' title='bbox 919 2729 1223 2797; x_wconf 86' lang='lat' dir='ltr'>ponendam</span> <span class='ocrx_word' id='word_1_276' title='bbox 1259 2747 1377 2782; x_wconf 88' lang='lat' dir='ltr'>esse</span> <span class='ocrx_word' id='word_1_277' title='bbox 1412 2726 1926 2787; x_wconf 64' lang='lat' dir='ltr'>arbitratus‹sit0·-·Is</span> <span class='ocrx_word' id='word_1_278' title='bbox 1961 2730 1981 2783; x_wconf 93' lang='lat' dir='ltr'>i</span> <span class='ocrx_word' id='word_1_279' title='bbox 2025 2731 2069 2773; x_wconf 87' lang='lat'>’-</span> 
     </span>
     <span class='ocr_line' id='line_1_38' title="bbox 376 2798 2074 2867; baseline 0.003 -18"><span class='ocrx_word' id='word_1_280' title='bbox 376 2807 463 2850; x_wconf 90' lang='lat' dir='ltr'>tur</span> <span class='ocrx_word' id='word_1_281' title='bbox 507 2798 696 2852; x_wconf 90' lang='lat' dir='ltr'>merito</span> <span class='ocrx_word' id='word_1_282' title='bbox 741 2808 1008 2852; x_wconf 88' lang='lat' dir='ltr'>oratorum</span> <span class='ocrx_word' id='word_1_283' title='bbox 1054 2807 1324 2867; x_wconf 83' lang='lat' dir='ltr'>tamquam</span> <span class='ocrx_word' id='word_1_284' title='bbox 1371 2818 1403 2851; x_wconf 91' lang='lat' dir='ltr'>a</span> <span class='ocrx_word' id='word_1_285' title='bbox 1442 2818 1563 2854; x_wconf 87' lang='lat' dir='ltr'>men</span> <span class='ocrx_word' id='word_1_286' title='bbox 1610 2798 1980 2858; x_wconf 48' lang='lat' dir='ltr'>ducitrezssLau</span> <span class='ocrx_word' id='word_1_287' title='bbox 2017 2810 2074 2855; x_wconf 78' lang='lat' dir='ltr'>at</span> 
     </span>
     <span class='ocr_line' id='line_1_39' title="bbox 377 2867 2070 2943; baseline 0.002 -21"><span class='ocrx_word' id='word_1_288' title='bbox 377 2886 505 2922; x_wconf 84' lang='lat' dir='ltr'>vero</span> <span class='ocrx_word' id='word_1_289' title='bbox 540 2868 798 2922; x_wconf 88' lang='lat' dir='ltr'>Amorem</span> <span class='ocrx_word' id='word_1_290' title='bbox 833 2887 940 2922; x_wconf 90' lang='lat' dir='ltr'>non</span> <span class='ocrx_word' id='word_1_291' title='bbox 978 2869 1092 2923; x_wconf 90' lang='lat' dir='ltr'>sine</span> <span class='ocrx_word' id='word_1_292' title='bbox 1129 2888 1267 2923; x_wconf 87' lang='lat' dir='ltr'>vana</span> <span class='ocrx_word' id='word_1_293' title='bbox 1300 2888 1407 2939; x_wconf 87' lang='lat' dir='ltr'>qua</span> <span class='ocrx_word' id='word_1_294' title='bbox 1447 2889 1532 2924; x_wconf 89' lang='lat' dir='ltr'>am</span> <span class='ocrx_word' id='word_1_295' title='bbox 1556 2867 1835 2928; x_wconf 61' lang='lat' dir='ltr'>doctrinae</span> <span class='ocrx_word' id='word_1_296' title='bbox 1849 2889 1920 2929; x_wconf 77' lang='lat' dir='ltr'>ex</span> <span class='ocrx_word' id='word_1_297' title='bbox 1942 2891 2070 2943; x_wconf 87' lang='lat' dir='ltr'>poe-</span> 
     </span>
     <span class='ocr_line' id='line_1_40' title="bbox 377 2938 2070 3012; baseline 0.004 -20"><span class='ocrx_word' id='word_1_298' title='bbox 377 2938 446 2992; x_wconf 89' lang='lat' dir='ltr'>tis</span> <span class='ocrx_word' id='word_1_299' title='bbox 494 2947 548 2992; x_wconf 91' lang='lat' dir='ltr'>et</span> <span class='ocrx_word' id='word_1_300' title='bbox 590 2938 911 3010; x_wconf 86' lang='lat' dir='ltr'>mythologis</span> <span class='ocrx_word' id='word_1_301' title='bbox 968 2939 1190 2994; x_wconf 83' lang='lat' dir='ltr'>haustae</span> <span class='ocrx_word' id='word_1_302' title='bbox 1237 2940 1516 2996; x_wconf 84' lang='lat' dir='ltr'>iactatione</span> <span class='ocrx_word' id='word_1_303' title='bbox 1561 2951 1830 3012; x_wconf 84' lang='lat' dir='ltr'>tamquam</span> <span class='ocrx_word' id='word_1_304' title='bbox 1872 2962 2070 2999; x_wconf 86' lang='lat' dir='ltr'>numen</span> 
     </span>
     <span class='ocr_line' id='line_1_41' title="bbox 376 3009 2070 3083; baseline 0.002 -20"><span class='ocrx_word' id='word_1_305' title='bbox 376 3009 635 3075; x_wconf 81' lang='lat' dir='ltr'>divinum,</span> <span class='ocrx_word' id='word_1_306' title='bbox 671 3010 818 3079; x_wconf 91' lang='lat' dir='ltr'>quod</span> <span class='ocrx_word' id='word_1_307' title='bbox 853 3009 1069 3079; x_wconf 91' lang='lat' dir='ltr'>quidem</span> <span class='ocrx_word' id='word_1_308' title='bbox 1106 3011 1337 3082; x_wconf 89' lang='lat' dir='ltr'>primum</span> <span class='ocrx_word' id='word_1_309' title='bbox 1373 3013 1609 3067; x_wconf 89' lang='lat' dir='ltr'>omnium</span> <span class='ocrx_word' id='word_1_310' title='bbox 1644 3013 2070 3083; x_wconf 81' lang='lat' dir='ltr'>antiquissimum</span> 
     </span>
     <span class='ocr_line' id='line_1_42' title="bbox 376 3080 2067 3153; baseline 0.004 -20"><span class='ocrx_word' id='word_1_311' title='bbox 376 3080 454 3133; x_wconf 88' lang='lat' dir='ltr'>ait</span> <span class='ocrx_word' id='word_1_312' title='bbox 491 3099 623 3144; x_wconf 89' lang='lat' dir='ltr'>esse,</span> <span class='ocrx_word' id='word_1_313' title='bbox 661 3081 853 3134; x_wconf 89' lang='lat' dir='ltr'>deinde</span> <span class='ocrx_word' id='word_1_314' title='bbox 889 3081 1018 3135; x_wconf 89' lang='lat' dir='ltr'>item</span> <span class='ocrx_word' id='word_1_315' title='bbox 1054 3082 1329 3153; x_wconf 89' lang='lat' dir='ltr'>praedicat</span> <span class='ocrx_word' id='word_1_316' title='bbox 1353 3093 1413 3135; x_wconf 89' lang='lat' dir='ltr'>ut</span> <span class='ocrx_word' id='word_1_317' title='bbox 1436 3084 1786 3139; x_wconf 84' lang='lat' dir='ltr'>maximorum</span> <span class='ocrx_word' id='word_1_318' title='bbox 1809 3084 2067 3140; x_wconf 82' lang='lat' dir='ltr'>bonorum</span> 
     </span>
     <span class='ocr_line' id='line_1_43' title="bbox 376 3152 2067 3228; baseline 0.002 -24"><span class='ocrx_word' id='word_1_319' title='bbox 376 3152 704 3223; x_wconf 79' lang='lat' dir='ltr'>largitorem,</span> <span class='ocrx_word' id='word_1_320' title='bbox 753 3152 952 3223; x_wconf 91' lang='lat' dir='ltr'>quippe</span> <span class='ocrx_word' id='word_1_321' title='bbox 998 3172 1162 3222; x_wconf 91' lang='lat' dir='ltr'>quum</span> <span class='ocrx_word' id='word_1_322' title='bbox 1198 3155 1496 3211; x_wconf 86' lang='lat' dir='ltr'>amantibus</span> <span class='ocrx_word' id='word_1_323' title='bbox 1540 3173 1855 3228; x_wconf 88' lang='lat' dir='ltr'>generosam</span> <span class='ocrx_word' id='word_1_324' title='bbox 1897 3173 2067 3224; x_wconf 79' lang='lat' dir='ltr'>quan—</span> 
     </span>
     <span class='ocr_line' id='line_1_44' title="bbox 377 3222 2068 3294; baseline 0.002 -20"><span class='ocrx_word' id='word_1_325' title='bbox 377 3222 501 3276; x_wconf 89' lang='lat' dir='ltr'>dam</span> <span class='ocrx_word' id='word_1_326' title='bbox 552 3222 752 3277; x_wconf 83' lang='lat' dir='ltr'>iniiciat</span> <span class='ocrx_word' id='word_1_327' title='bbox 795 3224 1198 3288; x_wconf 88' lang='lat' dir='ltr'>verecundiam,</span> <span class='ocrx_word' id='word_1_328' title='bbox 1247 3243 1383 3294; x_wconf 80' lang='lat' dir='ltr'>quae</span> <span class='ocrx_word' id='word_1_329' title='bbox 1430 3244 1520 3280; x_wconf 89' lang='lat' dir='ltr'>eos</span> <span class='ocrx_word' id='word_1_330' title='bbox 1570 3226 1640 3282; x_wconf 80' lang='lat' dir='ltr'>ad</span> <span class='ocrx_word' id='word_1_331' title='bbox 1684 3225 1969 3281; x_wconf 80' lang='lat' dir='ltr'>laudabilia</span> <span class='ocrx_word' id='word_1_332' title='bbox 2013 3233 2068 3278; x_wconf 78' lang='lat' dir='ltr'>e&#39;t</span> 
     </span>
     <span class='ocr_line' id='line_1_45' title="bbox 377 3293 2063 3368; baseline 0.002 -22"><span class='ocrx_word' id='word_1_333' title='bbox 377 3293 602 3347; x_wconf 87' lang='lat' dir='ltr'>honesta</span> <span class='ocrx_word' id='word_1_334' title='bbox 649 3294 882 3348; x_wconf 90' lang='lat' dir='ltr'>facinora</span> <span class='ocrx_word' id='word_1_335' title='bbox 926 3304 978 3348; x_wconf 88' lang='lat' dir='ltr'>et</span> <span class='ocrx_word' id='word_1_336' title='bbox 1024 3295 1362 3367; x_wconf 85' lang='lat' dir='ltr'>suscipienda</span> <span class='ocrx_word' id='word_1_337' title='bbox 1400 3306 1449 3351; x_wconf 86' lang='lat' dir='ltr'>et</span> <span class='ocrx_word' id='word_1_338' title='bbox 1488 3296 1843 3368; x_wconf 86' lang='lat' dir='ltr'>perpetranda</span> <span class='ocrx_word' id='word_1_339' title='bbox 1877 3297 2063 3368; x_wconf 86' lang='lat' dir='ltr'>impel—</span> 
     </span>
    </p>
   </div>
  </div>
 </body>
</html>
