<?xml version="1.0" encoding="UTF-8"?>
<!DOCTYPE html PUBLIC "-//W3C//DTD XHTML 1.0 Transitional//EN"
    "http://www.w3.org/TR/xhtml1/DTD/xhtml1-transitional.dtd">
<html xmlns="http://www.w3.org/1999/xhtml" xml:lang="en" lang="en">
 <head>
  <title>
</title>
<meta http-equiv="Content-Type" content="text/html;charset=utf-8" />
  <meta name='ocr-system' content='tesseract 3.04.00' />
  <meta name='ocr-capabilities' content='ocr_page ocr_carea ocr_par ocr_line ocrx_word'/>
</head>
<body>
  <div class='ocr_page' id='page_1' title='image "./operaomniarecens01platuoft_0209.png"; bbox 0 0 2158 3718; ppageno 0'>
   <div class='ocr_carea' id='block_1_1' title="bbox 347 122 1799 180">
    <p class='ocr_par' dir='ltr' id='par_1_1' title="bbox 347 122 1799 180">
     <span class='ocr_line' id='line_1_1' title="bbox 347 122 1799 180; baseline -0.001 -2"><span class='ocrx_word' id='word_1_1' title='bbox 347 123 765 178; x_wconf 85' lang='lat' dir='ltr'><strong>APOLOGIA</strong></span> <span class='ocrx_word' id='word_1_2' title='bbox 803 122 1202 180; x_wconf 76' lang='lat' dir='ltr'><strong>SOCRAHS.</strong></span> <span class='ocrx_word' id='word_1_3' title='bbox 1242 125 1304 180; x_wconf 84' lang='lat' dir='ltr'><strong>P.</strong></span> <span class='ocrx_word' id='word_1_4' title='bbox 1343 125 1430 178; x_wconf 92' lang='grc'><strong>33.</strong></span> <span class='ocrx_word' id='word_1_5' title='bbox 1470 124 1552 179; x_wconf 80' lang='lat' dir='ltr'><strong>St.</strong></span> <span class='ocrx_word' id='word_1_6' title='bbox 1704 128 1799 178; x_wconf 84' lang='lat'><strong>131</strong></span> 
     </span>
    </p>
   </div>
   <div class='ocr_carea' id='block_1_2' title="bbox 103 265 1887 1355">
    <p class='ocr_par' dir='ltr' id='par_1_2' title="bbox 103 265 1887 1355">
     <span class='ocr_line' id='line_1_2' title="bbox 109 265 1801 345; baseline -0.002 -17"><span class='ocrx_word' id='word_1_7' title='bbox 109 276 225 345; x_wconf 74' lang='grc' dir='ltr'><strong>ἰδίᾳ</strong></span> <span class='ocrx_word' id='word_1_8' title='bbox 265 272 295 328; x_wconf 84' lang='grc' dir='ltr'><em>ὁ</em></span> <span class='ocrx_word' id='word_1_9' title='bbox 345 269 516 335; x_wconf 83' lang='grc' dir='ltr'><em>αὐτὸς</em></span> <span class='ocrx_word' id='word_1_10' title='bbox 556 265 741 343; x_wconf 75' lang='grc' dir='ltr'><em>οὗτος,</em></span> <span class='ocrx_word' id='word_1_11' title='bbox 789 273 971 325; x_wconf 74' lang='grc' dir='ltr'><em>οὐδενὶ</em></span> <span class='ocrx_word' id='word_1_12' title='bbox 995 271 1218 327; x_wconf 77' lang='grc' dir='ltr'><em>πώποτε</em></span> <span class='ocrx_word' id='word_1_13' title='bbox 1244 270 1596 344; x_wconf 74' lang='grc' dir='ltr'><em>ξυγχωρήσας</em></span> <span class='ocrx_word' id='word_1_14' title='bbox 1639 271 1801 327; x_wconf 77' lang='grc' dir='ltr'><em>οὐδὲν</em></span> 
     </span>
     <span class='ocr_line' id='line_1_3' title="bbox 108 351 1802 429; baseline -0.002 -16"><span class='ocrx_word' id='word_1_15' title='bbox 108 355 265 429; x_wconf 69' lang='grc' dir='ltr'><em>παρὰ</em></span> <span class='ocrx_word' id='word_1_16' title='bbox 294 355 358 412; x_wconf 84' lang='grc' dir='ltr'><strong>τὸ</strong></span> <span class='ocrx_word' id='word_1_17' title='bbox 387 361 603 411; x_wconf 80' lang='grc' dir='ltr'><em>δίκαιον</em></span> <span class='ocrx_word' id='word_1_18' title='bbox 631 351 758 410; x_wconf 71' lang='grc' dir='ltr'><strong>οὔτε</strong></span> <span class='ocrx_word' id='word_1_19' title='bbox 783 352 934 425; x_wconf 76' lang='grc' dir='ltr'><em>ἄλλῳ</em></span> <span class='ocrx_word' id='word_1_20' title='bbox 963 353 1089 410; x_wconf 78' lang='grc' dir='ltr'><em>οὕτε</em></span> <span class='ocrx_word' id='word_1_21' title='bbox 1125 355 1338 410; x_wconf 85' lang='grc' dir='ltr'><em>τούτων</em></span> <span class='ocrx_word' id='word_1_22' title='bbox 1385 355 1580 421; x_wconf 83' lang='grc' dir='ltr'><em>οὐδενί,</em></span> <span class='ocrx_word' id='word_1_23' title='bbox 1616 352 1713 420; x_wconf 78' lang='grc' dir='ltr'><strong>οὓς</strong></span> <span class='ocrx_word' id='word_1_24' title='bbox 1748 360 1802 411; x_wconf 81' lang='grc' dir='ltr'><strong>οἱ</strong></span> 
     </span>
     <span class='ocr_line' id='line_1_4' title="bbox 109 437 1798 513; baseline -0.002 -17"><span class='ocrx_word' id='word_1_25' title='bbox 109 441 498 512; x_wconf 76' lang='grc' dir='ltr'><em>ὃιαβάλλοντές</em></span> <span class='ocrx_word' id='word_1_26' title='bbox 539 446 603 509; x_wconf 76' lang='grc' dir='ltr'><em>μέ</em></span> <span class='ocrx_word' id='word_1_27' title='bbox 647 457 821 513; x_wconf 80' lang='grc' dir='ltr'><em>φασιν</em></span> <span class='ocrx_word' id='word_1_28' title='bbox 865 438 1029 510; x_wconf 75' lang='grc' dir='ltr'><em>ἐμούς</em></span> <span class='ocrx_word' id='word_1_29' title='bbox 1069 438 1344 510; x_wconf 70' lang='grc' dir='ltr'><em>μαθητὰς</em></span> <span class='ocrx_word' id='word_1_30' title='bbox 1386 441 1544 494; x_wconf 79' lang='grc' dir='ltr'><em>εἶναι.</em></span> <span class='ocrx_word' id='word_1_31' title='bbox 1592 437 1690 507; x_wconf 75' lang='grc' dir='ltr'><strong>ἐγώ</strong></span> <span class='ocrx_word' id='word_1_32' title='bbox 1743 442 1798 494; x_wconf 78' lang='grc' dir='ltr'><strong>δὲ</strong></span> 
     </span>
     <span class='ocr_line' id='line_1_5' title="bbox 107 522 1801 595; baseline -0.002 -15"><span class='ocrx_word' id='word_1_33' title='bbox 107 524 434 588; x_wconf 80' lang='grc' dir='ltr'><em>διδάσκαλος</em></span> <span class='ocrx_word' id='word_1_34' title='bbox 475 527 577 594; x_wconf 82' lang='grc' dir='ltr'><strong>μὲν</strong></span> <span class='ocrx_word' id='word_1_35' title='bbox 625 522 851 587; x_wconf 81' lang='grc' dir='ltr'><em>οὐδενὸς</em></span> <span class='ocrx_word' id='word_1_36' title='bbox 893 522 1102 579; x_wconf 81' lang='grc' dir='ltr'><em>πώποτ’</em></span> <span class='ocrx_word' id='word_1_37' title='bbox 1169 524 1468 595; x_wconf 73' lang='grc' dir='ltr'><em>ἐγενόμην·</em></span> <span class='ocrx_word' id='word_1_38' title='bbox 1533 531 1578 578; x_wconf 78' lang='grc' dir='ltr'><strong>εὶ</strong></span> <span class='ocrx_word' id='word_1_39' title='bbox 1622 528 1677 578; x_wconf 75' lang='grc' dir='ltr'><strong>δέ</strong></span> <span class='ocrx_word' id='word_1_40' title='bbox 1719 529 1801 587; x_wconf 84' lang='grc' dir='ltr'><strong>τίς</strong></span> 
     </span>
     <span class='ocr_line' id='line_1_6' title="bbox 104 607 1801 680; baseline -0.002 -15"><span class='ocrx_word' id='word_1_41' title='bbox 104 631 214 680; x_wconf 89' lang='grc' dir='ltr'><em>μου</em></span> <span class='ocrx_word' id='word_1_42' title='bbox 272 613 524 678; x_wconf 81' lang='grc' dir='ltr'><em>λὲγοντος</em></span> <span class='ocrx_word' id='word_1_43' title='bbox 580 611 672 661; x_wconf 82' lang='grc' dir='ltr'><strong>καὶ</strong></span> <span class='ocrx_word' id='word_1_44' title='bbox 729 607 797 661; x_wconf 85' lang='grc' dir='ltr'><em>τά</em></span> <span class='ocrx_word' id='word_1_45' title='bbox 857 612 1098 678; x_wconf 76' lang='grc' dir='ltr'><em>ἐμαυτοῦ</em></span> <span class='ocrx_word' id='word_1_46' title='bbox 1146 608 1497 676; x_wconf 69' lang='grc' dir='ltr'><em>πράττοντος</em></span> <span class='ocrx_word' id='word_1_47' title='bbox 1534 611 1801 678; x_wconf 74' lang='grc' dir='ltr'><em>ἐπιθυμεῖ</em></span> 
     </span>
     <span class='ocr_line' id='line_1_7' title="bbox 104 690 1801 764; baseline -0.002 -16"><span class='ocrx_word' id='word_1_48' title='bbox 104 692 359 758; x_wconf 81' lang='grc' dir='ltr'><em>ἀκούειν,</em></span> <span class='ocrx_word' id='word_1_49' title='bbox 404 692 508 747; x_wconf 79' lang='grc' dir='ltr'><em>εἴτε</em></span> <span class='ocrx_word' id='word_1_50' title='bbox 554 692 816 762; x_wconf 77' lang='grc' dir='ltr'><em>νεώτερος</em></span> <span class='ocrx_word' id='word_1_51' title='bbox 860 693 964 747; x_wconf 76' lang='grc' dir='ltr'><strong>εἴτε</strong></span> <span class='ocrx_word' id='word_1_52' title='bbox 1008 694 1406 764; x_wconf 79' lang='grc' dir='ltr'><em>πρεσβύτερος,</em></span> <span class='ocrx_word' id='word_1_53' title='bbox 1464 691 1646 746; x_wconf 81' lang='grc' dir='ltr'><em>οὐδενὶ</em></span> <span class='ocrx_word' id='word_1_54' title='bbox 1689 690 1801 746; x_wconf 80' lang='grc' dir='ltr'><strong>πώ-</strong></span> 
     </span>
     <span class='ocr_line' id='line_1_8' title="bbox 105 775 1799 851; baseline -0.002 -18"><span class='ocrx_word' id='word_1_55' title='bbox 105 800 239 833; x_wconf 83' lang='grc' dir='ltr'><em>ποτε</em></span> <span class='ocrx_word' id='word_1_56' title='bbox 283 776 603 851; x_wconf 76' lang='grc' dir='ltr'><em>ἐφθόνησα.</em></span> <span class='ocrx_word' id='word_1_57' title='bbox 648 775 774 831; x_wconf 81' lang='grc' dir='ltr'><em>οὐδὲ</em></span> <span class='ocrx_word' id='word_1_58' title='bbox 816 777 1074 847; x_wconf 76' lang='grc' dir='ltr'><em>χρήματα</em></span> <span class='ocrx_word' id='word_1_59' title='bbox 1131 780 1231 847; x_wconf 81' lang='grc' dir='ltr'><strong>μὲν</strong></span> <span class='ocrx_word' id='word_1_60' title='bbox 1275 775 1577 848; x_wconf 78' lang='grc' dir='ltr'><em>λαμβάνων</em></span> <span class='ocrx_word' id='word_1_61' title='bbox 1624 779 1799 830; x_wconf 83' lang='grc' dir='ltr'><em>διαλέ-</em></span> 
     </span>
     <span class='ocr_line' id='line_1_9' title="bbox 104 858 1887 934; baseline 0.001 -17"><span class='ocrx_word' id='word_1_62' title='bbox 104 883 303 934; x_wconf 76' lang='grc' dir='ltr'><em>γομαι,</em></span> <span class='ocrx_word' id='word_1_63' title='bbox 347 859 423 931; x_wconf 89' lang='grc' dir='ltr'><em>μὴ</em></span> <span class='ocrx_word' id='word_1_64' title='bbox 469 859 774 932; x_wconf 73' lang='grc' dir='ltr'><em>λαμβάνων</em></span> <span class='ocrx_word' id='word_1_65' title='bbox 821 861 866 915; x_wconf 79' lang='grc' dir='ltr'><strong>δ’</strong></span> <span class='ocrx_word' id='word_1_66' title='bbox 921 859 1019 925; x_wconf 78' lang='grc' dir='ltr'><strong>οὕ,</strong></span> <span class='ocrx_word' id='word_1_67' title='bbox 1071 858 1201 915; x_wconf 83' lang='grc' dir='ltr'><em>ἀλλ’</em></span> <span class='ocrx_word' id='word_1_68' title='bbox 1251 858 1454 930; x_wconf 81' lang='grc' dir='ltr'><em>ὁμοίως</em></span> <span class='ocrx_word' id='word_1_69' title='bbox 1496 863 1589 915; x_wconf 81' lang='grc' dir='ltr'><strong>καὶ</strong></span> <span class='ocrx_word' id='word_1_70' title='bbox 1631 863 1798 915; x_wconf 62' lang='grc' dir='ltr'><strong>πλονΦ</strong></span> <span class='ocrx_word' id='word_1_71' title='bbox 1838 866 1887 918; x_wconf 86' lang='grc' dir='ltr'>Β</span> 
     </span>
     <span class='ocr_line' id='line_1_10' title="bbox 105 943 1801 1016; baseline -0.002 -15"><span class='ocrx_word' id='word_1_72' title='bbox 105 951 204 1016; x_wconf 80' lang='grc' dir='ltr'><strong>σίῳ</strong></span> <span class='ocrx_word' id='word_1_73' title='bbox 246 948 340 1000; x_wconf 86' lang='grc' dir='ltr'><strong>καὶ</strong></span> <span class='ocrx_word' id='word_1_74' title='bbox 380 950 572 1010; x_wconf 72' lang='grc' dir='ltr'><em>πένητι</em></span> <span class='ocrx_word' id='word_1_75' title='bbox 616 952 830 1015; x_wconf 80' lang='grc' dir='ltr'><em>παρέχω</em></span> <span class='ocrx_word' id='word_1_76' title='bbox 880 943 1122 1015; x_wconf 76' lang='grc' dir='ltr'><em>ἐμαυτὸν</em></span> <span class='ocrx_word' id='word_1_77' title='bbox 1168 948 1396 1015; x_wconf 73' lang='grc' dir='ltr'><em>ἐρωτᾶν,</em></span> <span class='ocrx_word' id='word_1_78' title='bbox 1442 949 1532 999; x_wconf 85' lang='grc' dir='ltr'><strong>καὶ</strong></span> <span class='ocrx_word' id='word_1_79' title='bbox 1576 944 1676 998; x_wconf 83' lang='grc' dir='ltr'><em>ὲάν</em></span> <span class='ocrx_word' id='word_1_80' title='bbox 1719 966 1801 1008; x_wconf 82' lang='grc' dir='ltr'><strong>τις</strong></span> 
     </span>
     <span class='ocr_line' id='line_1_11' title="bbox 104 1021 1803 1101; baseline -0.002 -15"><span class='ocrx_word' id='word_1_81' title='bbox 104 1030 376 1101; x_wconf 81' lang='grc' dir='ltr'><em>βούληται</em></span> <span class='ocrx_word' id='word_1_82' title='bbox 419 1028 864 1099; x_wconf 81' lang='grc' dir='ltr'><em>ἀποκρινόμενος</em></span> <span class='ocrx_word' id='word_1_83' title='bbox 887 1027 1112 1082; x_wconf 79' lang='grc' dir='ltr'><em>ἀκούειν</em></span> <span class='ocrx_word' id='word_1_84' title='bbox 1150 1021 1227 1082; x_wconf 82' lang='grc' dir='ltr'><em>ὧν</em></span> <span class='ocrx_word' id='word_1_85' title='bbox 1257 1025 1329 1082; x_wconf 78' lang='grc' dir='ltr'><em>ἀν</em></span> <span class='ocrx_word' id='word_1_86' title='bbox 1352 1032 1504 1097; x_wconf 59' lang='lat'><strong>7520).</strong></span> <span class='ocrx_word' id='word_1_87' title='bbox 1557 1032 1648 1082; x_wconf 83' lang='grc' dir='ltr'><strong>καὶ</strong></span> <span class='ocrx_word' id='word_1_88' title='bbox 1676 1027 1803 1083; x_wconf 74' lang='grc' dir='ltr'><em>τού·</em></span> 
     </span>
     <span class='ocr_line' id='line_1_12' title="bbox 106 1109 1803 1183; baseline -0.002 -14"><span class='ocrx_word' id='word_1_89' title='bbox 106 1135 215 1168; x_wconf 87' lang='grc' dir='ltr'><strong>των</strong></span> <span class='ocrx_word' id='word_1_90' title='bbox 260 1111 398 1179; x_wconf 76' lang='grc' dir='ltr'><strong>ἐγώ,</strong></span> <span class='ocrx_word' id='word_1_91' title='bbox 444 1111 548 1165; x_wconf 79' lang='grc' dir='ltr'><em>εἴτε</em></span> <span class='ocrx_word' id='word_1_92' title='bbox 594 1133 675 1175; x_wconf 84' lang='grc' dir='ltr'><strong>τις</strong></span> <span class='ocrx_word' id='word_1_93' title='bbox 711 1109 953 1182; x_wconf 78' lang='grc' dir='ltr'><strong><em>χρηστὸς</em></strong></span> <span class='ocrx_word' id='word_1_94' title='bbox 995 1116 1239 1181; x_wconf 64' lang='lat' dir='ltr'><strong>yiyvsroct</strong></span> <span class='ocrx_word' id='word_1_95' title='bbox 1284 1112 1387 1166; x_wconf 77' lang='grc' dir='ltr'><strong>εἴτε</strong></span> <span class='ocrx_word' id='word_1_96' title='bbox 1429 1111 1539 1183; x_wconf 84' lang='grc' dir='ltr'><em>μή,</em></span> <span class='ocrx_word' id='word_1_97' title='bbox 1586 1111 1686 1167; x_wconf 84' lang='grc' dir='ltr'><strong>οὐκ</strong></span> <span class='ocrx_word' id='word_1_98' title='bbox 1730 1110 1803 1165; x_wconf 77' lang='grc' dir='ltr'><em>ἂν</em></span> 
     </span>
     <span class='ocr_line' id='line_1_13' title="bbox 105 1193 1804 1267; baseline -0.002 -14"><span class='ocrx_word' id='word_1_99' title='bbox 105 1202 326 1260; x_wconf 83' lang='grc' dir='ltr'><em>δικαίως</em></span> <span class='ocrx_word' id='word_1_100' title='bbox 353 1193 457 1261; x_wconf 81' lang='grc' dir='ltr'><em>τὴν</em></span> <span class='ocrx_word' id='word_1_101' title='bbox 483 1200 671 1250; x_wconf 81' lang='grc' dir='ltr'><em>αἰτίαν</em></span> <span class='ocrx_word' id='word_1_102' title='bbox 701 1193 969 1267; x_wconf 79' lang='grc' dir='ltr'><em>ὑπέχοιμι,</em></span> <span class='ocrx_word' id='word_1_103' title='bbox 995 1197 1072 1249; x_wconf 84' lang='grc' dir='ltr'><em>ὡν</em></span> <span class='ocrx_word' id='word_1_104' title='bbox 1098 1218 1236 1264; x_wconf 82' lang='grc' dir='ltr'><em>ιιητε</em></span> <span class='ocrx_word' id='word_1_105' title='bbox 1261 1193 1581 1267; x_wconf 78' lang='grc' dir='ltr'><em>ὑπεσχόμην</em></span> <span class='ocrx_word' id='word_1_106' title='bbox 1611 1199 1804 1267; x_wconf 83' lang='grc' dir='ltr'><em>μηδενὶ</em></span> 
     </span>
     <span class='ocr_line' id='line_1_14' title="bbox 103 1278 1804 1355; baseline -0.001 -19"><span class='ocrx_word' id='word_1_107' title='bbox 103 1284 275 1353; x_wconf 83' lang='grc' dir='ltr'><em>μηδὲν</em></span> <span class='ocrx_word' id='word_1_108' title='bbox 317 1279 540 1336; x_wconf 79' lang='grc' dir='ltr'><em>πώποτε</em></span> <span class='ocrx_word' id='word_1_109' title='bbox 583 1278 831 1351; x_wconf 72' lang='grc' dir='ltr'><em>μάθημα</em></span> <span class='ocrx_word' id='word_1_110' title='bbox 876 1279 1013 1350; x_wconf 82' lang='grc' dir='ltr'><em>μήτε</em></span> <span class='ocrx_word' id='word_1_111' title='bbox 1057 1280 1295 1346; x_wconf 78' lang='grc' dir='ltr'><strong>ἐδίδαξα.</strong></span> <span class='ocrx_word' id='word_1_112' title='bbox 1354 1287 1398 1335; x_wconf 83' lang='grc' dir='ltr'><strong>εὶ</strong></span> <span class='ocrx_word' id='word_1_113' title='bbox 1443 1284 1498 1336; x_wconf 76' lang='grc' dir='ltr'><strong>δέ</strong></span> <span class='ocrx_word' id='word_1_114' title='bbox 1544 1285 1626 1344; x_wconf 82' lang='grc' dir='ltr'><strong>τίς</strong></span> <span class='ocrx_word' id='word_1_115' title='bbox 1669 1299 1804 1355; x_wconf 78' lang='grc' dir='ltr'><em>φησι</em></span> 
     </span>
    </p>
   </div>
   <div class='ocr_carea' id='block_1_3' title="bbox 105 1442 1806 1556">
    <p class='ocr_par' dir='ltr' id='par_1_3' title="bbox 105 1442 1806 1556">
     <span class='ocr_line' id='line_1_15' title="bbox 105 1442 1806 1499; baseline -0.004 -11"><span class='ocrx_word' id='word_1_116' title='bbox 105 1450 264 1499; x_wconf 73' lang='grc' dir='ltr'><em>θυμοῖ,</em></span> <span class='ocrx_word' id='word_1_117' title='bbox 297 1443 412 1497; x_wconf 87' lang='lat' dir='ltr'><strong>quod</strong></span> <span class='ocrx_word' id='word_1_118' title='bbox 444 1444 582 1491; x_wconf 85' lang='lat' dir='ltr'><strong>Bekk.</strong></span> <span class='ocrx_word' id='word_1_119' title='bbox 616 1444 819 1483; x_wconf 82' lang='lat' dir='ltr'><strong>servavit.</strong></span> <span class='ocrx_word' id='word_1_120' title='bbox 878 1443 1090 1496; x_wconf 83' lang='lat' dir='ltr'>Loquitur</span> <span class='ocrx_word' id='word_1_121' title='bbox 1121 1445 1327 1486; x_wconf 81' lang='lat' dir='ltr'>Socrates</span> <span class='ocrx_word' id='word_1_122' title='bbox 1360 1445 1432 1494; x_wconf 80' lang='lat' dir='ltr'><strong>ita,</strong></span> <span class='ocrx_word' id='word_1_123' title='bbox 1469 1448 1517 1484; x_wconf 91' lang='lat' dir='ltr'><strong>ut</strong></span> <span class='ocrx_word' id='word_1_124' title='bbox 1549 1443 1629 1483; x_wconf 87' lang='lat' dir='ltr'><strong>ista</strong></span> <span class='ocrx_word' id='word_1_125' title='bbox 1661 1442 1806 1483; x_wconf 88' lang='lat' dir='ltr'><strong>omnia</strong></span> 
     </span>
     <span class='ocr_line' id='line_1_16' title="bbox 107 1499 1805 1556; baseline -0.006 -9"><span class='ocrx_word' id='word_1_126' title='bbox 107 1505 234 1547; x_wconf 81' lang='lat' dir='ltr'><strong>etiam</strong></span> <span class='ocrx_word' id='word_1_127' title='bbox 267 1502 319 1544; x_wconf 84' lang='lat' dir='ltr'><strong>ad</strong></span> <span class='ocrx_word' id='word_1_128' title='bbox 351 1513 557 1554; x_wconf 80' lang='lat' dir='ltr'><strong>praeseus</strong></span> <span class='ocrx_word' id='word_1_129' title='bbox 573 1507 745 1553; x_wconf 86' lang='lat' dir='ltr'><strong>tempus</strong></span> <span class='ocrx_word' id='word_1_130' title='bbox 767 1500 955 1552; x_wconf 75' lang='lat' dir='ltr'><strong>rel&#39;erat3</strong></span> <span class='ocrx_word' id='word_1_131' title='bbox 986 1502 1100 1543; x_wconf 81' lang='lat' dir='ltr'><strong>unde</strong></span> <span class='ocrx_word' id='word_1_132' title='bbox 1131 1503 1271 1556; x_wconf 80' lang='lat' dir='ltr'><strong>pergit</strong></span> <span class='ocrx_word' id='word_1_133' title='bbox 1308 1503 1535 1555; x_wconf 83' lang='lat' dir='ltr'><strong>deinceps:</strong></span> <span class='ocrx_word' id='word_1_134' title='bbox 1567 1499 1665 1542; x_wconf 72' lang='grc' dir='ltr'><strong>οὐδὲ</strong></span> <span class='ocrx_word' id='word_1_135' title='bbox 1695 1500 1805 1551; x_wconf 81' lang='grc' dir='ltr'><em>λαμ-</em></span> 
     </span>
    </p>
   </div>
   <div class='ocr_carea' id='block_1_4' title="bbox 104 1558 1806 1661">
    <p class='ocr_par' dir='ltr' id='par_1_4' title="bbox 104 1558 1806 1661">
     <span class='ocr_line' id='line_1_17' title="bbox 105 1558 1806 1614; baseline -0.002 -13"><span class='ocrx_word' id='word_1_136' title='bbox 105 1560 244 1611; x_wconf 76' lang='grc' dir='ltr'><em>βάνων</em></span> <span class='ocrx_word' id='word_1_137' title='bbox 281 1561 550 1612; x_wconf 70' lang='grc' dir='ltr'><strong>διαλέγομαι.</strong></span> <span class='ocrx_word' id='word_1_138' title='bbox 623 1559 773 1598; x_wconf 78' lang='lat' dir='ltr'>Paullo</span> <span class='ocrx_word' id='word_1_139' title='bbox 815 1565 914 1599; x_wconf 84' lang='lat' dir='ltr'><strong>ante</strong></span> <span class='ocrx_word' id='word_1_140' title='bbox 953 1561 1111 1612; x_wconf 83' lang='lat' dir='ltr'><strong>vulgo:</strong></span> <span class='ocrx_word' id='word_1_141' title='bbox 1155 1575 1221 1606; x_wconf 71' lang='lat' dir='ltr'><strong>uc</strong></span> <span class='ocrx_word' id='word_1_142' title='bbox 1251 1563 1358 1614; x_wconf 73' lang='grc' dir='ltr'><em>ἐμοῦ</em></span> <span class='ocrx_word' id='word_1_143' title='bbox 1393 1561 1430 1602; x_wconf 81' lang='grc' dir='ltr'><strong>λ..</strong></span> <span class='ocrx_word' id='word_1_144' title='bbox 1465 1558 1584 1611; x_wconf 92' lang='lat' dir='ltr'><strong>quod</strong></span> <span class='ocrx_word' id='word_1_145' title='bbox 1622 1572 1645 1598; x_wconf 88' lang='lat' dir='ltr'><strong>e</strong></span> <span class='ocrx_word' id='word_1_146' title='bbox 1679 1558 1806 1598; x_wconf 85' lang='lat' dir='ltr'><strong>Bodl.</strong></span> 
     </span>
     <span class='ocr_line' id='line_1_18' title="bbox 104 1615 1057 1661; baseline -0.004 0"><span class='ocrx_word' id='word_1_147' title='bbox 104 1620 234 1661; x_wconf 86' lang='lat' dir='ltr'><strong>Vind.</strong></span> <span class='ocrx_word' id='word_1_148' title='bbox 270 1618 309 1661; x_wconf 92' lang='lat'><strong>1.</strong></span> <span class='ocrx_word' id='word_1_149' title='bbox 342 1618 383 1661; x_wconf 93' lang='grc'><strong>6.</strong></span> <span class='ocrx_word' id='word_1_150' title='bbox 419 1617 516 1658; x_wconf 79' lang='lat' dir='ltr'><strong>Par.</strong></span> <span class='ocrx_word' id='word_1_151' title='bbox 551 1618 601 1659; x_wconf 88' lang='lat' dir='ltr'><strong>l).</strong></span> <span class='ocrx_word' id='word_1_152' title='bbox 626 1615 672 1656; x_wconf 89' lang='lat' dir='ltr'><strong>S.</strong></span> <span class='ocrx_word' id='word_1_153' title='bbox 696 1615 749 1659; x_wconf 89' lang='lat' dir='ltr'><strong>T.</strong></span> <span class='ocrx_word' id='word_1_154' title='bbox 782 1617 1057 1658; x_wconf 79' lang='lat' dir='ltr'><strong>mutavimus.</strong></span> 
     </span>
    </p>
   </div>
   <div class='ocr_carea' id='block_1_5' title="bbox 221 1665 1609 1726">
    <p class='ocr_par' dir='ltr' id='par_1_5' title="bbox 221 1665 1609 1726">
     <span class='ocr_line' id='line_1_19' title="bbox 221 1665 1609 1726; baseline -0.002 -9"><span class='ocrx_word' id='word_1_155' title='bbox 221 1676 274 1718; x_wconf 91' lang='lat' dir='ltr'><strong>B.</strong></span> <span class='ocrx_word' id='word_1_156' title='bbox 332 1673 555 1715; x_wconf 77' lang='grc' dir='ltr'><em>ἀκούειν</em></span> <span class='ocrx_word' id='word_1_157' title='bbox 592 1665 660 1715; x_wconf 64' lang='grc' dir='ltr'><strong>οἷν</strong></span> <span class='ocrx_word' id='word_1_158' title='bbox 696 1672 756 1712; x_wconf 75' lang='grc' dir='ltr'><em>ἂν</em></span> <span class='ocrx_word' id='word_1_159' title='bbox 794 1674 856 1726; x_wconf 86' lang='grc' dir='ltr'><strong>λ.]</strong></span> <span class='ocrx_word' id='word_1_160' title='bbox 905 1674 979 1715; x_wconf 78' lang='lat' dir='ltr'><strong>Sic</strong></span> <span class='ocrx_word' id='word_1_161' title='bbox 1024 1674 1150 1716; x_wconf 87' lang='lat' dir='ltr'><strong>Bodl.</strong></span> <span class='ocrx_word' id='word_1_162' title='bbox 1191 1675 1293 1718; x_wconf 81' lang='lat' dir='ltr'><strong>Vat.</strong></span> <span class='ocrx_word' id='word_1_163' title='bbox 1337 1674 1443 1716; x_wconf 90' lang='lat' dir='ltr'><strong>Ven.</strong></span> <span class='ocrx_word' id='word_1_164' title='bbox 1484 1687 1525 1717; x_wconf 77' lang='lat' dir='ltr'><strong>a.</strong></span> <span class='ocrx_word' id='word_1_165' title='bbox 1567 1674 1609 1714; x_wconf 84' lang='lat' dir='ltr'><strong>b.</strong></span> 
     </span>
    </p>
   </div>
   <div class='ocr_carea' id='block_1_6' title="bbox 1646 1672 1804 1714">
    <p class='ocr_par' dir='ltr' id='par_1_6' title="bbox 1646 1672 1804 1714">
     <span class='ocr_line' id='line_1_20' title="bbox 1646 1672 1804 1714; baseline 0.006 -1"><span class='ocrx_word' id='word_1_166' title='bbox 1646 1672 1804 1714; x_wconf 90' lang='lat' dir='ltr'><strong>Vindd.</strong></span> 
     </span>
    </p>
   </div>
   <div class='ocr_carea' id='block_1_7' title="bbox 107 1730 1109 1786">
    <p class='ocr_par' dir='ltr' id='par_1_7' title="bbox 107 1730 1109 1786">
     <span class='ocr_line' id='line_1_21' title="bbox 107 1730 1109 1786; baseline -0.005 -9"><span class='ocrx_word' id='word_1_167' title='bbox 107 1734 266 1785; x_wconf 86' lang='lat' dir='ltr'><strong>Florr.‚</strong></span> <span class='ocrx_word' id='word_1_168' title='bbox 297 1734 368 1774; x_wconf 84' lang='lat' dir='ltr'><strong>alii</strong></span> <span class='ocrx_word' id='word_1_169' title='bbox 399 1733 580 1786; x_wconf 77' lang='lat' dir='ltr'><strong>plurimi.</strong></span> <span class='ocrx_word' id='word_1_170' title='bbox 606 1750 615 1758; x_wconf 86' lang='lat'>-</span> <span class='ocrx_word' id='word_1_171' title='bbox 645 1731 758 1772; x_wconf 89' lang='lat' dir='ltr'><strong>Vett.</strong></span> <span class='ocrx_word' id='word_1_172' title='bbox 793 1732 915 1772; x_wconf 84' lang='lat' dir='ltr'><strong>editt.</strong></span> <span class='ocrx_word' id='word_1_173' title='bbox 944 1730 1109 1774; x_wconf 66' lang='grc' dir='ltr'><strong>ἀκούει.</strong></span> 
     </span>
    </p>
   </div>
   <div class='ocr_carea' id='block_1_8' title="bbox 111 1786 1804 1900">
    <p class='ocr_par' dir='ltr' id='par_1_8' title="bbox 111 1786 1804 1900">
     <span class='ocr_line' id='line_1_22' title="bbox 223 1786 1802 1843; baseline -0.004 -10"><span class='ocrx_word' id='word_1_174' title='bbox 223 1789 445 1833; x_wconf 77' lang='grc' dir='ltr'><em>πώποτέ</em></span> <span class='ocrx_word' id='word_1_175' title='bbox 478 1805 529 1829; x_wconf 82' lang='grc' dir='ltr'><strong>τι</strong></span> <span class='ocrx_word' id='word_1_176' title='bbox 567 1788 803 1842; x_wconf 78' lang='grc' dir='ltr'><em>μαθεῖν]</em></span> <span class='ocrx_word' id='word_1_177' title='bbox 843 1790 901 1830; x_wconf 92' lang='lat' dir='ltr'><strong>V.</strong></span> <span class='ocrx_word' id='word_1_178' title='bbox 941 1788 1115 1830; x_wconf 73' lang='grc' dir='ltr'><em>πώποτε</em></span> <span class='ocrx_word' id='word_1_179' title='bbox 1154 1789 1179 1841; x_wconf 75' lang='grc' dir='ltr'><em>ἢ</em></span> <span class='ocrx_word' id='word_1_180' title='bbox 1219 1792 1412 1843; x_wconf 67' lang='grc' dir='ltr'><em>μαθεῖν,</em></span> <span class='ocrx_word' id='word_1_181' title='bbox 1450 1788 1568 1842; x_wconf 81' lang='lat' dir='ltr'><strong>quod</strong></span> <span class='ocrx_word' id='word_1_182' title='bbox 1612 1802 1636 1829; x_wconf 86' lang='lat' dir='ltr'><strong>e</strong></span> <span class='ocrx_word' id='word_1_183' title='bbox 1679 1786 1802 1828; x_wconf 81' lang='lat' dir='ltr'><strong>Bodl.</strong></span> 
     </span>
     <span class='ocr_line' id='line_1_23' title="bbox 111 1845 1804 1900; baseline -0.003 -10"><span class='ocrx_word' id='word_1_184' title='bbox 111 1850 218 1892; x_wconf 83' lang='lat' dir='ltr'><strong>Ven.</strong></span> <span class='ocrx_word' id='word_1_185' title='bbox 251 1849 290 1893; x_wconf 90' lang='lat' dir='ltr'><strong>b.</strong></span> <span class='ocrx_word' id='word_1_186' title='bbox 326 1848 420 1889; x_wconf 84' lang='lat' dir='ltr'><strong>Vat.</strong></span> <span class='ocrx_word' id='word_1_187' title='bbox 452 1847 576 1890; x_wconf 80' lang='lat' dir='ltr'><strong>vind.</strong></span> <span class='ocrx_word' id='word_1_188' title='bbox 610 1848 651 1892; x_wconf 92' lang='grc'><strong>1.</strong></span> <span class='ocrx_word' id='word_1_189' title='bbox 681 1847 722 1891; x_wconf 84' lang='lat'><strong>4.</strong></span> <span class='ocrx_word' id='word_1_190' title='bbox 754 1848 794 1891; x_wconf 84' lang='lat'><strong>6.</strong></span> <span class='ocrx_word' id='word_1_191' title='bbox 827 1846 943 1888; x_wconf 86' lang='lat' dir='ltr'><strong>Flor.</strong></span> <span class='ocrx_word' id='word_1_192' title='bbox 978 1847 1017 1890; x_wconf 91' lang='lat' dir='ltr'><strong>d.</strong></span> <span class='ocrx_word' id='word_1_193' title='bbox 1049 1861 1091 1900; x_wconf 82' lang='lat' dir='ltr'><strong>g.</strong></span> <span class='ocrx_word' id='word_1_194' title='bbox 1122 1846 1160 1888; x_wconf 88' lang='lat' dir='ltr'><strong>h.</strong></span> <span class='ocrx_word' id='word_1_195' title='bbox 1198 1848 1294 1890; x_wconf 85' lang='lat' dir='ltr'><strong>Par.</strong></span> <span class='ocrx_word' id='word_1_196' title='bbox 1329 1847 1474 1888; x_wconf 87' lang='lat' dir='ltr'><strong>DST.</strong></span> <span class='ocrx_word' id='word_1_197' title='bbox 1513 1845 1804 1888; x_wconf 80' lang='lat' dir='ltr'><strong>emendatum.</strong></span> 
     </span>
    </p>
   </div>
   <div class='ocr_carea' id='block_1_9' title="bbox 109 1987 923 3305">
    <p class='ocr_par' dir='ltr' id='par_1_9' title="bbox 109 1987 919 2675">
     <span class='ocr_line' id='line_1_24' title="bbox 110 1987 910 2040; baseline -0.001 -10"><span class='ocrx_word' id='word_1_198' title='bbox 110 1987 446 2031; x_wconf 72' lang='lat' dir='ltr'><strong>scliiitzte?“</strong></span> <span class='ocrx_word' id='word_1_199' title='bbox 527 1992 668 2040; x_wconf 83' lang='lat' dir='ltr'><strong>Atque</strong></span> <span class='ocrx_word' id='word_1_200' title='bbox 729 1987 910 2030; x_wconf 87' lang='lat' dir='ltr'><strong>eandem</strong></span> 
     </span>
     <span class='ocr_line' id='line_1_25' title="bbox 111 2044 910 2100; baseline -0.005 -10"><span class='ocrx_word' id='word_1_201' title='bbox 111 2047 310 2100; x_wconf 89' lang='lat' dir='ltr'><strong>loquendi</strong></span> <span class='ocrx_word' id='word_1_202' title='bbox 363 2046 715 2087; x_wconf 80' lang='lat' dir='ltr'><strong>consuetudinem</strong></span> <span class='ocrx_word' id='word_1_203' title='bbox 765 2044 910 2087; x_wconf 74' lang='lat' dir='ltr'><strong>latini</strong></span> 
     </span>
     <span class='ocr_line' id='line_1_26' title="bbox 109 2103 915 2158; baseline -0.004 -11"><span class='ocrx_word' id='word_1_204' title='bbox 109 2117 285 2158; x_wconf 88' lang='lat' dir='ltr'><strong>quoque</strong></span> <span class='ocrx_word' id='word_1_205' title='bbox 324 2104 585 2155; x_wconf 84' lang='lat' dir='ltr'><strong>habuerunt,</strong></span> <span class='ocrx_word' id='word_1_206' title='bbox 625 2103 680 2143; x_wconf 88' lang='lat' dir='ltr'><strong>de</strong></span> <span class='ocrx_word' id='word_1_207' title='bbox 717 2116 799 2155; x_wconf 90' lang='lat' dir='ltr'><strong>qua</strong></span> <span class='ocrx_word' id='word_1_208' title='bbox 837 2116 915 2144; x_wconf 84' lang='lat' dir='ltr'><strong>ex-</strong></span> 
     </span>
     <span class='ocr_line' id='line_1_27' title="bbox 112 2160 915 2218; baseline -0.004 -15"><span class='ocrx_word' id='word_1_209' title='bbox 112 2163 324 2218; x_wconf 87' lang='lat' dir='ltr'><strong>plicarunt</strong></span> <span class='ocrx_word' id='word_1_210' title='bbox 393 2161 608 2202; x_wconf 78' lang='lat' dir='ltr'><strong>subtiliter</strong></span> <span class='ocrx_word' id='word_1_211' title='bbox 676 2160 915 2210; x_wconf 73' lang='grc' dir='ltr'><strong>Κτίἱσεῐ·</strong></span> 
     </span>
     <span class='ocr_line' id='line_1_28' title="bbox 110 2195 915 2270; baseline -0.005 -8"><span class='ocrx_word' id='word_1_212' title='bbox 110 2215 630 2270; x_wconf 75' lang='lat' dir='ltr'><strong>Untersucliungen</strong></span> <span class='ocrx_word' id='word_1_213' title='bbox 688 2195 820 2257; x_wconf 83' lang='lat' dir='ltr'><strong>iiber</strong></span> <span class='ocrx_word' id='word_1_214' title='bbox 871 2218 915 2258; x_wconf 82' lang='lat' dir='ltr'><strong>d.</strong></span> 
     </span>
     <span class='ocr_line' id='line_1_29' title="bbox 112 2274 915 2329; baseline -0.004 -12"><span class='ocrx_word' id='word_1_215' title='bbox 112 2279 150 2318; x_wconf 87' lang='grc' dir='ltr'>Ῐ</span> <span class='ocrx_word' id='word_1_216' title='bbox 161 2283 224 2317; x_wconf 81' lang='lat' dir='ltr'><strong>at.</strong></span> <span class='ocrx_word' id='word_1_217' title='bbox 256 2275 498 2329; x_wconf 73' lang='lat' dir='ltr'><strong>Spraclie</strong></span> <span class='ocrx_word' id='word_1_218' title='bbox 533 2276 580 2315; x_wconf 88' lang='grc' dir='ltr'><strong>Ρ.</strong></span> <span class='ocrx_word' id='word_1_219' title='bbox 610 2274 671 2315; x_wconf 94' lang='lat'><strong>11.</strong></span> <span class='ocrx_word' id='word_1_220' title='bbox 691 2275 728 2328; x_wconf 67' lang='grc' dir='ltr'><strong>ξ.</strong></span> <span class='ocrx_word' id='word_1_221' title='bbox 747 2275 915 2327; x_wconf 87' lang='lat' dir='ltr'><strong>90sqq.</strong></span> 
     </span>
     <span class='ocr_line' id='line_1_30' title="bbox 114 2332 919 2376; baseline -0.004 -1"><span class='ocrx_word' id='word_1_222' title='bbox 114 2333 347 2376; x_wconf 77' lang='lat' dir='ltr'><strong>Ellendt</strong></span> <span class='ocrx_word' id='word_1_223' title='bbox 405 2333 474 2373; x_wconf 89' lang='lat' dir='ltr'><strong>De</strong></span> <span class='ocrx_word' id='word_1_224' title='bbox 529 2332 722 2373; x_wconf 86' lang='lat' dir='ltr'><strong>formis</strong></span> <span class='ocrx_word' id='word_1_225' title='bbox 763 2345 919 2374; x_wconf 91' lang='lat' dir='ltr'><strong>enun-</strong></span> 
     </span>
     <span class='ocr_line' id='line_1_31' title="bbox 114 2389 919 2444; baseline -0.004 -11"><span class='ocrx_word' id='word_1_226' title='bbox 114 2394 235 2435; x_wconf 86' lang='lat' dir='ltr'><strong>tiat.</strong></span> <span class='ocrx_word' id='word_1_227' title='bbox 293 2390 649 2432; x_wconf 84' lang='lat' dir='ltr'><strong>conditional.</strong></span> <span class='ocrx_word' id='word_1_228' title='bbox 702 2403 781 2444; x_wconf 85' lang='lat' dir='ltr'><strong>ap.</strong></span> <span class='ocrx_word' id='word_1_229' title='bbox 826 2389 919 2430; x_wconf 82' lang='lat' dir='ltr'><strong>La-</strong></span> 
     </span>
     <span class='ocr_line' id='line_1_32' title="bbox 114 2446 917 2502; baseline -0.005 -12"><span class='ocrx_word' id='word_1_230' title='bbox 114 2451 259 2491; x_wconf 85' lang='lat' dir='ltr'><strong>tinos</strong></span> <span class='ocrx_word' id='word_1_231' title='bbox 295 2462 336 2502; x_wconf 87' lang='lat' dir='ltr'><strong>p.</strong></span> <span class='ocrx_word' id='word_1_232' title='bbox 367 2447 424 2491; x_wconf 84' lang='lat'><strong>41</strong></span> <span class='ocrx_word' id='word_1_233' title='bbox 457 2460 520 2500; x_wconf 76' lang='lat' dir='ltr'><strong>sq.</strong></span> <span class='ocrx_word' id='word_1_234' title='bbox 582 2446 917 2489; x_wconf 74' lang='lat' dir='ltr'><strong>Ramsluorn.</strong></span> 
     </span>
     <span class='ocr_line' id='line_1_33' title="bbox 115 2503 917 2558; baseline -0.005 -10"><span class='ocrx_word' id='word_1_235' title='bbox 115 2509 194 2548; x_wconf 89' lang='lat' dir='ltr'><strong>Gr.</strong></span> <span class='ocrx_word' id='word_1_236' title='bbox 233 2507 333 2548; x_wconf 85' lang='lat' dir='ltr'><strong>Lat.</strong></span> <span class='ocrx_word' id='word_1_237' title='bbox 378 2508 518 2558; x_wconf 77' lang='lat' dir='ltr'><strong>Ampl.</strong></span> <span class='ocrx_word' id='word_1_238' title='bbox 559 2507 599 2558; x_wconf 69' lang='grc' dir='ltr'><strong>ξ.</strong></span> <span class='ocrx_word' id='word_1_239' title='bbox 635 2503 734 2548; x_wconf 87' lang='grc'><strong><em>193.</em></strong></span> <span class='ocrx_word' id='word_1_240' title='bbox 766 2505 805 2548; x_wconf 86' lang='grc'><strong>9.</strong></span> <span class='ocrx_word' id='word_1_241' title='bbox 849 2505 917 2546; x_wconf 89' lang='lat' dir='ltr'><strong>ed.</strong></span> 
     </span>
     <span class='ocr_line' id='line_1_34' title="bbox 115 2562 916 2614; baseline -0.002 -10"><span class='ocrx_word' id='word_1_242' title='bbox 115 2578 203 2607; x_wconf 82' lang='lat' dir='ltr'><strong>sec.</strong></span> <span class='ocrx_word' id='word_1_243' title='bbox 243 2587 299 2594; x_wconf 85' lang='lat'><strong>--</strong></span> <span class='ocrx_word' id='word_1_244' title='bbox 366 2567 484 2608; x_wconf 77' lang='grc' dir='ltr'><em>τοῖς</em></span> <span class='ocrx_word' id='word_1_245' title='bbox 522 2562 803 2613; x_wconf 80' lang='grc' dir='ltr'><em>δικαίοις,·</em></span> <span class='ocrx_word' id='word_1_246' title='bbox 835 2563 916 2614; x_wconf 81' lang='lat' dir='ltr'><strong>iis,</strong></span> 
     </span>
     <span class='ocr_line' id='line_1_35' title="bbox 114 2620 917 2675; baseline -0.005 -12"><span class='ocrx_word' id='word_1_247' title='bbox 114 2635 250 2675; x_wconf 90' lang='lat' dir='ltr'><strong>quae</strong></span> <span class='ocrx_word' id='word_1_248' title='bbox 285 2622 436 2662; x_wconf 83' lang='lat' dir='ltr'><strong>iusta</strong></span> <span class='ocrx_word' id='word_1_249' title='bbox 467 2626 615 2669; x_wconf 83' lang='lat' dir='ltr'><strong>sunt3</strong></span> <span class='ocrx_word' id='word_1_250' title='bbox 645 2620 917 2661; x_wconf 80' lang='lat' dir='ltr'><strong>iustitiae.</strong></span> 
     </span>
    </p>

    <p class='ocr_par' dir='ltr' id='par_1_10' title="bbox 117 2676 917 2788">
     <span class='ocr_line' id='line_1_36' title="bbox 177 2676 917 2733; baseline -0.005 -14"><span class='ocrx_word' id='word_1_251' title='bbox 177 2679 307 2720; x_wconf 70' lang='grc' dir='ltr'><em>ου’ὅὲ</em></span> <span class='ocrx_word' id='word_1_252' title='bbox 339 2676 438 2732; x_wconf 75' lang='grc' dir='ltr'><strong>γὰρ</strong></span> <span class='ocrx_word' id='word_1_253' title='bbox 479 2677 537 2716; x_wconf 73' lang='grc' dir='ltr'><strong>(ἲν</strong></span> <span class='ocrx_word' id='word_1_254' title='bbox 567 2677 731 2723; x_wconf 76' lang='grc' dir='ltr'><em>ἄλλος</em></span> <span class='ocrx_word' id='word_1_255' title='bbox 760 2677 917 2733; x_wconf 57' lang='lat'><strong>⁰3⁹3?-</strong></span> 
     </span>
     <span class='ocr_line' id='line_1_37' title="bbox 117 2734 756 2788; baseline -0.006 -11"><span class='ocrx_word' id='word_1_256' title='bbox 117 2735 244 2777; x_wconf 68' lang='grc' dir='ltr'><strong>οὐδε</strong></span> <span class='ocrx_word' id='word_1_257' title='bbox 261 2735 332 2788; x_wconf 79' lang='lat' dir='ltr'><strong>lc]</strong></span> <span class='ocrx_word' id='word_1_258' title='bbox 364 2736 506 2779; x_wconf 84' lang='lat' dir='ltr'><strong>Intell.</strong></span> <span class='ocrx_word' id='word_1_259' title='bbox 539 2734 756 2788; x_wconf 73' lang='grc' dir='ltr'><em>διεγένετο,</em></span> 
     </span>
    </p>

    <p class='ocr_par' dir='ltr' id='par_1_11' title="bbox 117 2793 920 3064">
     <span class='ocr_line' id='line_1_38' title="bbox 175 2793 920 2845; baseline -0.004 -10"><span class='ocrx_word' id='word_1_260' title='bbox 175 2794 226 2835; x_wconf 85' lang='grc' dir='ltr'><strong>Ρ.</strong></span> <span class='ocrx_word' id='word_1_261' title='bbox 267 2793 339 2836; x_wconf 85' lang='grc'><strong>33.</strong></span> <span class='ocrx_word' id='word_1_262' title='bbox 409 2796 677 2839; x_wconf 81' lang='grc' dir='ltr'><em>τοιοῦτος</em></span> <span class='ocrx_word' id='word_1_263' title='bbox 724 2795 920 2845; x_wconf 77' lang='grc' dir='ltr'><em>φανοῦ-</em></span> 
     </span>
     <span class='ocr_line' id='line_1_39' title="bbox 117 2851 919 2904; baseline -0.001 -14"><span class='ocrx_word' id='word_1_264' title='bbox 117 2851 245 2904; x_wconf 82' lang='grc' dir='ltr'><em>μαι]</em></span> <span class='ocrx_word' id='word_1_265' title='bbox 283 2852 526 2892; x_wconf 75' lang='lat' dir='ltr'><strong>pronomen</strong></span> <span class='ocrx_word' id='word_1_266' title='bbox 558 2854 764 2896; x_wconf 74' lang='grc' dir='ltr'><em>τοιοῦτος</em></span> <span class='ocrx_word' id='word_1_267' title='bbox 782 2851 919 2903; x_wconf 80' lang='lat' dir='ltr'><strong>expli-</strong></span> 
     </span>
     <span class='ocr_line' id='line_1_40' title="bbox 119 2905 920 2950; baseline -0.002 0"><span class='ocrx_word' id='word_1_268' title='bbox 119 2915 240 2950; x_wconf 89' lang='lat' dir='ltr'><strong>catur</strong></span> <span class='ocrx_word' id='word_1_269' title='bbox 270 2908 427 2950; x_wconf 85' lang='lat' dir='ltr'><strong>deinde</strong></span> <span class='ocrx_word' id='word_1_270' title='bbox 459 2907 626 2948; x_wconf 85' lang='lat' dir='ltr'><strong>verbis:</strong></span> <span class='ocrx_word' id='word_1_271' title='bbox 657 2905 804 2947; x_wconf 77' lang='grc' dir='ltr'><em>ου’δενὶ</em></span> <span class='ocrx_word' id='word_1_272' title='bbox 835 2905 920 2948; x_wconf 78' lang='grc' dir='ltr'><strong>πώ·</strong></span> 
     </span>
     <span class='ocr_line' id='line_1_41' title="bbox 118 2962 916 3020; baseline -0.003 -14"><span class='ocrx_word' id='word_1_273' title='bbox 118 2981 225 3006; x_wconf 83' lang='grc' dir='ltr'><strong>ποτε</strong></span> <span class='ocrx_word' id='word_1_274' title='bbox 261 2963 538 3020; x_wconf 73' lang='grc' dir='ltr'><em>ξυγχωρῆσας</em></span> <span class='ocrx_word' id='word_1_275' title='bbox 569 2963 696 3006; x_wconf 73' lang='grc' dir='ltr'><em>οὐδὲν</em></span> <span class='ocrx_word' id='word_1_276' title='bbox 715 2962 831 3018; x_wconf 78' lang='grc' dir='ltr'><strong>παρὰ</strong></span> <span class='ocrx_word' id='word_1_277' title='bbox 866 2963 916 3004; x_wconf 76' lang='grc' dir='ltr'><strong>τὸ</strong></span> 
     </span>
     <span class='ocr_line' id='line_1_42' title="bbox 119 3022 294 3064; baseline -0.006 0"><span class='ocrx_word' id='word_1_278' title='bbox 119 3022 294 3064; x_wconf 79' lang='grc' dir='ltr'><em>δίκαιον.</em></span> 
     </span>
    </p>

    <p class='ocr_par' dir='ltr' id='par_1_12' title="bbox 122 3076 923 3305">
     <span class='ocr_line' id='line_1_43' title="bbox 176 3076 917 3133; baseline -0.004 -13"><span class='ocrx_word' id='word_1_279' title='bbox 176 3078 348 3133; x_wconf 72' lang='grc' dir='ltr'><em>ἐμοὺς</em></span> <span class='ocrx_word' id='word_1_280' title='bbox 417 3076 682 3133; x_wconf 77' lang='grc' dir='ltr'><em>μαθητὰς</em></span> <span class='ocrx_word' id='word_1_281' title='bbox 742 3077 917 3132; x_wconf 79' lang='grc' dir='ltr'><em>εἶναι]</em></span> 
     </span>
     <span class='ocr_line' id='line_1_44' title="bbox 122 3135 921 3189; baseline -0.005 -10"><span class='ocrx_word' id='word_1_282' title='bbox 122 3137 418 3189; x_wconf 81' lang='lat' dir='ltr'><strong>intelliguntur</strong></span> <span class='ocrx_word' id='word_1_283' title='bbox 457 3135 645 3177; x_wconf 84' lang='lat' dir='ltr'><strong>maxime</strong></span> <span class='ocrx_word' id='word_1_284' title='bbox 677 3135 921 3177; x_wconf 81' lang='lat' dir='ltr'><strong>Alcibiades</strong></span> 
     </span>
     <span class='ocr_line' id='line_1_45' title="bbox 122 3192 921 3247; baseline -0.004 -11"><span class='ocrx_word' id='word_1_285' title='bbox 122 3200 166 3236; x_wconf 87' lang='lat' dir='ltr'><strong>et</strong></span> <span class='ocrx_word' id='word_1_286' title='bbox 197 3194 381 3245; x_wconf 77' lang='lat' dir='ltr'><strong>Critias,</strong></span> <span class='ocrx_word' id='word_1_287' title='bbox 424 3205 606 3247; x_wconf 86' lang='lat' dir='ltr'><strong>quorum</strong></span> <span class='ocrx_word' id='word_1_288' title='bbox 647 3192 747 3233; x_wconf 87' lang='lat' dir='ltr'><strong>vitia</strong></span> <span class='ocrx_word' id='word_1_289' title='bbox 779 3206 804 3234; x_wconf 86' lang='lat' dir='ltr'><strong>e</strong></span> <span class='ocrx_word' id='word_1_290' title='bbox 835 3194 921 3234; x_wconf 74' lang='lat' dir='ltr'><strong>So»</strong></span> 
     </span>
     <span class='ocr_line' id='line_1_46' title="bbox 122 3249 923 3305; baseline -0.002 -12"><span class='ocrx_word' id='word_1_291' title='bbox 122 3252 282 3293; x_wconf 86' lang='lat' dir='ltr'><strong>cratica</strong></span> <span class='ocrx_word' id='word_1_292' title='bbox 315 3251 536 3305; x_wconf 76' lang='lat' dir='ltr'><strong>disciplina</strong></span> <span class='ocrx_word' id='word_1_293' title='bbox 568 3255 660 3291; x_wconf 88' lang='lat' dir='ltr'><strong>orta</strong></span> <span class='ocrx_word' id='word_1_294' title='bbox 695 3262 792 3292; x_wconf 80' lang='lat' dir='ltr'><strong>esse</strong></span> <span class='ocrx_word' id='word_1_295' title='bbox 808 3249 923 3291; x_wconf 82' lang='lat' dir='ltr'><strong>fere-</strong></span> 
     </span>
    </p>
   </div>
   <div class='ocr_carea' id='block_1_10' title="bbox 664 3307 924 3408">
    <p class='ocr_par' dir='ltr' id='par_1_13' title="bbox 664 3307 924 3408">
     <span class='ocr_line' id='line_1_47' title="bbox 664 3307 924 3358; baseline 0.004 -9"><span class='ocrx_word' id='word_1_296' title='bbox 664 3307 796 3350; x_wconf 88' lang='lat' dir='ltr'><strong>Mem.</strong></span> <span class='ocrx_word' id='word_1_297' title='bbox 828 3307 858 3348; x_wconf 84' lang='lat'><strong>1.</strong></span> <span class='ocrx_word' id='word_1_298' title='bbox 880 3307 924 3358; x_wconf 82' lang='lat'><strong>2,</strong></span> 
     </span>
     <span class='ocr_line' id='line_1_48' title="bbox 671 3364 921 3408; baseline -0.016 0"><span class='ocrx_word' id='word_1_299' title='bbox 671 3365 740 3408; x_wconf 84' lang='lat'><strong>16.</strong></span> <span class='ocrx_word' id='word_1_300' title='bbox 780 3369 822 3406; x_wconf 89' lang='lat' dir='ltr'><strong>et</strong></span> <span class='ocrx_word' id='word_1_301' title='bbox 851 3364 921 3408; x_wconf 85' lang='lat'><strong>39.</strong></span> 
     </span>
    </p>
   </div>
   <div class='ocr_carea' id='block_1_11' title="bbox 122 3307 631 3419">
    <p class='ocr_par' dir='ltr' id='par_1_14' title="bbox 122 3307 631 3419">
     <span class='ocr_line' id='line_1_49' title="bbox 122 3307 631 3363; baseline 0.002 -14"><span class='ocrx_word' id='word_1_302' title='bbox 122 3309 291 3350; x_wconf 88' lang='lat' dir='ltr'><strong>bantur.</strong></span> <span class='ocrx_word' id='word_1_303' title='bbox 321 3322 361 3352; x_wconf 82' lang='lat' dir='ltr'><strong>v.</strong></span> <span class='ocrx_word' id='word_1_304' title='bbox 391 3307 631 3363; x_wconf 84' lang='lat' dir='ltr'><strong>Xenoph.</strong></span> 
     </span>
     <span class='ocr_line' id='line_1_50' title="bbox 124 3365 629 3419; baseline -0.008 -11"><span class='ocrx_word' id='word_1_305' title='bbox 124 3366 180 3408; x_wconf 90' lang='grc'><strong>12</strong></span> <span class='ocrx_word' id='word_1_306' title='bbox 222 3379 315 3419; x_wconf 88' lang='lat' dir='ltr'><strong>sqq.</strong></span> <span class='ocrx_word' id='word_1_307' title='bbox 358 3367 550 3419; x_wconf 70' lang='lat' dir='ltr'><strong>itemque</strong></span> <span class='ocrx_word' id='word_1_308' title='bbox 592 3365 629 3416; x_wconf 70' lang='grc' dir='ltr'><strong>ξ.</strong></span> 
     </span>
    </p>
   </div>
   <div class='ocr_carea' id='block_1_12' title="bbox 1001 1986 1812 3414">
    <p class='ocr_par' dir='ltr' id='par_1_15' title="bbox 1003 1986 1610 2041">
     <span class='ocr_line' id='line_1_51' title="bbox 1003 1986 1610 2041; baseline 0 -11"><span class='ocrx_word' id='word_1_309' title='bbox 1003 1986 1189 2030; x_wconf 79' lang='lat' dir='ltr'><strong>Aescli.</strong></span> <span class='ocrx_word' id='word_1_310' title='bbox 1220 1987 1262 2027; x_wconf 88' lang='lat' dir='ltr'><strong>in</strong></span> <span class='ocrx_word' id='word_1_311' title='bbox 1292 1986 1406 2028; x_wconf 85' lang='lat' dir='ltr'><strong>Tim.</strong></span> <span class='ocrx_word' id='word_1_312' title='bbox 1438 2001 1479 2041; x_wconf 92' lang='lat' dir='ltr'><strong>p.</strong></span> <span class='ocrx_word' id='word_1_313' title='bbox 1511 1987 1610 2032; x_wconf 84' lang='grc'><strong>287.</strong></span> 
     </span>
    </p>

    <p class='ocr_par' dir='ltr' id='par_1_16' title="bbox 1001 2044 1810 2549">
     <span class='ocr_line' id='line_1_52' title="bbox 1059 2044 1809 2098; baseline -0.007 -12"><span class='ocrx_word' id='word_1_314' title='bbox 1059 2048 1102 2086; x_wconf 78' lang='grc' dir='ltr'><strong>εἰ</strong></span> <span class='ocrx_word' id='word_1_315' title='bbox 1166 2045 1223 2086; x_wconf 80' lang='grc' dir='ltr'><strong>δέ</strong></span> <span class='ocrx_word' id='word_1_316' title='bbox 1279 2044 1361 2088; x_wconf 77' lang='grc' dir='ltr'><strong>τίς</strong></span> <span class='ocrx_word' id='word_1_317' title='bbox 1423 2070 1472 2075; x_wconf 86' lang='grc'>-</span> <span class='ocrx_word' id='word_1_318' title='bbox 1533 2045 1809 2098; x_wconf 70' lang='grc' dir='ltr'><em>ἐπιθυμεῖ</em></span> 
     </span>
     <span class='ocr_line' id='line_1_53' title="bbox 1001 2098 1804 2154; baseline -0.002 -12"><span class='ocrx_word' id='word_1_319' title='bbox 1001 2101 1258 2154; x_wconf 71' lang='grc' dir='ltr'><strong>ἀκούειν]</strong></span> <span class='ocrx_word' id='word_1_320' title='bbox 1307 2102 1452 2144; x_wconf 82' lang='lat' dir='ltr'><strong>Vocat</strong></span> <span class='ocrx_word' id='word_1_321' title='bbox 1494 2102 1700 2143; x_wconf 82' lang='lat' dir='ltr'><strong>Socrates</strong></span> <span class='ocrx_word' id='word_1_322' title='bbox 1750 2098 1804 2140; x_wconf 78' lang='grc' dir='ltr'><strong>τὰ</strong></span> 
     </span>
     <span class='ocr_line' id='line_1_54' title="bbox 1002 2158 1809 2212; baseline -0.001 -13"><span class='ocrx_word' id='word_1_323' title='bbox 1002 2161 1164 2200; x_wconf 73' lang='grc' dir='ltr'><strong>ἑαυτοῦ</strong></span> <span class='ocrx_word' id='word_1_324' title='bbox 1195 2158 1253 2208; x_wconf 75' lang='lat' dir='ltr'><strong>id,</strong></span> <span class='ocrx_word' id='word_1_325' title='bbox 1285 2160 1401 2210; x_wconf 92' lang='lat' dir='ltr'><strong>quod</strong></span> <span class='ocrx_word' id='word_1_326' title='bbox 1433 2160 1513 2200; x_wconf 88' lang='lat' dir='ltr'><strong>sibi</strong></span> <span class='ocrx_word' id='word_1_327' title='bbox 1536 2160 1590 2200; x_wconf 86' lang='lat' dir='ltr'><strong>ab</strong></span> <span class='ocrx_word' id='word_1_328' title='bbox 1614 2159 1809 2212; x_wconf 80' lang='lat' dir='ltr'><strong>Apolline</strong></span> 
     </span>
     <span class='ocr_line' id='line_1_55' title="bbox 1004 2217 1809 2271; baseline -0.006 -12"><span class='ocrx_word' id='word_1_329' title='bbox 1004 2220 1263 2271; x_wconf 83' lang='lat' dir='ltr'><strong>imperatum</strong></span> <span class='ocrx_word' id='word_1_330' title='bbox 1313 2229 1412 2258; x_wconf 82' lang='lat' dir='ltr'><strong>esse</strong></span> <span class='ocrx_word' id='word_1_331' title='bbox 1459 2217 1708 2267; x_wconf 83' lang='lat' dir='ltr'><strong>dictitabat,</strong></span> <span class='ocrx_word' id='word_1_332' title='bbox 1762 2220 1809 2255; x_wconf 87' lang='lat' dir='ltr'><strong>ut</strong></span> 
     </span>
     <span class='ocr_line' id='line_1_56' title="bbox 1005 2275 1810 2317; baseline -0.005 0"><span class='ocrx_word' id='word_1_333' title='bbox 1005 2275 1221 2317; x_wconf 84' lang='lat' dir='ltr'><strong>hominum</strong></span> <span class='ocrx_word' id='word_1_334' title='bbox 1255 2285 1426 2315; x_wconf 86' lang='lat' dir='ltr'><strong>errores</strong></span> <span class='ocrx_word' id='word_1_335' title='bbox 1463 2277 1737 2315; x_wconf 87' lang='lat' dir='ltr'><strong>convinceret</strong></span> <span class='ocrx_word' id='word_1_336' title='bbox 1766 2278 1810 2313; x_wconf 87' lang='lat' dir='ltr'><strong>et</strong></span> 
     </span>
     <span class='ocr_line' id='line_1_57' title="bbox 1005 2329 1807 2385; baseline -0.005 -11"><span class='ocrx_word' id='word_1_337' title='bbox 1005 2332 1265 2384; x_wconf 80' lang='lat' dir='ltr'><strong>castigaret,</strong></span> <span class='ocrx_word' id='word_1_338' title='bbox 1327 2332 1529 2385; x_wconf 85' lang='lat' dir='ltr'><strong>civesque</strong></span> <span class='ocrx_word' id='word_1_339' title='bbox 1586 2344 1693 2372; x_wconf 79' lang='lat' dir='ltr'><strong>suos</strong></span> <span class='ocrx_word' id='word_1_340' title='bbox 1753 2329 1807 2371; x_wconf 91' lang='lat' dir='ltr'><strong>ad</strong></span> 
     </span>
     <span class='ocr_line' id='line_1_58' title="bbox 1003 2388 1805 2431; baseline -0.005 0"><span class='ocrx_word' id='word_1_341' title='bbox 1003 2389 1173 2431; x_wconf 82' lang='lat' dir='ltr'><strong>virtutis</strong></span> <span class='ocrx_word' id='word_1_342' title='bbox 1235 2388 1425 2431; x_wconf 83' lang='lat' dir='ltr'><strong>studium</strong></span> <span class='ocrx_word' id='word_1_343' title='bbox 1489 2390 1805 2429; x_wconf 86' lang='lat' dir='ltr'><strong>cohortaretur.</strong></span> 
     </span>
     <span class='ocr_line' id='line_1_59' title="bbox 1004 2444 1808 2500; baseline 0 -12"><span class='ocrx_word' id='word_1_344' title='bbox 1004 2446 1117 2488; x_wconf 85' lang='lat' dir='ltr'><strong>conf.</strong></span> <span class='ocrx_word' id='word_1_345' title='bbox 1158 2460 1197 2500; x_wconf 90' lang='lat' dir='ltr'><strong>p.</strong></span> <span class='ocrx_word' id='word_1_346' title='bbox 1236 2446 1307 2489; x_wconf 88' lang='grc'><strong>21.</strong></span> <span class='ocrx_word' id='word_1_347' title='bbox 1349 2446 1400 2490; x_wconf 82' lang='grc' dir='ltr'><strong>Ε.</strong></span> <span class='ocrx_word' id='word_1_348' title='bbox 1440 2446 1511 2490; x_wconf 84' lang='grc'><strong>23.</strong></span> <span class='ocrx_word' id='word_1_349' title='bbox 1557 2450 1606 2489; x_wconf 88' lang='grc' dir='ltr'><strong>Α.</strong></span> <span class='ocrx_word' id='word_1_350' title='bbox 1638 2459 1702 2499; x_wconf 81' lang='lat' dir='ltr'><strong>sq.</strong></span> <span class='ocrx_word' id='word_1_351' title='bbox 1737 2444 1808 2488; x_wconf 84' lang='lat'><strong>28.</strong></span> 
     </span>
     <span class='ocr_line' id='line_1_60' title="bbox 1003 2503 1616 2549; baseline 0 -3"><span class='ocrx_word' id='word_1_352' title='bbox 1003 2505 1054 2549; x_wconf 83' lang='lat' dir='ltr'><strong>E.</strong></span> <span class='ocrx_word' id='word_1_353' title='bbox 1088 2504 1159 2548; x_wconf 85' lang='grc'><strong>29.</strong></span> <span class='ocrx_word' id='word_1_354' title='bbox 1193 2504 1243 2547; x_wconf 90' lang='grc' dir='ltr'><strong>Ι).</strong></span> <span class='ocrx_word' id='word_1_355' title='bbox 1273 2503 1345 2547; x_wconf 87' lang='grc'><strong><em>30.</em></strong></span> <span class='ocrx_word' id='word_1_356' title='bbox 1379 2503 1430 2547; x_wconf 86' lang='grc' dir='ltr'><strong>Ε.</strong></span> <span class='ocrx_word' id='word_1_357' title='bbox 1461 2504 1531 2547; x_wconf 83' lang='grc'><strong>33.</strong></span> <span class='ocrx_word' id='word_1_358' title='bbox 1565 2503 1616 2546; x_wconf 90' lang='lat' dir='ltr'><strong>D.</strong></span> 
     </span>
    </p>

    <p class='ocr_par' dir='ltr' id='par_1_17' title="bbox 1002 2557 1811 2845">
     <span class='ocr_line' id='line_1_61' title="bbox 1059 2557 1807 2616; baseline -0.003 -16"><span class='ocrx_word' id='word_1_359' title='bbox 1059 2557 1334 2616; x_wconf 70' lang='grc' dir='ltr'><em>χρήματα</em></span> <span class='ocrx_word' id='word_1_360' title='bbox 1366 2564 1461 2615; x_wconf 65' lang='grc' dir='ltr'><em>μὲν</em></span> <span class='ocrx_word' id='word_1_361' title='bbox 1495 2558 1807 2615; x_wconf 75' lang='grc' dir='ltr'><em>λαμβάνων]</em></span> 
     </span>
     <span class='ocr_line' id='line_1_62' title="bbox 1003 2618 1807 2672; baseline -0.005 -11"><span class='ocrx_word' id='word_1_362' title='bbox 1003 2619 1088 2661; x_wconf 86' lang='lat' dir='ltr'><strong>His</strong></span> <span class='ocrx_word' id='word_1_363' title='bbox 1131 2618 1272 2659; x_wconf 84' lang='lat' dir='ltr'><strong>verbis</strong></span> <span class='ocrx_word' id='word_1_364' title='bbox 1311 2618 1530 2672; x_wconf 81' lang='lat' dir='ltr'><strong>sophistae</strong></span> <span class='ocrx_word' id='word_1_365' title='bbox 1589 2623 1807 2672; x_wconf 84' lang='lat' dir='ltr'><strong>petuntur,</strong></span> 
     </span>
     <span class='ocr_line' id='line_1_63' title="bbox 1002 2676 1811 2730; baseline -0.006 -11"><span class='ocrx_word' id='word_1_366' title='bbox 1002 2676 1057 2719; x_wconf 91' lang='lat' dir='ltr'><strong>de</strong></span> <span class='ocrx_word' id='word_1_367' title='bbox 1095 2689 1272 2730; x_wconf 87' lang='lat' dir='ltr'><strong>quorum</strong></span> <span class='ocrx_word' id='word_1_368' title='bbox 1312 2677 1493 2718; x_wconf 87' lang='lat' dir='ltr'><strong>avaritia</strong></span> <span class='ocrx_word' id='word_1_369' title='bbox 1533 2676 1695 2716; x_wconf 89' lang='lat' dir='ltr'><strong>dictum</strong></span> <span class='ocrx_word' id='word_1_370' title='bbox 1742 2680 1811 2716; x_wconf 89' lang='lat' dir='ltr'><strong>est</strong></span> 
     </span>
     <span class='ocr_line' id='line_1_64' title="bbox 1003 2733 1809 2777; baseline -0.002 -2"><span class='ocrx_word' id='word_1_371' title='bbox 1003 2735 1055 2776; x_wconf 88' lang='lat' dir='ltr'><strong>ad</strong></span> <span class='ocrx_word' id='word_1_372' title='bbox 1089 2748 1125 2777; x_wconf 91' lang='lat' dir='ltr'><strong>c.</strong></span> <span class='ocrx_word' id='word_1_373' title='bbox 1149 2734 1220 2775; x_wconf 85' lang='lat' dir='ltr'><strong>lv.</strong></span> <span class='ocrx_word' id='word_1_374' title='bbox 1262 2734 1328 2775; x_wconf 91' lang='lat' dir='ltr'><strong>De</strong></span> <span class='ocrx_word' id='word_1_375' title='bbox 1359 2734 1542 2775; x_wconf 85' lang='lat' dir='ltr'><strong>Socrate</strong></span> <span class='ocrx_word' id='word_1_376' title='bbox 1573 2733 1670 2775; x_wconf 75' lang='lat' dir='ltr'><strong>nihil</strong></span> <span class='ocrx_word' id='word_1_377' title='bbox 1695 2745 1809 2773; x_wconf 90' lang='lat' dir='ltr'><strong>mer-</strong></span> 
     </span>
     <span class='ocr_line' id='line_1_65' title="bbox 1004 2790 1805 2845; baseline -0.005 -12"><span class='ocrx_word' id='word_1_378' title='bbox 1004 2792 1122 2833; x_wconf 86' lang='lat' dir='ltr'><strong>cedis</strong></span> <span class='ocrx_word' id='word_1_379' title='bbox 1157 2791 1410 2845; x_wconf 58' lang='lat' dir='ltr'><strong>accipiente,</strong></span> <span class='ocrx_word' id='word_1_380' title='bbox 1436 2792 1550 2832; x_wconf 85' lang='lat' dir='ltr'><strong>conf.</strong></span> <span class='ocrx_word' id='word_1_381' title='bbox 1584 2805 1624 2845; x_wconf 90' lang='lat' dir='ltr'><strong>p.</strong></span> <span class='ocrx_word' id='word_1_382' title='bbox 1656 2790 1725 2833; x_wconf 90' lang='grc'><strong>19.</strong></span> <span class='ocrx_word' id='word_1_383' title='bbox 1756 2791 1805 2830; x_wconf 88' lang='grc' dir='ltr'><strong>Ι).</strong></span> 
     </span>
    </p>

    <p class='ocr_par' dir='ltr' id='par_1_18' title="bbox 1005 2847 1812 3352">
     <span class='ocr_line' id='line_1_66' title="bbox 1065 2847 1805 2904; baseline -0.003 -15"><span class='ocrx_word' id='word_1_384' title='bbox 1065 2849 1113 2890; x_wconf 84' lang='lat' dir='ltr'><strong>B.</strong></span> <span class='ocrx_word' id='word_1_385' title='bbox 1161 2852 1384 2903; x_wconf 80' lang='grc' dir='ltr'><em>παρέχω</em></span> <span class='ocrx_word' id='word_1_386' title='bbox 1415 2847 1658 2902; x_wconf 75' lang='grc' dir='ltr'><em>ἐμαυτὸν</em></span> <span class='ocrx_word' id='word_1_387' title='bbox 1688 2850 1805 2904; x_wconf 54' lang='lat' dir='ltr'><strong>&amp;qm-</strong></span> 
     </span>
     <span class='ocr_line' id='line_1_67' title="bbox 1005 2905 1809 2960; baseline -0.002 -14"><span class='ocrx_word' id='word_1_388' title='bbox 1005 2906 1129 2960; x_wconf 78' lang='grc' dir='ltr'><em>τᾶν]</em></span> <span class='ocrx_word' id='word_1_389' title='bbox 1171 2905 1208 2948; x_wconf 71' lang='lat' dir='ltr'><strong>ln.</strong></span> <span class='ocrx_word' id='word_1_390' title='bbox 1241 2920 1278 2949; x_wconf 90' lang='lat' dir='ltr'><strong>e.</strong></span> <span class='ocrx_word' id='word_1_391' title='bbox 1318 2907 1533 2960; x_wconf 89' lang='lat' dir='ltr'><strong>copiam</strong></span> <span class='ocrx_word' id='word_1_392' title='bbox 1573 2905 1724 2947; x_wconf 86' lang='lat' dir='ltr'><strong>facio</strong></span> <span class='ocrx_word' id='word_1_393' title='bbox 1756 2910 1809 2945; x_wconf 92' lang='lat' dir='ltr'><strong>et</strong></span> 
     </span>
     <span class='ocr_line' id='line_1_68' title="bbox 1006 2964 1808 3018; baseline -0.001 -14"><span class='ocrx_word' id='word_1_394' title='bbox 1006 2968 1350 3018; x_wconf 81' lang='lat' dir='ltr'><strong>potestatem</strong></span> <span class='ocrx_word' id='word_1_395' title='bbox 1427 2978 1506 3005; x_wconf 88' lang='lat' dir='ltr'><strong>me</strong></span> <span class='ocrx_word' id='word_1_396' title='bbox 1566 2964 1808 3004; x_wconf 86' lang='lat' dir='ltr'><strong>interro—</strong></span> 
     </span>
     <span class='ocr_line' id='line_1_69' title="bbox 1005 3021 1812 3074; baseline -0.005 -12"><span class='ocrx_word' id='word_1_397' title='bbox 1005 3021 1181 3074; x_wconf 84' lang='lat' dir='ltr'><strong>gandi.</strong></span> <span class='ocrx_word' id='word_1_398' title='bbox 1218 3045 1266 3051; x_wconf 90' lang='lat'>—</span> <span class='ocrx_word' id='word_1_399' title='bbox 1320 3022 1523 3063; x_wconf 88' lang='lat' dir='ltr'><strong>Proxima</strong></span> <span class='ocrx_word' id='word_1_400' title='bbox 1556 3021 1704 3072; x_wconf 83' lang='lat' dir='ltr'><strong>verba,</strong></span> <span class='ocrx_word' id='word_1_401' title='bbox 1736 3021 1812 3059; x_wconf 80' lang='grc' dir='ltr'><strong>καὶ</strong></span> 
     </span>
     <span class='ocr_line' id='line_1_70' title="bbox 1005 3075 1811 3132; baseline -0.002 -14"><span class='ocrx_word' id='word_1_402' title='bbox 1005 3076 1079 3118; x_wconf 58' lang='lat' dir='ltr'><strong>§civ</strong></span> <span class='ocrx_word' id='word_1_403' title='bbox 1126 3093 1192 3124; x_wconf 79' lang='grc' dir='ltr'><strong>τις</strong></span> <span class='ocrx_word' id='word_1_404' title='bbox 1239 3078 1456 3132; x_wconf 76' lang='grc' dir='ltr'><em>βούληται</em></span> <span class='ocrx_word' id='word_1_405' title='bbox 1502 3077 1577 3119; x_wconf 74' lang='grc' dir='ltr'><strong>ἀπ.</strong></span> <span class='ocrx_word' id='word_1_406' title='bbox 1619 3075 1811 3127; x_wconf 75' lang='grc' dir='ltr'><em>ἀκούειν,</em></span> 
     </span>
     <span class='ocr_line' id='line_1_71' title="bbox 1007 3135 1809 3188; baseline -0.002 -13"><span class='ocrx_word' id='word_1_407' title='bbox 1007 3136 1068 3176; x_wconf 83' lang='lat' dir='ltr'><strong>sic</strong></span> <span class='ocrx_word' id='word_1_408' title='bbox 1104 3136 1357 3188; x_wconf 78' lang='lat' dir='ltr'><strong>explicanda</strong></span> <span class='ocrx_word' id='word_1_409' title='bbox 1396 3142 1518 3177; x_wconf 87' lang='lat' dir='ltr'><strong>sunt:</strong></span> <span class='ocrx_word' id='word_1_410' title='bbox 1559 3136 1634 3174; x_wconf 80' lang='grc' dir='ltr'><strong>καὶ</strong></span> <span class='ocrx_word' id='word_1_411' title='bbox 1662 3135 1809 3185; x_wconf 75' lang='grc' dir='ltr'><em>παντί,</em></span> 
     </span>
     <span class='ocr_line' id='line_1_72' title="bbox 1008 3189 1810 3246; baseline -0.002 -13"><span class='ocrx_word' id='word_1_412' title='bbox 1008 3191 1129 3241; x_wconf 55' lang='lat' dir='ltr'><strong>Sene,</strong></span> <span class='ocrx_word' id='word_1_413' title='bbox 1152 3192 1205 3232; x_wconf 71' lang='grc' dir='ltr'><em>ἄν</em></span> <span class='ocrx_word' id='word_1_414' title='bbox 1234 3193 1452 3246; x_wconf 76' lang='grc' dir='ltr'><em>βούληται</em></span> <span class='ocrx_word' id='word_1_415' title='bbox 1481 3191 1548 3236; x_wconf 87' lang='grc' dir='ltr'><strong>ἀκ.</strong></span> <span class='ocrx_word' id='word_1_416' title='bbox 1608 3192 1717 3235; x_wconf 80' lang='lat' dir='ltr'><strong>Nam</strong></span> <span class='ocrx_word' id='word_1_417' title='bbox 1736 3189 1810 3231; x_wconf 71' lang='grc' dir='ltr'><strong>ἐάν</strong></span> 
     </span>
     <span class='ocr_line' id='line_1_73' title="bbox 1008 3247 1809 3304; baseline 0.004 -14"><span class='ocrx_word' id='word_1_418' title='bbox 1008 3266 1075 3296; x_wconf 80' lang='grc' dir='ltr'><strong>τις</strong></span> <span class='ocrx_word' id='word_1_419' title='bbox 1105 3251 1266 3292; x_wconf 88' lang='lat' dir='ltr'><strong>dictum</strong></span> <span class='ocrx_word' id='word_1_420' title='bbox 1300 3257 1367 3293; x_wconf 86' lang='lat' dir='ltr'><strong>est</strong></span> <span class='ocrx_word' id='word_1_421' title='bbox 1391 3251 1595 3292; x_wconf 86' lang='lat' dir='ltr'><strong>urbanius</strong></span> <span class='ocrx_word' id='word_1_422' title='bbox 1626 3262 1705 3304; x_wconf 87' lang='lat' dir='ltr'><strong>pro</strong></span> <span class='ocrx_word' id='word_1_423' title='bbox 1736 3247 1809 3293; x_wconf 66' lang='lat'><strong>8&lt;-</strong></span> 
     </span>
     <span class='ocr_line' id='line_1_74' title="bbox 1010 3323 1167 3352; baseline 0 -5"><span class='ocrx_word' id='word_1_424' title='bbox 1010 3323 1074 3352; x_wconf 66' lang='grc' dir='ltr'><strong>Τις</strong></span> <span class='ocrx_word' id='word_1_425' title='bbox 1102 3323 1167 3347; x_wconf 72' lang='grc' dir='ltr'><strong>αν.</strong></span> 
     </span>
    </p>

    <p class='ocr_par' dir='ltr' id='par_1_19' title="bbox 1068 3361 1806 3414">
     <span class='ocr_line' id='line_1_75' title="bbox 1068 3361 1806 3414; baseline -0.003 -11"><span class='ocrx_word' id='word_1_426' title='bbox 1068 3363 1164 3405; x_wconf 73' lang='grc' dir='ltr'><strong>οὐκ</strong></span> <span class='ocrx_word' id='word_1_427' title='bbox 1214 3362 1279 3406; x_wconf 69' lang='grc' dir='ltr'><em>ἄν</em></span> <span class='ocrx_word' id='word_1_428' title='bbox 1326 3363 1549 3410; x_wconf 76' lang='grc' dir='ltr'><em>δικαίως</em></span> <span class='ocrx_word' id='word_1_429' title='bbox 1594 3363 1691 3414; x_wconf 72' lang='grc' dir='ltr'><strong>τὴν</strong></span> <span class='ocrx_word' id='word_1_430' title='bbox 1734 3361 1806 3403; x_wconf 68' lang='grc' dir='ltr'><strong>αἱ·</strong></span> 
     </span>
    </p>
   </div>
   <div class='ocr_carea' id='block_1_13' title="bbox 1369 3435 1471 3484">
    <p class='ocr_par' dir='ltr' id='par_1_20' title="bbox 1369 3435 1471 3484">
     <span class='ocr_line' id='line_1_76' title="bbox 1369 3435 1471 3484; baseline 0 -18"><span class='ocrx_word' id='word_1_431' title='bbox 1369 3435 1471 3484; x_wconf 67' lang='lat'><strong>9³1⁸</strong></span> 
     </span>
    </p>
   </div>
  </div>
 </body>
</html>
