2222 3762
362 149 434 202 90,
968 147 1443 206 PLATO'NIS

365 291 504 363 ζοιμ.’
557 290 647 357 ἄν,
693 299 736 348 εὶ
785 292 903 358 οἶός
946 292 999 347 τ’
1047 296 1162 361 εἴην
1201 294 1302 366 ἐγώ
1347 294 1502 367 ὑμῶν
1549 297 1757 366 ταύτην
1799 298 1900 366 τὴν
1928 305 2063 355 ’διαι-

361 374 540 447 βολὴν
583 378 864 444 ἐξελέσθαι
907 384 964 433 ὲν
1009 377 1185 443 οὕτως
1226 381 1393 450 ὀλίγῳ
1426 380 1632 454 χρόνῳ,
1679 382 1824 439 οὕτω
1849 383 2062 451 πολλὴν

366 516 608 560 levitate
639 515 770 556 mihi
791 517 1008 557 videris
1033 516 1167 556 alio-

365 587 484 614 rum
530 574 796 614 laudibus
848 575 1167 615 detrahere!

366 630 586 680 Quodsi
617 645 693 672 me
731 632 913 680 audis,
953 633 1057 672 tibi
1087 645 1170 671 ca-

368 702 501 730 veas
533 689 698 730 velim
728 697 962 742 tuaeque
995 690 1169 730 saluti

367 748 715 796 consulas3
762 749 950 798 nosti
1003 748 1170 787 enim

368 818 521 856 quam
553 805 720 845 facile
752 806 831 844 sit
871 805 924 844 in
962 804 1065 845 hac
1095 817 1171 844 re-

367 862 592 914 publica
638 868 838 903 nostra
883 863 1016 902 aliis
1070 875 1171 902 mo·

368 922 595 960 lestiam
648 933 845 961 creare
899 926 950 960 et
997 921 1172 960 faces-

366 990 485 1018 sere
532 979 836 1029 negotium.
914 978 1040 1018 Alias
1088 978 1174 1018 ini-

367 1036 558 1076 micitiae
597 1036 690 1077 eius
731 1042 864 1089 atque
896 1037 988 1076 odii
1018 1036 1174 1076 adver-

366 1107 440 1134 sus
472 1093 702 1134 Socratem
745 1107 922 1134 caussas
955 1106 1170 1147 exposue-

366 1156 468 1192 runt
498 1153 687 1204 scriptor
706 1153 903 1204 Apolog.
934 1151 1060 1192 Socr.
1081 1151 1172 1191 Xe-

366 1209 500 1262 noph.
534 1213 574 1262 §.
607 1210 677 1252 29.
724 1209 999 1250 Libanius
1038 1209 1172 1261 Apol.

367 1269 492 1308 Socr.
539 1281 582 1320 p.
621 1268 691 1310 11.
731 1268 799 1307 ed.
839 1268 992 1308 Reisk.
1044 1268 1170 1308 Plu-

367 1333 488 1366 tare
502 1326 544 1366 h.
583 1326 676 1365 Vit.
709 1326 854 1365 Alcib.
887 1338 922 1364 c.
951 1324 992 1368 4.
1060 1324 1173 1364 Tur·

365 1385 608 1436 pitudinem
620 1384 811 1424 hominis
827 1387 1040 1424 notarunt
1055 1384 1092 1423 A
1107 1383 1174 1422 ri—

367 1447 497 1482 stot.
539 1455 608 1494 ap.
645 1443 861 1494 Harpocr.
904 1455 938 1482 s.
972 1455 1019 1493 v.
1051 1437 1174 1480 δεκά-

366 1503 463 1552 ζειν.
513 1498 800 1540 Plutarch.
853 1500 943 1539 Vit.
1005 1498 1175 1541 Coriol.

367 1572 402 1598 c.
428 1557 546 1598 le.
578 1556 743 1598 Diod.
763 1557 931 1598 Sicul.
950 1557 1083 1598 XIII.
1107 1555 1177 1600 64.

367 1616 467 1656 coll.
507 1616 622 1656 Plut.
661 1617 861 1657 Amator.
909 1629 950 1668 p.
983 1615 1081 1658 276
1128 1614 1178 1654 O.

369 1675 426 1714 D.
489 1674 624 1714 Plura
661 1673 716 1712 de
756 1687 808 1713 eo
852 1687 893 1713 v.
925 1687 995 1725 ap.
1026 1673 1175 1713 Wes-

366 1733 566 1783 seling.
623 1731 682 1772 ad
738 1732 871 1773 Diod.
920 1731 1054 1770 XIII.
1107 1729 1176 1773 64.

369 1790 690 1831 Schneider.
723 1790 779 1829 ad
809 1790 943 1830 Mem.
981 1789 1010 1829 l.
1044 1789 1084 1836 2,
1106 1787 1177 1831 37

367 1849 548 1888 Hellen.
580 1848 642 1888 11.
671 1847 713 1889 3.
746 1846 817 1889 42.
865 1846 1075 1898 Menag.
1121 1846 1179 1886 ad

367 1906 514 1946 Laert.
534 1906 583 1946 ll.
596 1905 668 1949 43.
689 1905 964 1957 Wyttenb.
987 1905 1174 1956 Eclogg.

368 1978 412 2017 p.
442 1962 543 2007 404.
575 1970 618 2004 et
659 1963 953 2003 Hermann.
978 1962 1068 2006 ,De
1107 1975 1177 2002 ac—

371 2023 646 2062 cusatoribus
694 2019 889 2061 Socratis
929 2034 972 2072 p.
1018 2021 1045 2063 9
1079 2033 1175 2072 sqq.

372 2079 575 2120 Ceterum
605 2092 696 2119 non
727 2085 843 2128 erat,
885 2091 963 2119 cur
993 2079 1039 2118 M
1057 2090 1177 2118 ena-

372 2139 495 2190 gius
543 2138 599 2177 ad
636 2137 770 2186 Diog.
812 2136 872 2176 ΙΙ.
911 2136 981 2179 39.
1018 2149 1062 2188 p.
1108 2135 1179 2178 92.

372 2208 564 2247 quocum
623 2195 729 2234 facit
792 2195 923 2235 etiam
988 2192 1180 2233 Cobet.

375 2254 496 2293 Varr.
531 2253 671 2293 Lectt.
714 2265 757 2304 p.
799 2252 898 2295 299.
939 2251 1074 2291 verba
1112 2251 1180 2290 καὶ

374 2312 456 2350 τῶν
488 2310 716 2350 πολιτικῶν
761 2311 806 2350 in
838 2310 1014 2350 fraudis,
1039 2310 1181 2362 suspi-

374 2371 544 2410 cionem
576 2374 768 2408 vocaret.
819 2367 933 2408 Nam
955 2368 1075 2419 quod
1098 2370 1181 2407 So·

372 2433 512 2468 crates
554 2427 679 2466 addit
719 2426 787 2465 καὶ
829 2426 913 2464 τῶν
944 2425 1181 2471 πολιτικῶν,

375 2487 548 2525 videtur
599 2497 693 2523 cum
742 2484 949 2523 irrisione
993 2484 1179 2534 quadam

372 2549 527 2584 notare
568 2543 900 2593 perversitatem
936 2540 1180 2580 Athenien-

373 2602 506 2648 sium,
551 2601 624 2651 qui
666 2600 846 2651 opifices
890 2598 947 2637 ad
986 2610 1180 2637 summos

372 2660 417 2698 in
448 2657 673 2711 republica
702 2657 893 2697 honores
921 2655 1177 2695 evehebant.

371 2739 428 2746 —-
488 2717 631 2766 Lyco
681 2715 779 2766 quis
828 2714 977 2760 fuerit,
1025 2725 1178 2765 parum

371 2779 556 2813 constat.
597 2771 746 2812 Schol.
785 2773 839 2811 ad
878 2771 921 2811 h.
955 2772 982 2810 l.
1027 2767 1181 2810 Λύκον

375 2827 512 2883 πατὴρ
563 2822 615 2882 ἦν
653 2825 934 2875 Αὐτολύκου,
977 2825 1072 2867 ’Ίων
1113 2826 1176 2898 γε’-

375 2900 472 2936 ros,
505 2886 643 2940 δῆμον
675 2884 900 2939 Θορικιοε,
933 2884 1089 2938 πένης,
1122 2881 1181 2925 ais·

376 2946 591 2999 Κρατῖνος
643 2943 824 2996 Πυτινῃ,
869 2940 1182 3014 Ἀριστοφάνης

376 3004 552 3057 Σφηξίν
583 3003 626 3056 (v
678 3003 846 3055 1301..)
898 2999 1098 3043 Εὔπολις
1133 2996 1178 3041 δ’

375 3061 422 3103 ἐν
457 3061 604 3102 Φίλοις
635 3061 702 3100 καὶ
734 3059 802 3100 ἐπὶ
833 3060 882 3111 τῇ
908 3061 1076 3113 yvvacnc'
1100 3058 1180 3100 Po-

375 3119 447 3174 δίᾳ
491 3117 688 3172 κωμωδεῑ
733 3113 892 3165 αυτόν,
942 3116 988 3157 ἐν
1041 3116 1086 3158 δὲ
1128 3119 1185 3157 τιῖ

377 3175 529 3232 πρώτῳ
564 3171 804 3230 Αὐτολύκῳ
835 3174 898 3216 εἰς
922 3174 1062 3226 ξένοι,
1095 3176 1182 3216 Με-

378 3236 557 3303 ταγένης
588 3230 630 3274 δ’
663 3230 766 3288 Ομή
759 3248 829 3288 ρῳ
851 3233 914 3274 εἰς
944 3231 1182 3287 προδότην·

379 3295 447 3335 καὶ
479 3290 642 3336 Λύκων
686 3288 882 3334 ἐνταῦθά
913 3305 1001 3332 που
1024 3291 1051 3344 ΙΙ
1078 3305 1183 3346 προ-

378 3349 496 3394 δοὺς
539 3347 808 3392 Ναύπακτον
851 3345 1071 3403 ἀργύριον
1117 3352 1184 3390 λα-

379 3407 476 3463 βών
537 3404 693 3462 ἄγαλμ’
733 3409 762 3466 Η
780 3403 983 3462 ἀγορᾶς
1018 3406 1187 3459 ξενικὸν

1255 516 1546 572 ἐμπορεύεται.
1580 521 1848 570 Quibuscum
1881 528 2062 563 conten-

1256 578 1335 617 das
1365 577 1514 619 schol.
1555 581 1611 619 ad
1642 581 1932 633 Aristophan.
1974 580 2062 632 Ly-

1255 636 1372 675 sistr.
1404 649 1446 676 v.
1475 635 1574 681 270.
1616 637 1740 692 Vesp.
1785 651 1827 678 v.
1862 638 1989 682 1169.
2021 643 2078 682 et.

1257 692 1383 735 1301.
1451 693 1537 734 Sed
1575 694 1685 736 haec
1731 697 1880 736 omnia
1928 709 2060 748 quum

1256 751 1494 796 manifesto
1527 753 1616 792 sint
1647 759 1809 794 temere
1850 755 1990 794 mixta
2019 760 2063 794 et

1257 809 1464 860 confusa,
1518 815 1564 848 nt
1626 812 1802 851 minime
1839 817 2065 864 appareat,

1259 867 1365 919 quid
1417 875 1712 920 quantumque
1760 870 1818 909 ad
1869 869 2066 910 Socratis

1259 931 1557 966 accusatorem
1618 926 1777 966 referri
1822 933 1954 979 queat
2005 930 2066 974 (v.

1259 982 1549 1023 Hermann.
1597 983 1664 1023 De
1705 983 1901 1024 Socratis
1941 997 2066 1024 accu-

1259 1042 1477 1081 satoribus
1530 1055 1572 1093 p.
1626 1041 1681 1083 12
1725 1043 1869 1094 sqq.)‚
1922 1043 2066 1084 faten-

1259 1100 1361 1139 dum
1396 1100 1468 1139 hic
1502 1112 1675 1151 quoqne
1703 1106 1792 1150 est,
1835 1100 1945 1140 nihil
1982 1112 2067 1148 ‚nos

1259 1158 1312 1197 de
1365 1157 1543 1198 homine
1602 1163 1721 1197 certo
1784 1159 1919 1208 scire,
1979 1157 2066 1197 nisi

1260 1215 1380 1266 quod
1423 1215 1506 1254 hoc
1550 1215 1650 1255 loco
1685 1217 1976 1268 perscriptum
2005 1215 2068 1255 le-

1259 1274 1426 1324 gimus,
1470 1285 1568 1312 eum
1597 1274 1644 1313 in
1675 1274 1840 1320 iudicio
1871 1274 2067 1314 Socratis

1259 1343 1339 1382 pro
1371 1331 1623 1370 oratoribus
1665 1343 1865 1371 caussam
1891 1331 2066 1384 'egisse3

1260 1389 1304 1428 id
1337 1388 1456 1440 quod
1488 1389 1717 1429 confirmat
1754 1391 1884 1429 etiam
1918 1388 2068 1440 uiog.

1261 1447 1446 1485 Laert.
1475 1445 1536 1486 ΙΙ.
1557 1445 1646 1496 38.,
1678 1447 1755 1499 qui
1785 1447 1929 1500 ipsum
1958 1447 2065 1487 scri-

1263 1505 1327 1544 bit
1357 1503 1493 1544 fuisse
1525 1505 1815 1556 demagogum
1836 1509 1969 1557 atque
1998 1517 2065 1554 ea,

1265 1573 1377 1614 quae
1416 1561 1473 1602 ad
1515 1562 1636 1602 litem
1674 1562 1890 1614 agendam
1933 1563 2067 1614 perti-

1264 1625 1442 1670 nerent,
1513 1625 1643 1660 antea
1704 1621 1967 1661 instruxisse
2027 1625 2071 1660 et

1265 1679 1520 1718 adornasse.
1581 1678 1780 1718 Fuerunt
1795 1683 1939 1718 autem
1971 1689 2071 1718 ora-

1265 1742 1383 1775 tores
1415 1736 1490 1775 isti
1520 1748 1611 1776 non
1642 1736 1823 1788 publici,
1861 1736 1935 1788 qui
1967 1747 2070 1789 pro-

1262 1794 1405 1846 prium
1438 1794 1656 1846 quendam
1697 1795 1895 1834 ordinem
1927 1793 2071 1834 effice-

1262 1856 1382 1902 rent,
1452 1863 1565 1903 quae
1633 1851 1738 1891 olim
1795 1851 2071 1904 quorundam

1262 1910 1347 1949 fuit
1397 1910 1572 1960 opinio,
1627 1909 1702 1949 sed
1740 1909 1941 1950 h‘omines
1980 1909 2071 1961 pri-

1263 1967 1370 2016 vati,
1403 1968 1479 2018 qui
1499 1973 1645 2007 tamen
1675 1967 1890 2019 singulari
1922 1967 2071 2006 studio

1263 2026 1310 2065 id
1348 2025 1492 2076 ipsum
1533 2030 1741 2076 egerunt,
1794 2030 1842 2064 ut
1880 2025 2070 2064 dicendo

1263 2084 1307 2122 in
1367 2083 1592 2134 republica
1651 2083 1758 2122 clari
1817 2083 2071 2132 existerent,

1265 2153 1403 2193 eoque
1455 2141 1588 2180 modo
1637 2141 1752 2180 inter
1793 2141 1912 2180 cives
1965 2151 2071 2180 suos

1264 2199 1475 2238 maiorem
1548 2199 1766 2250 quandam
1828 2198 2073 2250 potentiam

1266 2263 1310 2295 ct
1350 2257 1652 2296 anctoritatem
1702 2257 2071 2296 nanciscerentur.

1266 2313 1486 2362 Quocirca
1539 2313 1906 2354 Demosthen.
1969 2313 2071 2353 Phi-

1264 2373 1370 2424 lipp.
1401 2372 1482 2411 IV.
1524 2384 1564 2424 p.
1599 2371 1697 2415 150.
1743 2367 1846 2412 τούς
1884 2367 2075 2424 ῥήτορας

1268 2427 1632 2478 πολιτευομένους
1661 2430 1847 2482 opponit
1886 2425 2075 2469 ffitwtaoe

1269 2489 1315 2538 (i.
1377 2500 1413 2527 e.
1474 2498 1660 2526 rerum
1721 2487 2073 2556 publicarum

1265 2546 1280 2584 i
1298 2558 1325 2584 n
1347 2558 1368 2584 c
1385 2557 1413 2583 u
1431 2557 1453 2584 r
1471 2545 1485 2583 i
1503 2557 1527 2583 ο
1549 2558 1569 2584 s
1588 2545 1601 2583 i
1616 2544 1659 2592 s)
1701 2544 1768 2584 καὶ
1799 2538 2074 2597 ἅπριὶγμοση

1267 2603 1510 2654 (caussas
1569 2602 1756 2642 nullas
1825 2602 2071 2643 dicenti·

1266 2660 1393 2711 bus).
1454 2659 1548 2699 Nec
1587 2671 1691 2699 vero
1740 2671 1894 2713 parum
1933 2660 1996 2700 illi
2027 2660 2074 2700 in

1264 2718 1487 2770 republica
1521 2718 1766 2769 valuerunt,
1799 2718 2074 2771 quandoqui-

1266 2777 1363 2815 dem
1401 2787 1490 2814 non
1529 2788 1629 2815 raro
1674 2776 1829 2828 populi
1870 2775 2072 2816 volunta-

1265 2840 1351 2874 tem
1402 2833 1530 2885 plane
1578 2834 1634 2874 ad
1680 2847 1805 2873 snum
1856 2831 2074 2873 flexerunt

1265 2891 1517 2939 arbitrium3
1539 2891 1592 2931 de
1613 2904 1698 2943 quo
1723 2905 1764 2930 v.
1783 2891 2071 2943 Aristoph.

1269 2950 1384 2990 Plut.
1433 2962 1471 2988 ν.
1503 2948 1588 2992 567
1624 2963 1718 3002 sqq.
1780 2947 2073 2996 Quamobrem

1266 3007 1457 3059 Lyconis
1519 3008 1753 3048 caussidici
1810 3008 1956 3059 partes
2026 3007 2072 3046 in

1269 3064 1467 3105 SOcratis
1508 3065 1585 3106 lite
1630 3078 1718 3106 non
1761 3062 1948 3116 exiguae
1978 3064 2071 3104 fue—

1267 3128 1391 3173 runt,
1431 3122 1553 3164 cuius
1597 3124 1710 3164 sicut
1743 3123 1874 3174 Anyti
1921 3128 2070 3162 aucto-

1268 3181 1396 3221 ritate
1427 3181 1630 3222 Socrates
1663 3181 1756 3233 ipse
1787 3178 1902 3219 infra
1931 3192 1972 3232 p.
1997 3178 2070 3223 36.

1268 3239 1324 3278 A.
1354 3238 1514 3278 factum
1536 3252 1631 3280 esse
1662 3238 1837 3284 fatetur,
1869 3242 1918 3276 ut
1949 3250 2072 3278 caus-

1267 3308 1318 3336 sa
1348 3296 1535 3337 caderet.
1596 3297 1666 3350 De
1699 3295 1950 3336 oratoribus
1972 3295 2071 3335 istis

1268 3353 1468 3395 civilibus
1523 3369 1562 3395 v.
1625 3352 1940 3396 Schemann.
1980 3352 2073 3402 ,De

1270 3412 1472 3454 comitiis
1503 3413 1664 3456 Athen.
1696 3424 1739 3464 p.
1771 3410 1856 3454 107
1889 3423 1990 3463 sqq.
2029 3416 2071 3450 et
