2158 3718
348 171 419 220 44
955 168 1370 221 PLATole

347 322 524 388 ἔρωτα
565 313 814 382 σπουδην
859 337 916 370 τε
962 317 1054 368 καὶ
1097 311 1302 384 ἀρετὴν
1339 315 1584 387 μα’)ιστα
1615 323 1858 390 τιμῶσιν.
1911 319 2030 391 Ορ-

347 409 454 477 φέα
500 404 555 456 δὲ
603 397 700 456 τὸν
744 397 982 469 Οἰάγρου
1023 396 1193 465 ἀτελῆ
1221 398 1562 487 ἀπέπεμψαν
1586 403 1641 468 ἐξ
1667 402 1877 470 ‘'Au50v‚
1919 427 2031 479 φα-

347 505 458 557 σμα
505 486 774 552 δείξαντες
817 483 911 549 τῆς
953 480 1215 553 γυναικὸς
1267 483 1357 558 ἐφ’
1420 483 1489 553 ἣν
1531 509 1687 555 ηκεν,
1747 486 1927 557 αὐτὴν
1970 492 2027 546 δὲ

348 570 416 625 οὐ
460 570 663 634 δόντες,
710 566 797 623 ὅτι
826 570 1288 638 μαλθακίζεσθαι
1318 569 1489 624 ἐδόκει
1530 569 1628 626 ἅτε
1672 569 1748 628 ὢν
1775 578 2030 644 κιθαρῳ-

347 651 470 720 δός,
531 658 623 709 καὶ
667 651 731 707 οὐ
779 654 992 723 τολμᾶν
1035 657 1191 706 ἕνεκα
1239 655 1338 707 τοῦ
1382 658 1581 725 ἔρωτος
1623 655 2028 726 ἀποθνήσκειν,

342 737 517 810 ὥςπερ
548 735 872 804 ”Αλκηστις,
931 732 1074 791 ἀλλὰ
1135 738 1599 809 διαμηχανᾶσθαι
1653 745 1758 809 ζῶν
1812 748 2028 807 εὶςιέναι

340 830 416 889 εὶς
444 822 656 880 ”Αιδου.
705 821 988 895 τοιγάρτοι
1046 819 1136 876 διόι
1194 826 1375 878 ταῦτα
1435 829 1589 894 δίκην
1633 826 1784 900 αὐτῷ
1831 831 2030 886 ἐπέθε-

453 1048 505 1089 D.
576 1043 760 1101 φᾰσμα
803 1045 1117 1100 δείξαντες]
1157 1044 1391 1101 φάντασμα
1436 1047 1568 1088 Coisl.
1617 1047 1718 1088 Par.
1749 1046 1847 1089 EF.
1882 1048 2030 1090 Ambr-

337 1106 446 1157 Ano.
493 1104 675 1147 u.V·.1t
721 1117 758 1144 ιι
801 1117 834 1145 ι·.
875 1117 911 1144 s.
955 1103 1060 1144 Ven-

335 1164 451 1216 quod
488 1176 540 1204 ex
570 1162 923 1213 interpretatione
961 1108 1113 1202 tinxit.t

450 1219 530 1275 ἐφ’
566 1217 626 1270 ἣν
657 1215 800 1272 ἤκει]
836 1219 950 1259 Vett.
984 1219 1106 1261 editt
1138 1216 1208 1270 iqo’
1242 1216 1294 1270 ἣν
1322 1218 1426 1260 ἑκὼν
1456 1224 1566 1271 ἥκει.

1117 1104 1285 1146 .Vind.
1322 1106 1358 1148 l

1390 1105 1512 1147 Flor.
1545 1119 1581 1146 a.
1618 1105 1658 1147 b.
1690 1118 1726 1147 c.
1759 1105 1786 1146 i.
1819 1105 2026 1157 Damnst„

1629 1219 1728 1261 Sed'
1746 1217 1845 1260 ἕκὼν
1866 1224 1911 1261 et
1933 1221 2026 1260 lan-

335 1285 441 1329 guet
483 1278 657 1320 mirifice
699 1282 743 1317 et
782 1275 975 1317 codicum
1026 1276 1309 1330 plurimorum
1364 1277 1715 1332 optimorumque
1764 1278 2024 1319 auctoritate

337 1336 588 1378 destitutum
623 1339 703 1375 est.

450 1392 583 1433 ἀλλὰ
616 1389 1105 1443 διαμηχανᾶσθαι]
1148 1390 1567 1444 διαμηχανασασθαι
1601 1393 1704 1435 Par.
1739 1391 1840 1432 DK.
1874 1392 2021 1435 Ambr.

339 1452 603 1506 Aug-..pl

335 1590 424 1632 Sed
457 1590 627 1642 oravius
659 1589 851 1631 beneficii
890 1594 934 1631 et
964 1588 1136 1630 honoris

336 1647 667 1700 magnitudinem
714 1649 780 1700 sig
755 1648 1029 1687 rnificaturus
1055 1644 1137 1687 di-

336 1707 393 1746 cit
409 1684 536 1745 „lind
581 1720 618 1744 τ.
653 1707 708 1744 ἐκ.
779 1705 987 1746 Nimirum
1028 1717 1136 1758 pon-

337 1764 417 1804 dus
449 1763 542 1803 huic
574 1762 814 1802 sementim
845 1762 1008 1803 addunt
1041 1775 1136 1803 ver-

339 1822 389 1862 ba
422 1818 693 1874 ἀγασθέντες
725 1825 782 1875 τῷ
812 1822 934 1874 ἔργῳ,
965 1825 1013 1860 ut
1044 1825 1137 1860 tota

336 1879 566 1918 verborum
621 1877 948 1930 comprehensio
999 1879 1138 1931 possit

337 1936 547 1989 explicari
593 1935 679 1975 sic:
753 1936 869 1977 Hoc
916 1936 1137 1980 facinus

337 1993 457 2034 eius
497 1992 607 2034 diis
649 1992 790 2037 adeo
841 1996 1134 2046 probatum

337 2057 439 2102 est,
471 2055 526 2092 ut
555 2062 711 2102 quium
737 2063 837 2092 uon
870 2052 976 2093 nisi
1010 2067 1137 2106 pau-

336 2108 417 2148 cis
457 2108 786 2160 quibusdam
829 2123 893 2151 ex
934 2110 1136 2153 inferis

333 2165 523 2207 redire
555 2168 977 2220 concesserint,
1012 2168 1137 2211 huic

342 2235 448 2264 nou
487 2224 663 2264 solum
706 2224 1009 2268 tribuerint
1039 2227 1139 2269 hoc

345 2281 712 2332 beneficium,
759 2282 852 2324 sed
893 2297 1008 2326 cum
1051 2285 1141 2328 tid-f

344 2339 646 2380 miratione
713 2344 909 2382 tantae
967 2343 1136 2385 animi

344 2396 748 2449 magnitudinis
833 2411 1139 2442 concesse-

342 2454 462 2495 rint.
524 2453 704 2496 Fallitur
729 2455 838 2497 enim
873 2457 1137 2500 Hommel.

341 2510 502 2552 ἀνιέναι
563 2512 789 2562 legendum
853 2521 994 2566 ratus3
1054 2530 1138 2568 qua

342 2574 460 2610 certe
492 2569 735 2610 coniectura
768 2571 1069 2624 abstinuisset,
1103 2573 1138 2614 si

342 2626 558 2667 ordinem
578 2631 622 2667 et
662 2629 992 2671 collocationem
1041 2643 1136 2671 ier-

341 2682 494 2724 borum
527 2682 581 2736 «ἡ
570 2687 789 2728 ασθένιες
818 2690 875 2725 τῶ
901 2687 1004 2739 ἔργα)
1035 2700 1139 2728 con-

342 2739 575 2780 siderasset
596 2743 736 2791 paullo
760 2740 861 2795 dilig
846 2745 1014 2783 entius.
1054 2745 1139 2784 Ce-

342 2800 479 2837 terum
521 2797 807 2838 Ruhnken.
851 2798 904 2839 ad
947 2799 1061 2841 Tim.
1099 2813 1140 2853 p.

341 2853 382 2895 9.
445 2855 665 2894 verissime
729 2854 974 2896 observ-mit
1032 2856 1139 2897 hunc

340 2923 469 2952 unum
516 2925 612 2952 esse
659 2911 848 2953 Platonis
889 2915 1052 2964 lo‹·‚um
1099 2915 1135 2954 in

330 2981 425 3020 quo
467 2968 670 3021 dyacona.
710 2981 804 3009 cum
850 2956 993 3011 dativo
1035 2984 1135 3013 casu

341 3030 631 3068 constructum
678 3027 857 3078 legatur.
917 3027 1027 3069 Nihil
1070 3034 1135 3069 ta-

341 3097 438 3125 men
479 3084 748 3135 mutandum,
798 3097 837 3123 ι.
888 3085 1134 3139 Xenoph.

341 3143 499 3197 Cyrop.
536 3142 588 3183 11.
623 3143 675 3194 lt,
717 3142 756 3185 9.
803 3141 868 3181 Vl.
902 3143 954 3193 4,
996 3143 1034 3186 9.
1075 3146 1129 3185 al.

340 3202 436 3240 coli.
485 3200 728 3241 Pierson.
771 3199 821 3239 ad
866 3199 987 3240 Moer
1034 3215 1072 3253 p.
1112 3201 1128 3244 1

341 3270 405 3309 sq.
440 3258 623 3300 Matth.
654 3259 728 3298 Gr.
764 3256 797 3308 §.
829 3257 926 3300 390.
968 3259 1134 3300 Bern-

338 3314 507 3371 hardy
537 3316 657 3369 Synt.
694 3315 788 3361 104.

393 3429 446 3472 D.
510 3428 700 3485 Ὀρφέα
748 3431 800 3479 δὲ
838 3446 878 3471 τ.
919 3427 1128 3488 οὶᾰγρ.]

663 1447 773 1490 Dein
805 1448 883 1498 ζῶν
913 1448 1021 1489 ἰέναι
1050 1448 1183 1490 Coisl.
1217 1449 1365 1490 Ambr.
1392 1451 1489 1492 Vat.
1514 1463 1553 1491 n.
1582 1463 1616 1490 r.
1637 1451 1732 1503 Ang
1769 1461 1813 1490 u.
1833 1449 2021 1491 Darmst.

1221 1590 1362 1632 Etiam
1395 1592 1437 1632 in
1468 1588 1546 1632 hac
1578 1590 1821 1644 narratione
1853 1590 1907 1632 de
1938 1591 2024 1633 Or—

1212 1647 1334 1700 pheo
1369 1648 1582 1702 quaedam
1615 1647 1760 1689 insunt
1799 1662 1825 1689 a
1856 1650 2022 1702 wiuari

1220 1705 1363 1746 fabula
1397 1706 1712 1759 discrepantia,
1742 1718 1850 1759 quae
1882 1706 2024 1748 Phae-

1222 1762 1326 1803 drns
1368 1769 1443 1804 aut
1488 1763 1581 1816 ipse
1630 1776 1708 1816 pro
1753 1765 1917 1806 consilii
1958 1764 2022 1805 sui

1221 1821 1386 1861 ratione
1435 1821 1675 1862 immutavit
1725 1826 1802 1862 aut
1852 1822 2024 1875 repetiit

1222 1878 1275 1918 ab
1321 1879 1396 1928 iis‚
1441 1879 1510 1931 qui
1551 1891 1641 1919 rem
1686 1877 1742 1919 ita
1785 1881 2023 1921 memoriae

1223 1935 1511 1988 tradiderant,
1585 1941 1631 1976 ut
1699 1935 1822 1978 facile
1881 1938 2023 1978 omnia

1223 1998 1402 2047 possent
1445 1992 1764 2042 accommodari
1807 1987 2026 2047 praesenti

1223 2051 1515 2103 disputationi.
1554 2073 1592 2079 —
1621 2049 1863 2103 ἅτελῆ,ἰ.
1898 2065 1934 2092 e.
1968 2065 2023 2095 re

1222 2108 1462 2160 intecta,
1494 2106 1740 2161 ἄπρακτον,
1771 2108 1896 2151 οὐδὲν
1925 2110 2023 2151 δια-

1221 2163 1456 2221 πραξανΐαο

1282 2281 1409 2323 ἀλλὰ
1444 2283 1899 2337 διαμηχανᾶσθαι
1929 2282 2024 2332 ζῶν

1223 2342 1475 2391 εἶςιέναι]
1514 2342 1608 2385 sed
1642 2340 1893 2383 omnibus
1923 2353 2023 2387 mn-

1225 2399 1402 2440 chinis
1433 2399 1705 2441 adhibitis
1737 2398 2022 2451 perficere

1224 2462 1449 2498 conatus
1488 2470 1635 2508 esse,
1678 2461 1734 2498 ut
1772 2457 1928 2500 vivus
1970 2457 2020 2497 in

1224 2515 1422 2557 Orcum
1455 2514 1868 2567 ingrederetur.
1909 2512 2021 2555 Mira

1223 2572 1505 2614 Riickerti
1554 2572 1606 2612 ad
1648 2571 1687 2613 h.
1728 2572 1754 2614 Ι.
1797 2571 2019 2612 annotatio

1225 2635 1291 2670 est
1331 2630 1390 2671 ita
1422 2629 1672 2670 scribentis:
1736 2627 1866 2680 „Non
1897 2626 2020 2668 vide-

1224 2686 1351 2727 batur
1382 2686 1463 2727 hoc
1495 2686 1660 2735 facere,
1697 2685 1772 2726 sed
1805 2684 1906 2725 fecit
1936 2685 2020 2726 Or-

1204 2741 1380 2794 ¹pheus;
1425 2747 1470 2782 ut
1502 2755 1647 2794 parum
1681 2747 1799 2783 recte
1829 2740 1909 2782 hoc
1941 2755 2018 2783 ex-

1226 2812 1418 2850 pressum
1460 2799 1575 2840 ait..“
1644 2799 1876 2840 Enimvero
1921 2799 2017 2841 nihil

1225 2856 1474 2897 offensionis
1496 2855 1620 2897 hahet
1651 2857 1803 2906 δακεῖν,
1835 2869 1922 2909 quo
1953 2857 2018 2897 iu-

1223 2912 1377 2954 dicium
1431 2918 1474 2954 et
1522 2915 1732 2955 sententia
1784 2913 1838 2955 de
1889 2914 2017 2955 rebus

1221 2971 1288 3011 vel
1321 2969 1559 3012 hominibus
1589 2984 1672 3013 non
1703 2985 1800 3013 raro
1833 2970 2017 3014 denota-

1221 3032 1313 3079 tur,
1355 3034 1401 3069 ut
1436 3028 1595 3069 Phaed.
1630 3043 1669 3082 p.
1709 3028 1799 3073 113.
1833 3030 1885 3071 D.
1922 3028 2016 3072 114.

1220 3085 1271 3126 B.
1303 3087 1355 3126 al.
1411 3086 1669 3127 Mirabiliora
1691 3087 1816 3128 etiam
1853 3087 2015 3128 Hom·

1221 3144 1414 3184 melius
1456 3143 1510 3184 de
1550 3145 1680 3185 verbo
1731 3146 1899 3190 εἰςιείἀι
1937 3157 2014 3184 an·-

1220 3201 1399 3249 uotavit„
1432 3214 1509 3253 pro
1539 3214 1622 3252 quo
1647 3202 1816 3254 proprie
1846 3202 1904 3242 ait
1936 3201 2014 3244 de-

1220 3259 1451 3299 scendendi
1494 3259 1667 3299 verbum
1704 3262 1895 3299 κατιέναι
1936 3259 2013 3299 de-

1222 3316 1411 3358 siderari.
1483 3315 1618 3358 Quasi
1669 3329 1771 3356 vero
1820 3328 1902 3356 non
1956 3314 2012 3355 de

1219 3373 1413 3426 ingressu
1454 3373 1495 3413 in
1535 3373 1638 3413 Orci
1679 3386 1884 3426 reguum,
1935 3372 2013 3415 sed

1220 3430 1276 3472 de
1305 3430 1516 3473 descensu
1545 3429 1704 3483 Orphei
1734 3436 1897 3484 agatur.
