2222 3762
246 180 646 236 PLATONIS
686 180 1169 236 APOLOGIAM
1212 180 1612 239 SOCRATIS.
1725 188 1786 239 17

80 323 212 377 ibid.
251 326 300 394 ξ.
341 325 451 393 37.)
491 323 560 392 *).
637 323 750 378 Sed
798 332 1078 393 utcunque
1128 323 1196 376 de
1245 324 1329 378 his
1377 325 1542 379 rebus
1599 325 1785 379 existi-

79 395 348 464 mabitur,
411 394 546 447 illud
610 394 827 464 quidem
888 403 1033 448 certe
1093 394 1330 449 dubitari
1390 415 1498 449 non
1561 397 1783 466 poterit,

81 466 304 536 opinor,
356 466 488 536 quin
537 463 794 520 Socrates
843 465 988 537 apud
1025 466 1311 519 Platonem
1365 486 1491 519 vere
1526 475 1784 537 recteque

77 537 135 590 is.
161 537 510 605 informetur,
563 537 656 606 qui
695 538 856 590 etiam
907 557 939 589 a
984 537 1300 607 sophisticis
1356 538 1663 591 disserendi
1701 547 1783 592 at-

49 626 183 676 ‘que
230 607 451 662 dicendi
490 607 687 661 studiis
728 627 943 678 semper
978 609 1144 661 fuerit
1191 609 1570 664 alienissimus.
1655 610 1783 664 Hoc
1863 672 1865 674 ,

76 679 219 731 enim
259 699 425 749 quum
462 679 626 732 etiam
664 679 783 733 aliis
822 680 1052 732 aliorum
1090 681 1417 751 scriptorum
1453 681 1781 735 testimoniis

77 750 210 803 satis
249 757 399 804 certo
438 751 808 818 confirmetur,
848 759 964 803 tum
1001 751 1163 804 etiam
1202 771 1268 803 ex
1295 752 1441 805 omni
1479 753 1592 806 eius
1617 752 1782 807 disci-

73 821 222 892 plina
270 829 327 874 et
375 821 586 875 ratione
634 830 745 874 tam
795 823 939 876 clare
990 822 1195 891 elucet,
1245 830 1308 875 ut
1345 825 1781 878 testimoniorum

75 893 587 946 commemoratione
626 894 843 946 omnino
880 913 991 946 non
1029 913 1168 963 opus
1206 894 1293 947 sit.
1367 895 1564 964 Itaque
1615 896 1780 966 liqui-

75 962 206 1016 dum
242 971 325 1016 est
363 964 644 1019 Socratem
682 965 842 1035 plane
882 963 952 1015 ad
994 963 1168 1034 ipsam
1209 965 1487 1019 veritatem
1526 986 1646 1020 esse
1684 967 1779 1020 de-

75 1035 367 1106 scriptum,
417 1042 685 1104 quatenus
723 1035 771 1088 is
809 1034 969 1087 nobis
1008 1034 1326 1101 exhibetur,
1380 1037 1474 1105 qui
1511 1038 1715 1107 pariter
1747 1058 1780 1091 a

72 1105 425 1177 physicorum
475 1113 640 1174 atque
686 1123 718 1158 a
755 1105 1125 1175 sophistarum
1165 1106 1361 1159 studiis
1414 1107 1622 1161 alienus
1660 1109 1778 1162 fue-

70 1176 171 1244 rit,
223 1183 285 1228 ut
330 1177 576 1247 profecto
625 1177 704 1229 illi
754 1194 972 1247 quoque
1022 1196 1195 1248 nugas
1245 1178 1496 1249 ingentes
1546 1180 1777 1251 egerint,

71 1247 167 1315 qui
203 1247 380 1318 ipsum
416 1267 591 1319 nuper
627 1268 660 1300 a
697 1247 958 1318 sophistis
987 1267 1097 1300 non
1123 1247 1397 1303 diversum
1435 1250 1606 1305 fuisse
1647 1270 1778 1304 con-

71 1317 294 1371 tendere
350 1319 470 1372 ausi
520 1326 666 1372 sunt.
740 1321 928 1388 Atque
967 1319 1092 1371 talis
1134 1338 1302 1388 quum
1340 1321 1509 1374 fuisse
1550 1340 1775 1376 censen·
1817 1319 1819 1322 ’

70 1388 172 1443 dus
228 1390 333 1456 sit,
383 1391 630 1461 profecto
682 1390 846 1442 etiam
896 1409 1237 1460 consequens
1276 1399 1387 1461 est,
1439 1400 1500 1445 ut
1551 1393 1778 1447 crimina

67 1460 362 1532 impietatis
397 1461 454 1514 in
493 1461 626 1514 deos
665 1469 830 1530 atque
867 1461 1187 1514 iuvenilium
1223 1483 1433 1516 morum
1472 1465 1777 1536 corruptio-

67 1532 152 1586 nis
206 1532 372 1604 vulgo
421 1533 480 1585 in
527 1533 785 1605 physicos
841 1540 896 1586 et
935 1532 1211 1602 sophistas
1252 1535 1502 1588 coniecta
1538 1535 1642 1589 hac
1681 1535 1776 1590 de-·

65 1603 329 1657 fensionis
390 1611 544 1675 parte
596 1606 872 1658 verissime
929 1604 996 1657 ab
1047 1623 1111 1657 eo
1163 1603 1391 1676 depulsa
1442 1625 1564 1661 esse
1613 1608 1774 1662 nobis

66 1674 508 1744 persuadeamus.
584 1676 784 1745 Neque
822 1676 965 1728 enim
998 1675 1387 1747 negligendum
1425 1685 1508 1732 est
1532 1678 1775 1748 pruden-

66 1745 276 1800 tissime
327 1747 434 1799 iam
479 1746 584 1801 hoc
630 1747 753 1801 loco
801 1746 1052 1818 publicae
1102 1748 1469 1802 accusationis
1506 1750 1775 1805 rationem

66 1835 186 1870 esse
233 1817 504 1885 habitam,
577 1837 716 1889 quae
768 1838 935 1888 quum
985 1816 1280 1872 admodum
1334 1820 1590 1892 ambigue
1641 1841 1772 1875 con-

65 1901 226 1960 cepta
263 1897 436 1958 esset,
477 1897 532 1942 et
567 1891 623 1942 in
659 1889 869 1943 incerto
907 1889 1268 1959 relinqueret,
1311 1898 1582 1960 quatenus
1619 1893 1772 1946 iuve-

65 1979 161 2013 nes
201 1961 511 2031 corrupisse
550 1960 853 2030 diceretur,
893 1961 983 2013 hic
1019 1959 1240 2030 quidem
1279 1963 1533 2016 universe
1569 1983 1773 2034 pravae

65 2031 396 2103 sophisticae
431 2031 673 2086 studium
712 2033 779 2086 ab
822 2052 886 2085 eo
929 2032 1166 2085 alienum
1202 2033 1373 2087 fuisse
1412 2035 1736 2089 ostenditur.

208 2159 323 2217 Sed
358 2169 695 2214 revertamur
732 2160 802 2213 ad
835 2161 1016 2230 ipsum
1052 2160 1338 2234 Socratem
1377 2162 1601 2231 eiusque
1639 2164 1772 2217 ima-

65 2232 250 2303 ginem
286 2231 343 2284 in
378 2232 656 2303 Apologia
701 2232 846 2284 vitae
898 2231 1116 2283 veritati
1155 2233 1543 2286 convenienter
1581 2234 1771 2288 adum-⁶

65 2304 274 2356 bratam
322 2310 490 2371 atque
541 2302 875 2372 descriptam
925 2321 1045 2355 esse
1104 2322 1266 2373 porro
1317 2302 1768 2360 demonstremus.

65 2372 330 2427 Ostendit
367 2393 496 2426 vero
536 2374 658 2442 ille,
697 2380 990 2444 postquam
1027 2374 1291 2444 primum,
1332 2374 1465 2444 quid
1503 2376 1559 2427 in
1591 2376 1770 2446 philo-

65 2445 264 2515 sophia
310 2464 420 2498 non
472 2445 673 2516 egerit,
726 2444 1054 2512 declaravit,
1111 2445 1370 2516 deinceps
1418 2446 1767 2516 luculentius,

64 2535 326 2585 quorsum
379 2535 480 2568 sua
527 2515 903 2588 philosophiae
942 2514 1124 2569 studia
1162 2535 1352 2569 revera
1388 2519 1767 2588 pertinuerint,

62 2586 121 2640 id
169 2586 318 2656 quod
369 2587 503 2640 facit
549 2587 677 2640 inde
715 2607 748 2640 a
786 2608 840 2658 p.
883 2589 967 2640 20.
1009 2585 1072 2639 C.
1147 2587 1329 2640 Docet
1366 2588 1508 2641 enim
1549 2589 1768 2659 dehinc,

64 2657 306 2712 studium
341 2677 500 2712 suum
531 2669 794 2729 perpetuo
832 2659 889 2710 in
921 2678 984 2711 eo
1011 2658 1178 2712 fuisse
1203 2660 1463 2729 positum,
1505 2671 1567 2713 ut
1593 2661 1770 2715 scien-

61 2730 170 2782 tiae
207 2729 317 2782 vim
356 2741 412 2782 et
447 2731 713 2783 rationem
749 2730 1086 2800 exquireret,
1126 2729 1358 2799 ideoque
1397 2731 1644 2785 homines
1682 2752 1769 2786 sa-

64 2801 304 2871 pientiae
354 2800 611 2871 opinione
668 2801 889 2854 inflatos
948 2801 1267 2854 inscientiae
1330 2811 1652 2874 coargueret
1714 2812 1770 2858 et

64 2871 443 2936 convinceret3
506 2890 573 2924 ex
635 2892 746 2941 qua
797 2892 855 2925 re
904 2872 1006 2925 sibi
1055 2888 1239 2924 narrat
1288 2873 1552 2943 imprimis
1604 2875 1767 2929 etiam

121 3115 166 3167 ⁶)
196 3115 267 3155 Ex
311 3114 601 3166 scriptoribus
644 3114 888 3165 veteribus,
931 3127 1147 3166 quaenam
1185 3116 1300 3156 inter
1339 3113 1567 3155 Socratem
1608 3121 1651 3155 et
1683 3114 1767 3156 So·

207 3173 376 3224 phistas
409 3172 641 3212 diversitas
671 3172 991 3222 intercesserit,
1024 3179 1196 3225 praeter
1225 3173 1570 3225 Xenophontem
1603 3175 1767 3225 optime

204 3235 525 3283 perspexerunt
565 3229 851 3269 Plutarch.
893 3228 1090 3277 Quaestt.
1132 3231 1247 3271 Plat.
1288 3230 1340 3271 T.
1382 3231 1440 3270 X.
1480 3243 1521 3282 p.
1554 3230 1638 3274 159
1669 3244 1765 3283 sqq.

206 3287 313 3327 Dio
347 3285 780 3338 Chrysostomus
813 3285 933 3330 Orat.
967 3287 1089 3327 LIV.
1122 3289 1337 3329 Maxim.
1375 3287 1498 3339 Tyr.
1532 3286 1654 3329 Orat.
1689 3288 1765 3328 lX.

205 3357 260 3384 ex
302 3345 623 3385 recentioribus
664 3357 715 3384 ea
757 3345 810 3384 de
848 3357 896 3385 re
935 3346 1228 3387 consulendus
1274 3346 1485 3399 imprimis
1526 3352 1592 3386 est
1629 3346 1762 3387 Lim÷

207 3403 343 3454 burg
373 3402 647 3442 Brouwer
679 3402 873 3453 Apolog.
906 3403 1029 3444 Socr.
1061 3416 1103 3454 p.
1141 3403 1198 3447 72
1228 3417 1323 3456 sqq.

133 3473 241 3513 Pnat.
274 3474 383 3526 Opp.
421 3473 513 3514 Vol.
551 3473 580 3513 1.
619 3473 665 3514 Ρ.
702 3473 730 3512 l.
1391 3475 1421 3523 ς2
