2158 3718
91 0 127 10 'M'
147 2 193 21 pq„
204 0 272 16 θ’·ιἮ·
292 0 341 21 ,Ty
356 0 478 15 'skrvzvst

216 31 217 34 ,
255 27 257 29 ·
407 27 410 35 ι

502 0 691 35 ῖῗἯΓῬ
699 0 1401 38 Μ’ΜΡἪἯΨἏἯἾΨΨΨἿἪ(ΨΨΠ
1411 11 1427 34 n
1442 15 1461 34 ιι
1494 30 1501 37 ,

230 137 336 190 194
947 135 1273 181 PLATONIS

227 277 323 330 καὶ
368 274 442 346 μὴ
493 274 846 331 ἀπολωλέναι
882 307 951 316 —
989 273 1226 345 οὐδεμία
1270 274 1379 347 γὰρ
1416 274 1633 347 μηχανὴ
1671 275 1743 330 ἂν
1781 282 1865 348 εἴη
1901 277 2016 349 τὴν

227 360 332 430 μὲν
377 361 561 430 λύραν
607 362 688 414 ἔτι
734 356 878 413 εἶναι
925 359 1312 430 διεῤῥωγυιῶν
1358 364 1473 414 τῶν
1520 361 1743 430 χορδῶν
1781 363 1874 429 καὶ
1909 360 2018 426 τοὶς

227 442 433 515 χορδάς
456 445 817 514 θνητοειδεῖς
853 442 1049 511 ου’σας,
1089 441 1193 513 τὴν
1232 442 1293 499 δὲ
1331 443 1608 515 ἁρμονίαν
1654 443 2007 501 ἀπολωλέναι

172 540 206 582 Β
227 549 332 599 την
367 532 470 583 τοῦ
506 534 691 583 θείου
699 548 769 585 τε
806 529 900 581 καὶ
937 525 1229 582 ἀθανάτου
1256 526 1481 599 ὁμοφυῆ
1519 550 1578 583 τε
1615 530 1707 584 καὶ
1745 530 2006 600 ξυγγενῆ,

228 614 511 684 προτέραν
554 617 657 666 τοῦ
703 600 922 681 θνητοῦ
971 610 1332 714 ἀπολομένην
1375 645 1472 682 —‚
1519 612 1661 667 ἀλλὰ
1709 617 1876 715 φαίη,
1933 613 2018 678 ὥς

230 695 445 767 ἀνάγκη
472 700 554 751 ἔτι
578 715 689 751 που
729 693 874 750 εἶναι
911 694 1089 766 αὐτὴν
1126 695 1229 766 τὴν
1267 696 1561 767 ἁρμονίαν,
1600 699 1694 751 καὶ
1730 699 2013 768 πρότερον

228 780 296 835 τὰ
344 781 485 845 ξύλα
531 801 591 834 τε
638 782 731 834 καὶ
778 779 874 845 τοὶς
928 780 1134 851 χορδάς
1191 783 1714 852 κατασαπήσεσθαι,
1772 786 1908 852 πρίν
1954 803 2008 836 τι

231 867 456 935 ἐκείνην
481 871 713 920 παθεῖν·
756 867 850 920 καὶ
885 863 994 935 γὰρ
1032 867 1159 935 οὐν,
1199 868 1241 920 ὠ
1283 866 1602 935 Σώκρατες,
1641 862 1794 936 οἶμαι
1831 869 2010 935 ἔγωγε
2073 898 2075 902 -
2124 900 2126 902 ν

229 951 323 1004 καὶ
361 948 535 1004 αὐτόν
581 964 645 1004 σε
691 955 858 1004 τοῦτο
909 951 1350 1021 ἐντεθυμῆσθαι,
1391 950 1477 1004 ὅτι
1514 950 1774 1004 τοιοῦτόν
1810 970 1864 1004 τι
1899 951 2008 1020 μά-

343 1114 413 1166 &v
434 1122 540 1178 εἴη]

562 1124 780 1164 Bekkerus
803 1115 866 1166 ἄν
887 1125 1009 1164 uncis
1031 1124 1218 1164 inclusit.
1242 1137 1282 1166 v,
1304 1136 1402 1163 ann.

343 1174 596 1235 ὃμοφυῆ]
621 1180 715 1221 Par.
730 1180 760 1222 C
782 1181 890 1222 Flor.
910 1194 934 1220 a
951 1194 972 1220 c
990 1192 1031 1219 m
1048 1186 1087 1219 et
1109 1193 1216 1222 corr.
1229 1180 1357 1221 Vind.
1372 1179 1410 1221 Φ
1430 1173 1643 1233 ὁμοφυοῖ.
1657 1179 1770 1223 cour.
1793 1191 1892 1223 ann.
1915 1180 2015 1223 crit

229 1239 348 1292 adp.
369 1237 492 1280 891).

342 1295 390 1335 Β.
424 1292 594 1348 φαίη,
618 1286 686 1342 ὡς
708 1285 952 1364 ἀνάγκη]
975 1307 1036 1341 ως
1057 1294 1249 1334 additum
1271 1293 1409 1333 eVat
1432 1292 1527 1332 Par.
1547 1291 1705 1333 CVen.
1729 1291 1778 1332 Π
1805 1292 1911 1332 Flor
1936 1292 2008 1332 cd.

228 1364 284 1392 m.
325 1351 465 1405 Vulgo
488 1348 773 1404 erat:‹p0c1,'·⁷7
800 1342 997 1404 Ἀνάγκη
1022 1345 1090 1392 ἔτι
1110 1362 1267 1391 πουκ.
1291 1363 1331 1391 τ.
1356 1349 1408 1397 λ.,

1463 1361 1542 1389 uae
1561 1349 1753 1389 transitio
1775 1349 1830 1388 ad
1850 1355 2008 1388 rectam

230 1409 466 1449 orationem
486 1407 633 1447 merito
656 1407 886 1474 displicuit.
927 1407 1182 1448 Turicenses
1205 1413 1244 1446 et
1264 1407 1404 1449 Herm
1429 1419 1490 1453 ως
1512 1405 1670 1445 omisso
1693 1405 1746 1445 de
1767 1405 2006 1445 coniectura

228 1464 386 1505 Baiteri
400 1465 673 1529 scripserunt
697 1462 820 1517 φαίη
843 1455 1028 1517 ἀνάγκῃ
1051 1458 1134 1504 ἔτι.

343 1514 490 1572 ξύλα
511 1534 570 1561 τε
591 1534 618 1562 κ
632 1517 720 1573 αί]
751 1520 1000 1577 particulam
1031 1516 1079 1561 τέ
1111 1520 1312 1560 omissam
1334 1518 1461 1570 vulgo
1490 1518 1632 1571 recepi
1654 1530 1707 1558 ex
1727 1518 1822 1560 Vat.
1843 1518 1951 1560 Ven.
1964 1514 2014 1563 ,ιι

227 1578 356 1619 Vind.
383 1577 471 1619 ΤΦ
494 1577 586 1617 Pa1.
609 1577 644 1618 G
666 1578 810 1618 Ambr.
832 1577 942 1619 F101,
965 1577 992 1617 d
1017 1577 1111 1616 Zitt.
1154 1577 1202 1616 In
1223 1576 1341 1616 Bodl.
1365 1587 1414 1616 τε
1436 1575 1784 1638 superscriptum.

343 1627 623 1676 τοιοῦτόν
643 1631 713 1687 τι]
739 1632 809 1674 Sic
831 1633 955 1674 codd.
979 1633 1170 1687 plerique
1191 1644 1337 1673 omnes
1358 1644 1435 1685 pro
1458 1631 1572 1684 vulg
1595 1623 1784 1672 τοιοῦτό
1803 1644 1865 1672 τι.

286 1769 535 1828 οὐδεμία
583 1767 688 1828 γὰρ
737 1767 966 1828 μηχανὴ
1010 1764 1079 1815 ἂν

231 1830 319 1886 εἴη
342 1829 415 1885 -]
458 1831 571 1871 Haec
601 1831 638 1871 si
664 1831 878 1896 peitinent
906 1832 960 1872 ad
982 1843 1077 1871 ora-

227 1889 386 1929 tionem
418 1888 647 1938 obliquam,
677 1901 739 1929 αν
770 1889 919 1931 cumI
943 1887 1074 1927 Bek-

227 1946 357 1985 kero
381 1944 608 1984 delendum
630 1950 707 1986 est.
747 1943 816 1985 Sic
839 1945 952 1983 enim
973 1944 1078 1984 Phi-

228 2002 313 2044 leb.
355 2014 398 2066 p.
432 2002 485 2042 58
508 2003 543 2040 A
584 1991 763 2055 ἤκουον
794 2022 847 2029 -
870 2000 1076 2065 Γοργίου

229 2051 475 2110 πολλάκις,
505 2050 567 2105 ὡς
596 2050 626 2111 ἡ
657 2056 743 2098 τοῦ
774 2057 971 2098 πείθειν
993 2051 1077 2098 δυ’-

230 2128 371 2168 ναμις
399 2106 521 2155 πολὺ
551 2109 797 2179 διαφέρει
806 2112 971 2155 πασῶν
1008 2126 1082 2155 τε·

230 2169 386 2226 χνῶν·
405 2164 564 2211 πάντα
594 2164 683 2224 γὰρ
707 2162 797 2222 ὑφ’
820 2163 943 2225 αὐτῇ
967 2168 1081 2212 δοῦ-

233 2229 292 2269 λα
311 2248 367 2256 -—
386 2229 590 2279 ποιοῖτο,
614 2227 687 2267 ubi
711 2240 749 2269 v.
772 2240 880 2279 quae
901 2233 1081 2267 annota-

231 2285 384 2325 vimus.
449 2283 718 2325 Schaefer.
768 2285 973 2337 Apparat.
1026 2284 1081 2323 ad

230 2340 350 2382 Dem.
379 2342 410 2384 Ι.
443 2353 486 2394 p.
507 2340 604 2383 216.
638 2341 797 2379 Verum
834 2347 879 2381 ut
914 2340 1079 2380 cautius

232 2397 285 2438 de
313 2397 393 2437 hac
422 2409 470 2437 re
499 2402 758 2445 statuamus,
796 2397 919 2440 codd
952 2409 1079 2436 manu

232 2454 487 2507 scriptorum
508 2465 744 2494 consensus
767 2454 932 2494 suadet.
972 2452 1081 2494 Sua-

233 2510 335 2550 dent
357 2511 483 2550 etiam
506 2510 618 2574 talia,
638 2510 778 2561 qualia
799 2510 1023 2574 leguntur
1014 2522 1081 2548 ln-

230 2566 295 2606 fra
334 2579 376 2619 p.
398 2566 507 2607 87Ε
547 2558 814 2633 ἀναγκαιον
835 2558 985 2630 μέντ’
1022 2557 1081 2608 ‹322›

234 2621 307 2688 εἴη
347 2644 404 2651 —-
434 2619 721 2690 προτέραν
749 2614 1079 2663 ἀπόλλυσθαι·

233 2671 532 2744 ἀπολομένης
574 2677 627 2719 δε
665 2676 749 2742 τῆς
782 2676 943 2742 ψυχῆς
980 2671 1078 2718 τότ’

242 2726 328 2787 ”ὃη
371 2730 459 2787 τὴν
499 2727 647 2786 φύσιν
695 2734 779 2787 τῆς
819 2727 1081 2781 ἀσθενείας

257 2783 534 2832 πιὸεικνύοι
575 2787 627 2830 τὸ
666 2789 815 2843 σῶμα.
864 2790 923 2830 De
944 2789 1075 2853 Legg

234 2848 306 2889 IV
331 2860 373 2900 p.
399 2847 480 2888 719
502 2847 535 2886 B
564 2846 741 2912 σμικρῷ
772 2839 834 2899 δὴ
867 2838 1080 2911 πρόσθεν

232 2890 327 2970 ἀρα
348 2894 436 2944 οὐκ
456 2894 728 2967 ἧκονσαμεν
744 2913 829 2942 σου
847 2898 1078 2955 λέγοντος,

233 2954 297 3007 ὡς
335 2951 418 3000 τὸν
457 2955 727 3027 νομοθέτην
769 2951 825 2999 οὗ
867 2956 947 2999 δεῖ
976 2961 1082 3021 τοῖς

233 3018 458 3085 nqmwtg
486 3008 772 3079 ἐπιτρέπειν
787 3018 944 3055 ποιεῖν
972 3004 998 3055 ὃ
1021 3007 1082 3056 ἂν

237 3075 403 3119 αυτοῖς
407 3086 448 3138 ‚H
460 3070 632 3140 φίλον;
651 3083 707 3112 ον
718 3063 808 3125 γὰρ
828 3060 887 3112 ἀν
906 3067 1081 3112 εἰδεῖεν

236 3129 287 3171 τί
310 3120 419 3169 ποτ’
451 3121 671 3170 ε’ναντίον
701 3130 799 3174 τοῖς
832 3121 998 3191 νόμοις
1021 3117 1082 3168 ἀν

238 3181 455 3239 λέγοντες
494 3177 749 3239 βλάπτοιεν
790 3178 877 3236 τὴν
925 3180 1081 3224 πόλιν.

235 3241 444 3283 Videlicet
472 3241 617 3281 talium
647 3241 837 3281 locorum
873 3241 1082 3280 sententia

237 3306 303 3339 est
331 3291 634 3349 ὑποθετικῶς
661 3296 919 3350 accipienda,
951 3297 1009 3336 ita
1040 3303 1085 3335 ut

235 3355 375 3395 locum
405 3354 561 3394 habere
589 3359 757 3408 putetur
784 3360 921 3392 rectae
955 3359 1084 3402 atque

239 3410 438 3462 obliquae
480 3410 682 3452 orationis
729 3416 941 3460 tamquam
984 3422 1082 3463 per-

235 3468 384 3509 mixtio
415 3468 643 3520 quaedam,
676 3479 802 3522 quam
834 3479 910 3506 nec
942 3466 1084 3506 Plato-

1165 1786 1263 1813 nem
1301 1772 1513 1826 refugisse
1554 1771 1802 1812 certissimis
1843 1775 2014 1811 constat

1162 1830 1223 1870 rei
1264 1829 1491 1883 exemplis,
1535 1828 1676 1879 qualia
1715 1828 1757 1867 in
1797 1826 1876 1867 hoc
1917 1827 2012 1880 ipso

1162 1886 1267 1927 libro
1287 1893 1457 1927 exstant
1483 1885 1715 1938 complura,
1745 1892 1791 1924 ut
1816 1896 1859 1937 p.
1883 1884 1937 1924 95
1958 1883 2013 1925 D

1163 1944 1217 1984 87
1238 1943 1286 1985 Ε.
1307 1956 1350 1997 p.
1371 1941 1494 1985 9013.
1519 1954 1560 1984 v.
1586 1942 1710 1981 etiam
1732 1941 1786 1980 ad
1808 1939 2008 1993 Sympos.
2026 1972 2032 1981 .

1162 2013 1204 2054 p.
1234 2001 1317 2041 210
1339 2001 1389 2041 Β.
1437 1998 1640 2047 Quocirca
1668 1996 1709 2040 h.
1735 1997 1763 2040 1.
1809 1995 2008 2036 Simmias

1163 2056 1473 2097 existimandus
1510 2062 1574 2094 est
1608 2055 1758 2094 verba:
1800 2045 2012 2106 οὐδεμία

1166 2106 1270 2183 χάρ
1297 2105 1486 2167 μηχανὴ
1529 2124 1589 2152 αν
1630 2108 1702 2164 εἴη
1732 2131 1787 2138 —
1815 2108 1928 2162 πρίν
1966 2122 2014 2150 τι

1169 2168 1358 2223 εκείνην
1397 2168 1581 2209 παθεῖν
1624 2179 1700 2220 per
1736 2165 2011 2219 parenthesin

1169 2227 1220 2266 de
1242 2239 1319 2266 suo
1341 2225 1546 2275 adiice1e‚
1570 2235 1653 2275 quo
1675 2222 1883 2263 sententia
1904 2222 2011 2262 alte-

1167 2283 1255 2323 rius
1310 2282 1463 2322 clarius
1511 2280 1756 2322 illustretur.
1819 2277 2013 2320 Ceterum

1169 2338 1468 2404 Stephanus
1491 2350 1564 2377 cur
1584 2348 1659 2390 pro
1681 2331 1770 2389 γάρ
1793 2335 2014 2375 desidera-

1167 2396 1275 2435 verit
1296 2407 1363 2461 γε,
1394 2406 1567 2435 causam
1599 2393 1756 2433 nullam
1777 2391 1987 2433 videmus.

1223 2452 1269 2493 B.
1308 2444 1449 2492 ἀλλά
1479 2448 1647 2504 φαίη,
1686 2442 1755 2496 ὡς
1785 2439 2011 2513 ἀνάγκη

1167 2506 1242 2562 -]
1266 2508 1481 2549 Liberiore
1498 2516 1601 2547 usus
1619 2513 1682 2547 est
1702 2505 1902 2546 orationis
1923 2503 2012 2545 for-

1168 2577 1249 2605 ma.
1292 2564 1398 2604 Nam
1426 2556 1548 2605 ἀλλά
1577 2563 1727 2602 dicitur
1746 2561 1867 2623 quasi
1887 2571 2009 2624 p-rae

1168 2622 1371 2661 cessisset
1401 2618 1451 2660 sl'
1471 2633 1543 2666 τις
1571 2611 1763 2670 ἀρνοίτο
1797 2608 1863 2669 μή
1895 2607 2013 2657 ἀπο-

1169 2671 1384 2717 λωλέναι.
1415 2675 1579 2715 Etenim
1602 2675 1704 2714 haec
1727 2685 1895 2724 quoque
1916 2685 2011 2712 cum

1170 2731 1217 2772 εἴ
1252 2746 1322 2779 τις
1362 2731 1603 2772 cohaerent.
1683 2730 1886 2778 Quocirca
1926 2741 2009 2769 uon

1169 2800 1277 2841 opus
1314 2796 1378 2828 est
1413 2788 1655 2827 coniectura
1684 2785 2013 2838 Heindorfii‚

1168 2845 1239 2911 qui
1277 2857 1329 2884 ex
1369 2844 1578 2909 scriptura
1617 2843 1708 2885 cod.
1749 2842 2013 2894 Augustani:

1168 2893 1287 2941 ἀλλά
1319 2899 1443 2954 φαίη
1467 2891 1528 2941 ἄν
1548 2913 1637 2952 τις,
1665 2894 1735 2940 ἔτι
1762 2912 1855 2939 που
1887 2892 2011 2939 εἶναι

1169 2958 1276 2997 eruit
1304 2957 1411 2996 hanc
1448 2956 1695 2997 lectionem:
1726 2948 1862 3008 ἀλλά,
1885 2954 2011 3009 φαίη

1168 3005 1228 3054 ἄν
1269 3027 1355 3065 τις,
1387 3005 1572 3067 ἀνάγκη
1603 3008 1672 3054 ἐτι
1701 3025 1820 3064 που,
1853 3019 1898 3051 ut
1928 3011 2011 3051 iam

1167 3070 1263 3110 hinc
1305 3070 1527 3110 deflectere
1567 3069 1740 3121 incipiat
1780 3080 1918 3109 sermo
1957 3068 2011 3108 ab

1168 3127 1363 3167 instituta
1382 3127 1544 3166 ratione
1572 3126 1840 3188 liberiusque
1849 3124 2008 3189 vagari,

1170 3184 1302 3224 donec
1330 3183 1437 3223 infia
1465 3183 1564 3223 inde
1594 3194 1620 3221 a
1646 3182 1786 3222 verbis
1814 3194 1903 3234 ορα
1924 3170 2011 3221 οὖν

1168 3241 1211 3279 in
1235 3240 1422 3280 ordinem
1446 3239 1568 3291 quasi
1588 3246 1819 3280 revocetur.

1227 3294 1399 3337 τοῦτο
1422 3289 1893 3347 ἐντεθυμῆσθαι]
1917 3291 2012 3335 h.e.

1168 3359 1338 3392 tecum
1377 3359 1687 3405 reputasse,
1738 3351 1809 3389 ita
1859 3358 1910 3390 ut
1961 3350 2011 3389 in

1169 3410 1337 3450 animo
1367 3418 1454 3449 tuo
1485 3408 1634 3459 quasi
1662 3406 1895 3447 resideat
1916 3405 2010 3445 hu-

1170 3466 1252 3507 ius
1287 3467 1359 3506 rei
1397 3464 1669 3517 cogitatio.
1710 3462 1831 3511 Quod
1859 3473 2010 3503 moneo

2152 1238 2158 1262 .-
2138 768 2158 1204 *A-m.>.,-,-.-..m1¹-·'..'.-.‹=2.'i
2151 704 2154 719 ›—
