2158 3718
632 3 634 10 ·
666 3 671 15 ι
783 0 791 15 '3
847 0 869 20 Τ,
907 3 915 20 ἲ
927 0 1012 20 ἤέἾιῬ
1035 0 1094 24 Ἵῑζ(
1104 0 1150 19 u
1157 0 1194 19 {2¹2
1210 0 1265 21 ’“’”’,““
1277 0 1299 19 ι”,ἕ
1316 3 1320 5 *
1331 0 1601 26 ssf‘rss'fflsssffssffi'JIJF-‘t‘
1601 0 1625 23 R
1628 0 1759 29 ὶῗᾞ(ἣ
1752 0 1848 33 ’ξΞᾹὲΓ

748 21 763 33 ,
875 20 877 24 ‹
918 27 920 31 ,
1040 29 1041 33 ,
1074 35 1078 37 -
1119 22 1141 36 ,a
1264 27 1283 36 ...
1310 27 1320 43 ¹-
1375 30 1380 34 .
1426 33 1452 46 3·
1527 22 1571 42 ν’,Ἡ
1610 21 1654 38 'w-
1675 21 1703 45 ,2¹
1721 24 1791 46 ‹su—⁷1,
1814 19 1889 47 35¹⁴*
1947 38 1952 44 ,

1578 50 1583 57 >
1625 47 1630 54 f
1650 47 1652 49 ,
1823 56 1826 58 η
1839 46 1869 58 h„
1894 46 1895 50 ,

304 148 372 200 36
910 147 1402 192 PROLEGOMENA

307 291 516 340 efficitur
544 305 679 346 eum,
720 292 803 354 qui
831 305 920 355 per
947 296 1096 340 totam
1124 292 1271 340 vitam
1297 292 1349 339 in
1373 291 1546 340 mortis
1583 289 1897 340 meditatione
1924 303 2084 340 versa-

304 367 383 412 tus
408 363 492 418 sit,
531 367 740 410 mortem
779 362 1260 426 appropinquantem
1297 377 1395 410 non
1430 361 1575 410 modo
1603 375 1699 410 non
1726 360 1958 417 horrere,
1996 359 2084 408 sed

309 433 453 483 etiam
479 432 661 482 laetum
691 438 994 496 exspectare.
1048 431 1175 490 Quin
1204 434 1347 481 etiam
1375 431 1590 495 intellegi
1627 431 1740 480 inde
1766 446 1912 495 posse
1939 430 2084 480 doce-

307 509 387 552 tur
423 519 559 560 eum,
603 504 684 567 qui
721 517 820 551 non
859 517 1015 566 aequo
1048 502 1412 567 tranquilloque
1449 504 1611 552 animo
1647 509 1858 551 mortem
1895 500 2082 557 subeat,

306 573 588 638 philosophi
616 573 816 623 nomine
843 587 951 622 esse
985 572 1266 637 indignum;
1306 589 1416 623 eum
1444 588 1585 630 vem,
1625 574 1706 637 qui
1740 572 1824 622 tali
1848 578 2012 621 mente
2039 577 2088 620 et

307 645 469 693 animo
507 644 759 710 praeditus
794 645 876 700 sit,
916 644 1060 693 etiam
1097 658 1267 692 verum
1313 660 1368 694 ac
1413 659 1703 708 germanum
1749 658 1854 693 esse
1899 642 2087 690 virtutis

309 714 571 771 cultorem,
614 715 695 779 qui
730 716 957 763 virtutem
999 715 1069 763 ita
1106 721 1357 776 exerceat,
1395 720 1448 763 ut
1473 716 1629 778 ipsam
1655 715 1832 779 spretis
1859 711 2088 762 omnibus

309 785 653 835 emolumentis
698 792 744 835 et
788 784 1173 835 iucunditatibus
1215 801 1305 849 pro
1352 786 1499 834 animi
1543 786 1832 848 purgatione
1878 783 2089 848 quadam

307 856 511 912 habeat,
543 871 636 920 qua
665 856 724 906 ad
751 857 878 905 vitae
904 855 1076 905 beatae
1104 854 1217 917 olim
1255 861 1366 920 post
1401 861 1611 905 mortem
1639 856 1833 904 futurae
1861 855 2088 903 idoneam

308 928 737 991 participationem
762 928 1064 976 instituatur.

449 998 583 1047 Haec
620 998 767 1060 igitur
804 1013 993 1046 summa
1030 1003 1102 1047 est
1137 997 1479 1062 disputationis
1505 996 1614 1046 loco
1640 998 1757 1046 satis
1782 992 2091 1045 memorabili

310 1069 644 1132 copiosissime
678 1074 1033 1134 pertractatae,
1073 1082 1282 1132 quacum
1321 1068 1628 1117 contendisse
1666 1082 1763 1116 non
1800 1066 1971 1115 inutile
1999 1066 2092 1114 erit

311 1139 694 1203 descriptionem
724 1140 955 1203 sapientis
983 1155 1040 1188 ex
1067 1139 1211 1188 huius
1238 1141 1362 1188 vitae
1388 1138 1607 1188 tenebris
1635 1138 1695 1186 ad
1722 1136 2089 1186 similitudinem

311 1224 421 1258 cum
460 1210 552 1259 deo
581 1210 786 1259 eluctari
822 1211 1099 1274 gestientis,
1138 1225 1262 1274 quae
1300 1209 1480 1272 legitur
1514 1210 1563 1257 in
1590 1209 1856 1258 Theaeteto
1873 1205 1923 1273 ¹).
1973 1206 2092 1255 Inde

309 1295 426 1329 vero
463 1280 599 1329 nullo
636 1282 833 1344 negotio
860 1281 1188 1344 perspicietur
1216 1281 1334 1328 scite
1362 1285 1506 1344 atque
1535 1279 1785 1344 eleganter
1812 1278 1891 1327 hic
1915 1277 2091 1327 transi-

310 1356 415 1400 tum
459 1351 519 1400 ad
564 1350 943 1400 immortalitatis
989 1350 1322 1415 quaestionem
1359 1351 1425 1399 ita
1463 1352 1644 1399 factum
1682 1365 1813 1406 esse,
1859 1355 1913 1398 ut
1949 1346 2093 1396 simul

310 1427 562 1486 tamquam
590 1423 841 1485 praevium
872 1422 1117 1485 quoddam
1146 1422 1249 1471 eius
1279 1428 1622 1484 argumentum
1650 1426 1898 1470 ostensum
1928 1420 1990 1468 sit
2016 1433 2092 1476 e0,

313 1492 445 1557 quod
481 1507 620 1556 spem
658 1492 849 1542 futurae
888 1492 1135 1542 beatitatis
1169 1492 1229 1540 ad
1265 1491 1623 1556 philosophiam
1662 1492 1860 1540 nomine
1897 1505 1985 1540 suo
2021 1489 2092 1538 di-

312 1577 459 1627 gnam
494 1564 661 1627 utique
697 1564 975 1612 necessario
1011 1563 1201 1626 requiri
1245 1563 1635 1611 demonstratum
1664 1568 1750 1611 cst.
1804 1560 2095 1626 Comparata

315 1639 477 1683 autem
506 1635 666 1682 omnia
695 1640 808 1683 sunt
835 1635 893 1683 ad
923 1635 1260 1697 quaestionem
1288 1633 1401 1682 libri
1427 1634 1737 1697 primariam,
1778 1647 1901 1696 quae
1928 1633 1977 1679 in
2004 1632 2094 1680 im-

312 1703 609 1753 mortalitate
645 1706 921 1754 animorum
960 1705 1294 1752 confirmanda
1322 1711 1559 1760 versatur,
1599 1702 1994 1768 quandoquidem
2020 1700 2096 1751 vel

314 1777 441 1824 viam
468 1776 526 1824 ad
554 1774 686 1824 illam
715 1777 942 1824 muniunt
967 1775 1040 1823 vel
1070 1781 1298 1839 quantam
1327 1777 1419 1824 vim
1458 1790 1570 1839 spes
1608 1772 1982 1823 immortalitatis
2008 1773 2093 1822 ha-

311 1845 426 1894 heat
470 1847 528 1894 ad
575 1848 719 1895 vitam
765 1847 1012 1910 sapienter
1054 1846 1357 1910 honesteque
1396 1846 1667 1908 degendam
1711 1843 2096 1894 luculentissime

314 1915 631 1981 patefaciunt.

459 1987 555 2036 [am
594 2003 711 2037 vero
748 1988 823 2035 his
859 1988 922 2036 ita
961 1988 1216 2052 disputatis
1253 1988 1449 2037 tandem
1489 1989 1548 2037 ad
1586 1986 1976 2037 dialecticam
2002 1987 2097 2036 rei

314 2058 845 2121 disceptationem
894 2058 1239 2122 perducimur,
1292 2059 1685 2124 quandoquidem
1727 2058 1903 2108 deinde
1950 2058 2095 2107 etiam

315 2129 495 2178 clarius
523 2129 893 2194 evidentiusque
922 2129 1214 2188 edocemur,
1255 2131 1490 2193 quidnam
1526 2129 1643 2178 illud
1672 2130 1755 2187 sit,
1798 2129 1858 2178 de
1884 2142 1982 2192 quo
2009 2143 2095 2192 po-

312 2200 557 2249 tissimum
584 2205 770 2264 agatur,
793 2201 1046 2264 proposita
1074 2202 1219 2250 etiam
1242 2202 1390 2249 animi
1412 2198 1787 2250 immortalitatis
1814 2200 2097 2249 definitione

314 2271 527 2320 maxime
554 2272 840 2335 perspicua,
869 2276 923 2319 ut
949 2270 1090 2320 facile
1126 2278 1361 2336 appareat
1397 2271 1649 2320 Platonem
1679 2271 1757 2320 hic
1785 2270 2096 2335 diligentissi-

314 2357 394 2391 me
422 2341 686 2391 observare
714 2342 841 2406 quod
871 2343 975 2405 ipse
1002 2343 1050 2390 in
1079 2342 1305 2392 Phaedro
1331 2344 1606 2406 praecepit,
1637 2357 1832 2391 omnem
1860 2342 2097 2406 cuiusque

315 2414 389 2460 rei
407 2412 790 2476 disputationem
818 2413 1167 2462 exordiendam
1192 2429 1298 2462 esse
1315 2429 1341 2462 a
1365 2413 1645 2462 definitione
1673 2414 1778 2462 eius
1802 2414 1890 2472 rei,
1915 2413 1974 2461 de
2001 2426 2098 2476 qua

316 2498 479 2531 sermo
508 2483 701 2532 futurus
729 2486 806 2533 sit.
861 2483 1016 2533 Cebes
1052 2486 1180 2533 enim
1215 2491 1534 2548 posteaquam
1564 2484 1781 2534 Socratis
1807 2483 2095 2544 sententiam

318 2555 530 2618 accepit,
558 2555 662 2617 ipse
691 2569 887 2619 quoque
915 2570 1021 2603 eam
1049 2557 1332 2604 assensione
1359 2570 1445 2604 sua
1474 2554 1784 2618 comprobat,
1822 2554 1907 2603 sed
1935 2559 2097 2602 tamen

315 2625 381 2672 ita
418 2625 733 2687 comprobat,
771 2631 824 2673 ut
861 2625 1004 2673 etiam
1041 2626 1477 2674 demonstrandum
1518 2640 1622 2674 esse
1659 2626 1924 2675 arbitretur
1966 2624 2098 2673 ani-

316 2709 471 2742 mum
516 2700 658 2756 post
702 2701 956 2743 mortem
1003 2710 1245 2758 quoque
1290 2711 1538 2745 manere
1587 2696 1995 2759 superstitem
2042 2701 2098 2744 et

317 2778 514 2826 usque
548 2765 600 2812 vi
636 2764 817 2813 vitali
854 2770 1036 2828 atque
1074 2765 1512 2830 intellegentia
1543 2766 1633 2831 (sui
1660 2767 1958 2816 conscientia
1986 2781 2096 2814 cum

318 2835 597 2896 cognitione
624 2835 898 2899 coniuncta)
935 2836 1285 2898 praeditum
1323 2852 1472 2886 esse.
1524 2836 1627 2895 Qua
1655 2837 1936 2887 definitione
1964 2843 2097 2886 certe

317 2903 438 2952 nihil
476 2910 637 2967 potest
665 2919 771 2953 esse
798 2904 1108 2955 luculentius.
1161 2907 1410 2956 Iudicatur
1437 2908 1566 2956 enim
1594 2909 1868 2957 animorum
1894 2909 2096 2957 immor-

320 2973 479 3024 talitas
505 2990 604 3023 non
629 2976 679 3023 in
708 2991 765 3024 eo
794 2982 980 3024 tantum
1003 2979 1158 3040 posita
1188 2993 1309 3034 esse,
1338 2985 1390 3027 ut
1416 2981 1693 3028 animorum
1721 2981 1791 3028 vis
1819 2977 1971 3028 vitalis
1998 2993 2097 3027 non

321 3047 684 3110 exstinguatur,
714 3047 1130 3109 quemadmodum
1157 3050 1206 3096 in
1235 3049 1550 3113 adspectabili
1577 3066 1746 3099 rerum
1774 3055 1948 3099 natura
1975 3047 2096 3098 nihil

320 3117 583 3180 quidquam
611 3118 807 3180 penitus
833 3119 1021 3174 interit,
1052 3119 1135 3167 sed
1164 3121 1324 3168 omnia
1353 3122 1689 3170 tantummodo
1718 3127 1980 3178 mutantur,
2010 3119 2096 3169 sed

317 3190 483 3249 potius
519 3189 568 3236 in
605 3204 661 3237 eo
701 3189 944 3237 contineri
971 3199 1223 3247 censetur,
1263 3197 1315 3239 ut
1342 3193 1487 3240 animi
1515 3193 1564 3240 in
1591 3193 1947 3256 sempiternum
1974 3198 2094 3240 tem-

320 3272 414 3321 pus
440 3259 635 3322 vigeant
670 3274 827 3324 usque
862 3261 1058 3323 propria
1096 3262 1140 3309 vi
1166 3277 1251 3310 sua
1280 3269 1425 3327 atque
1453 3260 1725 3330 φρονήσει
1751 3263 1798 3312 h.
1828 3279 1866 3316 e.
1894 3263 2095 3312 scientia

321 3333 368 3377 et
406 3328 739 3391 intellegentia
777 3330 867 3395 <sui
902 3330 1116 3397 scientia)
1153 3333 1376 3395 praediti.
1453 3334 1605 3393 Quam
1643 3334 1838 3399 quidem
1881 3333 2096 3383 Platonis

438 3484 478 3540 1)
513 3486 707 3530 Theaet.
741 3501 783 3541 p.
821 3489 900 3528 176
924 3489 958 3528 B
992 3502 1058 3539 sq.
1092 3489 1273 3543 Proleg.
1310 3490 1363 3531 ad
1397 3491 1577 3533 Phileb.
1608 3506 1652 3545 p.
1684 3490 1847 3535 ΧΧΙΧ,
