<?xml version="1.0" encoding="UTF-8"?>
<!DOCTYPE html PUBLIC "-//W3C//DTD XHTML 1.0 Transitional//EN"
    "http://www.w3.org/TR/xhtml1/DTD/xhtml1-transitional.dtd">
<html xmlns="http://www.w3.org/1999/xhtml" xml:lang="en" lang="en">
 <head>
  <title>
</title>
<meta http-equiv="Content-Type" content="text/html;charset=utf-8" />
  <meta name='ocr-system' content='tesseract 3.04.00' />
  <meta name='ocr-capabilities' content='ocr_page ocr_carea ocr_par ocr_line ocrx_word'/>
</head>
<body>
  <div class='ocr_page' id='page_1' title='image "./operaomniarecens01platuoft/operaomniarecens01platuoft_0586.png"; bbox 0 0 2158 3718; ppageno 0'>
   <div class='ocr_carea' id='block_1_1' title="bbox 1950 0 2158 53">
    <p class='ocr_par' dir='ltr' id='par_1_1' title="bbox 1950 0 2158 53">
     <span class='ocr_line' id='line_1_1' title="bbox 1950 0 2158 53; baseline 0 3665"><span class='ocrx_word' id='word_1_1' title='bbox 1950 0 2158 53; x_wconf 95' lang='lat' dir='ltr'><strong><em> </em></strong></span> 
     </span>
    </p>
   </div>
   <div class='ocr_carea' id='block_1_2' title="bbox 281 85 1328 151">
    <p class='ocr_par' dir='ltr' id='par_1_2' title="bbox 281 85 1328 151">
     <span class='ocr_line' id='line_1_2' title="bbox 281 85 1328 151; baseline -0.002 -2"><span class='ocrx_word' id='word_1_2' title='bbox 281 96 390 151; x_wconf 85' lang='lat'><strong><em>250</em></strong></span> <span class='ocrx_word' id='word_1_3' title='bbox 964 85 971 93; x_wconf 82' lang='grc'><em>’</em></span> <span class='ocrx_word' id='word_1_4' title='bbox 1004 100 1328 147; x_wconf 75' lang='lat' dir='ltr'>PLA&#39;roms</span> 
     </span>
    </p>
   </div>
   <div class='ocr_carea' id='block_1_3' title="bbox 208 233 2084 1507">
    <p class='ocr_par' dir='ltr' id='par_1_3' title="bbox 208 233 2084 1507">
     <span class='ocr_line' id='line_1_3' title="bbox 283 233 2065 319; baseline 0.007 -27"><span class='ocrx_word' id='word_1_5' title='bbox 283 242 459 293; x_wconf 81' lang='grc' dir='ltr'><strong><em>ταῦτα</em></strong></span> <span class='ocrx_word' id='word_1_6' title='bbox 503 237 652 294; x_wconf 79' lang='grc' dir='ltr'><strong><em>οὕτω</em></strong></span> <span class='ocrx_word' id='word_1_7' title='bbox 699 241 905 309; x_wconf 82' lang='grc' dir='ltr'><strong><em>λέγεις,</em></strong></span> <span class='ocrx_word' id='word_1_8' title='bbox 946 233 1037 310; x_wconf 74' lang='grc' dir='ltr'><strong><em>ἆρ’</em></strong></span> <span class='ocrx_word' id='word_1_9' title='bbox 1078 239 1209 310; x_wconf 82' lang='grc' dir='ltr'><strong><em>οὐχ,</em></strong></span> <span class='ocrx_word' id='word_1_10' title='bbox 1259 240 1396 298; x_wconf 81' lang='grc' dir='ltr'><strong><em>ὅταν</em></strong></span> <span class='ocrx_word' id='word_1_11' title='bbox 1434 249 1684 316; x_wconf 81' lang='grc' dir='ltr'><strong><em>Σιμμίαν</em></strong></span> <span class='ocrx_word' id='word_1_12' title='bbox 1722 247 2065 319; x_wconf 76' lang='grc' dir='ltr'><strong><em>Σωκράτους</em></strong></span> 
     </span>
     <span class='ocr_line' id='line_1_4' title="bbox 283 320 2064 400; baseline 0.006 -22"><span class='ocrx_word' id='word_1_13' title='bbox 283 327 395 396; x_wconf 84' lang='grc' dir='ltr'><strong><em>φῇς</em></strong></span> <span class='ocrx_word' id='word_1_14' title='bbox 429 327 592 394; x_wconf 82' lang='grc' dir='ltr'><em>μείζω</em></span> <span class='ocrx_word' id='word_1_15' title='bbox 632 320 795 395; x_wconf 81' lang='grc' dir='ltr'><strong><em>εἶναι,</em></strong></span> <span class='ocrx_word' id='word_1_16' title='bbox 835 326 1131 389; x_wconf 79' lang='grc' dir='ltr'><em>Φαίδωνος</em></span> <span class='ocrx_word' id='word_1_17' title='bbox 1169 326 1231 381; x_wconf 79' lang='grc' dir='ltr'><strong><em>δὲ</em></strong></span> <span class='ocrx_word' id='word_1_18' title='bbox 1270 328 1508 400; x_wconf 81' lang='grc' dir='ltr'><strong><em>ἐλάττω,</em></strong></span> <span class='ocrx_word' id='word_1_19' title='bbox 1547 332 1727 400; x_wconf 85' lang='grc' dir='ltr'><strong><em>λέγεις</em></strong></span> <span class='ocrx_word' id='word_1_20' title='bbox 1762 329 1879 387; x_wconf 89' lang='grc' dir='ltr'><strong><em>τότ’</em></strong></span> <span class='ocrx_word' id='word_1_21' title='bbox 1919 329 2064 388; x_wconf 81' lang='grc' dir='ltr'><strong><em>εἶναι</em></strong></span> 
     </span>
     <span class='ocr_line' id='line_1_5' title="bbox 283 408 2061 488; baseline 0.006 -26"><span class='ocrx_word' id='word_1_22' title='bbox 283 408 349 462; x_wconf 82' lang='grc' dir='ltr'><strong><em>ἐν</em></strong></span> <span class='ocrx_word' id='word_1_23' title='bbox 393 412 470 480; x_wconf 76' lang='grc' dir='ltr'><strong><em>τῷ</em></strong></span> <span class='ocrx_word' id='word_1_24' title='bbox 509 412 722 482; x_wconf 79' lang='grc' dir='ltr'><strong><em>Σιμμία</em></strong></span> <span class='ocrx_word' id='word_1_25' title='bbox 768 408 1086 479; x_wconf 77' lang='grc' dir='ltr'><strong><em>ἀμφότερα,</em></strong></span> <span class='ocrx_word' id='word_1_26' title='bbox 1135 411 1230 464; x_wconf 84' lang='grc' dir='ltr'><strong><em>καὶ</em></strong></span> <span class='ocrx_word' id='word_1_27' title='bbox 1273 414 1511 482; x_wconf 88' lang='grc' dir='ltr'><strong><em>μέγεθος</em></strong></span> <span class='ocrx_word' id='word_1_28' title='bbox 1556 418 1650 469; x_wconf 84' lang='grc' dir='ltr'><strong><em>καὶ</em></strong></span> <span class='ocrx_word' id='word_1_29' title='bbox 1695 418 2061 488; x_wconf 83' lang='grc' dir='ltr'><strong><em>σμικρότητα;</em></strong></span> 
     </span>
     <span class='ocr_line' id='line_1_6' title="bbox 261 488 2062 574; baseline 0.006 -27"><span class='ocrx_word' id='word_1_30' title='bbox 261 492 497 563; x_wconf 82' lang='grc' dir='ltr'><strong><em>”Εγωγε.</em></strong></span> <span class='ocrx_word' id='word_1_31' title='bbox 569 493 733 549; x_wconf 75' lang='grc' dir='ltr'><strong><em>Ἀλλά</em></strong></span> <span class='ocrx_word' id='word_1_32' title='bbox 768 495 906 565; x_wconf 80' lang='grc' dir='ltr'><strong><em>γάρ,</em></strong></span> <span class='ocrx_word' id='word_1_33' title='bbox 945 488 982 564; x_wconf 76' lang='grc' dir='ltr'><strong><em>ἦ</em></strong></span> <span class='ocrx_word' id='word_1_34' title='bbox 1019 493 1074 547; x_wconf 85' lang='grc' dir='ltr'><strong><em>δ’</em></strong></span> <span class='ocrx_word' id='word_1_35' title='bbox 1114 494 1204 564; x_wconf 78' lang='grc' dir='ltr'><strong><em>ὅς,</em></strong></span> <span class='ocrx_word' id='word_1_36' title='bbox 1243 495 1538 568; x_wconf 78' lang='grc' dir='ltr'><em>ὁμολογεῖς</em></span> <span class='ocrx_word' id='word_1_37' title='bbox 1573 498 1635 555; x_wconf 85' lang='grc' dir='ltr'><strong><em>τὸ</em></strong></span> <span class='ocrx_word' id='word_1_38' title='bbox 1673 501 1773 555; x_wconf 87' lang='grc' dir='ltr'><strong><em>τὸν</em></strong></span> <span class='ocrx_word' id='word_1_39' title='bbox 1811 506 2062 574; x_wconf 85' lang='grc' dir='ltr'><strong><em>Σιμμίαν</em></strong></span> 
     </span>
     <span class='ocr_line' id='line_1_7' title="bbox 280 575 2084 658; baseline 0.005 -24"><span class='ocrx_word' id='word_1_40' title='bbox 280 577 577 651; x_wconf 76' lang='grc' dir='ltr'><strong><em>ὑπερέχειν</em></strong></span> <span class='ocrx_word' id='word_1_41' title='bbox 615 580 959 651; x_wconf 78' lang='grc' dir='ltr'><strong><em>Σωκράτους</em></strong></span> <span class='ocrx_word' id='word_1_42' title='bbox 995 577 1125 650; x_wconf 79' lang='grc' dir='ltr'><strong><em>οὐχ,</em></strong></span> <span class='ocrx_word' id='word_1_43' title='bbox 1165 575 1242 644; x_wconf 69' lang='grc' dir='ltr'><strong><em>ὥς</em></strong></span> <span class='ocrx_word' id='word_1_44' title='bbox 1277 592 1394 646; x_wconf 81' lang='grc' dir='ltr'><strong><em>τοῖς</em></strong></span> <span class='ocrx_word' id='word_1_45' title='bbox 1430 585 1636 655; x_wconf 79' lang='grc' dir='ltr'><strong><em>ῥήμασι</em></strong></span> <span class='ocrx_word' id='word_1_46' title='bbox 1673 588 1920 658; x_wconf 83' lang='grc' dir='ltr'><strong><em>λέγεται,</em></strong></span> <span class='ocrx_word' id='word_1_47' title='bbox 1959 587 2084 642; x_wconf 60' lang='grc' dir='ltr'><strong><em>οῧ-’</em></strong></span> 
     </span>
     <span class='ocr_line' id='line_1_8' title="bbox 279 662 2071 744; baseline 0.006 -26"><span class='ocrx_word' id='word_1_48' title='bbox 279 685 355 719; x_wconf 91' lang='grc' dir='ltr'><strong><em>τω</em></strong></span> <span class='ocrx_word' id='word_1_49' title='bbox 393 666 487 720; x_wconf 85' lang='grc' dir='ltr'><strong><em>καὶ</em></strong></span> <span class='ocrx_word' id='word_1_50' title='bbox 523 662 586 719; x_wconf 89' lang='grc' dir='ltr'><strong><em>τὸ</em></strong></span> <span class='ocrx_word' id='word_1_51' title='bbox 624 663 832 735; x_wconf 78' lang='grc' dir='ltr'><strong><em>ἀληθὲς</em></strong></span> <span class='ocrx_word' id='word_1_52' title='bbox 868 667 1040 734; x_wconf 75' lang='grc' dir='ltr'><strong><em>ἔχεινς</em></strong></span> <span class='ocrx_word' id='word_1_53' title='bbox 1080 663 1150 720; x_wconf 87' lang='grc' dir='ltr'><strong><em>οὐ</em></strong></span> <span class='ocrx_word' id='word_1_54' title='bbox 1185 666 1294 737; x_wconf 79' lang='grc' dir='ltr'><strong><em>γάρ</em></strong></span> <span class='ocrx_word' id='word_1_55' title='bbox 1333 686 1444 722; x_wconf 93' lang='grc' dir='ltr'><strong><em>που</em></strong></span> <span class='ocrx_word' id='word_1_56' title='bbox 1469 672 1785 739; x_wconf 83' lang='grc' dir='ltr'><strong><em>πεφυκέναι</em></strong></span> <span class='ocrx_word' id='word_1_57' title='bbox 1810 668 2071 744; x_wconf 78' lang='grc' dir='ltr'><strong><em>Σιμμίαν</em></strong></span> 
     </span>
     <span class='ocr_line' id='line_1_9' title="bbox 217 748 2063 828; baseline 0.005 -25"><span class='ocrx_word' id='word_1_58' title='bbox 217 760 250 803; x_wconf 83' lang='lat' dir='ltr'>C</span> <span class='ocrx_word' id='word_1_59' title='bbox 278 748 574 820; x_wconf 80' lang='grc' dir='ltr'><strong><em>ὑπερέχειν</em></strong></span> <span class='ocrx_word' id='word_1_60' title='bbox 609 750 791 821; x_wconf 80' lang='grc' dir='ltr'><strong><em>τούτῳ</em></strong></span> <span class='ocrx_word' id='word_1_61' title='bbox 827 754 905 822; x_wconf 77' lang='grc' dir='ltr'><strong><em>τῷ</em></strong></span> <span class='ocrx_word' id='word_1_62' title='bbox 943 753 1193 822; x_wconf 87' lang='grc' dir='ltr'><strong><em>Σιμμίαν</em></strong></span> <span class='ocrx_word' id='word_1_63' title='bbox 1232 748 1406 822; x_wconf 80' lang='grc' dir='ltr'><strong><em>εἶναι,</em></strong></span> <span class='ocrx_word' id='word_1_64' title='bbox 1447 752 1589 809; x_wconf 77' lang='grc' dir='ltr'><em>ἀλλὰ</em></span> <span class='ocrx_word' id='word_1_65' title='bbox 1624 761 1701 828; x_wconf 75' lang='grc' dir='ltr'><strong><em>τῷ</em></strong></span> <span class='ocrx_word' id='word_1_66' title='bbox 1737 758 1990 828; x_wconf 78' lang='grc' dir='ltr'><strong><em>μεγέθει,</em></strong></span> <span class='ocrx_word' id='word_1_67' title='bbox 2030 757 2063 812; x_wconf 82' lang='grc' dir='ltr'>ὃ</span> 
     </span>
     <span class='ocr_line' id='line_1_10' title="bbox 276 827 2062 911; baseline 0.006 -24"><span class='ocrx_word' id='word_1_68' title='bbox 276 835 542 904; x_wconf 77' lang='grc' dir='ltr'><strong><em>τυγχάνει</em></strong></span> <span class='ocrx_word' id='word_1_69' title='bbox 580 837 746 905; x_wconf 81' lang='grc' dir='ltr'><strong><em>ἔχων·</em></strong></span> <span class='ocrx_word' id='word_1_70' title='bbox 790 830 917 888; x_wconf 80' lang='grc' dir='ltr'><strong><em>οὐδ’</em></strong></span> <span class='ocrx_word' id='word_1_71' title='bbox 956 827 1033 890; x_wconf 73' lang='grc' dir='ltr'><strong><em>αὖ</em></strong></span> <span class='ocrx_word' id='word_1_72' title='bbox 1070 837 1414 907; x_wconf 85' lang='grc' dir='ltr'><strong><em>Σωκράτους</em></strong></span> <span class='ocrx_word' id='word_1_73' title='bbox 1450 836 1765 911; x_wconf 81' lang='grc' dir='ltr'><strong><em>ὑπερέχειν,</em></strong></span> <span class='ocrx_word' id='word_1_74' title='bbox 1805 841 1890 896; x_wconf 83' lang='grc' dir='ltr'><strong><em>ὅτι</em></strong></span> <span class='ocrx_word' id='word_1_75' title='bbox 1928 847 2062 897; x_wconf 86' lang='grc' dir='ltr'><strong><em>Σω-</em></strong></span> 
     </span>
     <span class='ocr_line' id='line_1_11' title="bbox 277 918 2060 997; baseline 0.005 -24"><span class='ocrx_word' id='word_1_76' title='bbox 277 921 483 990; x_wconf 88' lang='grc' dir='ltr'><strong><em>κράτης</em></strong></span> <span class='ocrx_word' id='word_1_77' title='bbox 532 918 561 975; x_wconf 97' lang='lat'><em>6</em></span> <span class='ocrx_word' id='word_1_78' title='bbox 611 920 917 990; x_wconf 82' lang='grc' dir='ltr'><strong><em>Σωκράτης</em></strong></span> <span class='ocrx_word' id='word_1_79' title='bbox 962 921 1147 991; x_wconf 82' lang='grc' dir='ltr'><strong><em>ἐστίν,</em></strong></span> <span class='ocrx_word' id='word_1_80' title='bbox 1195 920 1323 976; x_wconf 79' lang='grc' dir='ltr'><em>ἀλλ’</em></span> <span class='ocrx_word' id='word_1_81' title='bbox 1363 922 1448 977; x_wconf 80' lang='grc' dir='ltr'><strong><em>ὅτι</em></strong></span> <span class='ocrx_word' id='word_1_82' title='bbox 1495 926 1834 996; x_wconf 85' lang='grc' dir='ltr'><strong><em>σμικρότητα</em></strong></span> <span class='ocrx_word' id='word_1_83' title='bbox 1880 929 1993 997; x_wconf 84' lang='grc' dir='ltr'><strong><em>ἔχει</em></strong></span> <span class='ocrx_word' id='word_1_84' title='bbox 2030 927 2060 982; x_wconf 92' lang='lat'><em>6</em></span> 
     </span>
     <span class='ocr_line' id='line_1_12' title="bbox 275 1003 2061 1082; baseline 0.006 -24"><span class='ocrx_word' id='word_1_85' title='bbox 275 1005 584 1075; x_wconf 78' lang='grc' dir='ltr'><strong><em>Σωκράτης</em></strong></span> <span class='ocrx_word' id='word_1_86' title='bbox 620 1003 760 1075; x_wconf 83' lang='grc' dir='ltr'><strong><em>πρὸς</em></strong></span> <span class='ocrx_word' id='word_1_87' title='bbox 797 1003 859 1059; x_wconf 83' lang='grc' dir='ltr'><strong><em>τὸ</em></strong></span> <span class='ocrx_word' id='word_1_88' title='bbox 911 1005 1135 1060; x_wconf 82' lang='grc' dir='ltr'><strong><em>ἐκείνου</em></strong></span> <span class='ocrx_word' id='word_1_89' title='bbox 1171 1007 1426 1077; x_wconf 84' lang='grc' dir='ltr'><strong><em>μέγεθος.</em></strong></span> <span class='ocrx_word' id='word_1_90' title='bbox 1499 1007 1725 1080; x_wconf 79' lang='grc' dir='ltr'><strong><em>Ἀληθῆ.</em></strong></span> <span class='ocrx_word' id='word_1_91' title='bbox 1803 1008 1958 1068; x_wconf 80' lang='grc' dir='ltr'><strong><em>Οὑδέ</em></strong></span> <span class='ocrx_word' id='word_1_92' title='bbox 1996 1033 2061 1082; x_wconf 89' lang='grc' dir='ltr'><strong><em>γε</em></strong></span> 
     </span>
     <span class='ocr_line' id='line_1_13' title="bbox 275 1083 2060 1164; baseline 0.006 -22"><span class='ocrx_word' id='word_1_93' title='bbox 275 1083 352 1142; x_wconf 79' lang='grc' dir='ltr'><strong><em>αὖ</em></strong></span> <span class='ocrx_word' id='word_1_94' title='bbox 387 1088 500 1144; x_wconf 84' lang='grc' dir='ltr'><strong><em>ὑπὸ</em></strong></span> <span class='ocrx_word' id='word_1_95' title='bbox 530 1091 823 1154; x_wconf 80' lang='grc' dir='ltr'><strong><em>Φαίδωνος</em></strong></span> <span class='ocrx_word' id='word_1_96' title='bbox 859 1088 1235 1161; x_wconf 80' lang='grc' dir='ltr'><strong><em>ὑπερέχεσθαι</em></strong></span> <span class='ocrx_word' id='word_1_97' title='bbox 1272 1096 1349 1164; x_wconf 74' lang='grc' dir='ltr'><strong><em>τῷ</em></strong></span> <span class='ocrx_word' id='word_1_98' title='bbox 1388 1091 1474 1147; x_wconf 81' lang='grc' dir='ltr'><strong><em>ὅτι</em></strong></span> <span class='ocrx_word' id='word_1_99' title='bbox 1501 1096 1733 1150; x_wconf 82' lang='grc' dir='ltr'><strong><em>Φαίδων</em></strong></span> <span class='ocrx_word' id='word_1_100' title='bbox 1770 1094 1800 1150; x_wconf 90' lang='grc' dir='ltr'>ὁ</span> <span class='ocrx_word' id='word_1_101' title='bbox 1829 1099 2060 1152; x_wconf 85' lang='grc' dir='ltr'><strong><em>Φαίδων</em></strong></span> 
     </span>
     <span class='ocr_line' id='line_1_14' title="bbox 277 1173 2064 1253; baseline 0.006 -25"><span class='ocrx_word' id='word_1_102' title='bbox 277 1175 459 1244; x_wconf 82' lang='grc' dir='ltr'><strong><em>ἐστίν,</em></strong></span> <span class='ocrx_word' id='word_1_103' title='bbox 508 1173 636 1228; x_wconf 75' lang='grc' dir='ltr'><strong><em>ἀλλ’</em></strong></span> <span class='ocrx_word' id='word_1_104' title='bbox 674 1174 764 1230; x_wconf 79' lang='grc' dir='ltr'><strong><em>ὅτι</em></strong></span> <span class='ocrx_word' id='word_1_105' title='bbox 808 1177 1047 1245; x_wconf 87' lang='grc' dir='ltr'><strong><em>μέγεθος</em></strong></span> <span class='ocrx_word' id='word_1_106' title='bbox 1094 1179 1206 1245; x_wconf 85' lang='grc' dir='ltr'><strong><em>ε”χει</em></strong></span> <span class='ocrx_word' id='word_1_107' title='bbox 1244 1175 1273 1232; x_wconf 92' lang='grc' dir='ltr'>ὁ</span> <span class='ocrx_word' id='word_1_108' title='bbox 1314 1180 1545 1233; x_wconf 89' lang='grc' dir='ltr'><strong><em>Φαίδων</em></strong></span> <span class='ocrx_word' id='word_1_109' title='bbox 1592 1179 1734 1250; x_wconf 83' lang='grc' dir='ltr'><strong><em>πρὸς</em></strong></span> <span class='ocrx_word' id='word_1_110' title='bbox 1769 1179 1874 1252; x_wconf 84' lang='grc' dir='ltr'><strong><em>τὴν</em></strong></span> <span class='ocrx_word' id='word_1_111' title='bbox 1911 1187 2064 1253; x_wconf 82' lang='grc' dir='ltr'><strong><em>Σιμ-,</em></strong></span> 
     </span>
     <span class='ocr_line' id='line_1_15' title="bbox 273 1259 2060 1337; baseline 0.005 -24"><span class='ocrx_word' id='word_1_112' title='bbox 273 1262 407 1329; x_wconf 91' lang='grc' dir='ltr'><strong><em>μίου</em></strong></span> <span class='ocrx_word' id='word_1_113' title='bbox 454 1260 813 1331; x_wconf 83' lang='grc' dir='ltr'><strong><em>σμικρότητα.</em></strong></span> <span class='ocrx_word' id='word_1_114' title='bbox 871 1259 1030 1315; x_wconf 71' lang='grc' dir='ltr'><strong><em>’Ἐστι</em></strong></span> <span class='ocrx_word' id='word_1_115' title='bbox 1075 1266 1269 1316; x_wconf 85' lang='grc' dir='ltr'><strong><em>ταῦτα.</em></strong></span> <span class='ocrx_word' id='word_1_116' title='bbox 1350 1262 1546 1327; x_wconf 80' lang='grc' dir='ltr'><strong><em>Οὕτως</em></strong></span> <span class='ocrx_word' id='word_1_117' title='bbox 1592 1264 1702 1332; x_wconf 78' lang='grc' dir='ltr'><strong><em>ἄρα</em></strong></span> <span class='ocrx_word' id='word_1_118' title='bbox 1746 1264 1776 1321; x_wconf 91' lang='lat'><em>6</em></span> <span class='ocrx_word' id='word_1_119' title='bbox 1816 1270 2060 1337; x_wconf 89' lang='grc' dir='ltr'><strong><em>Σιμμίας</em></strong></span> 
     </span>
     <span class='ocr_line' id='line_1_16' title="bbox 274 1344 2060 1423; baseline 0.005 -25"><span class='ocrx_word' id='word_1_120' title='bbox 274 1344 604 1415; x_wconf 80' lang='grc' dir='ltr'><strong><em>ἐπωνυμίαν</em></strong></span> <span class='ocrx_word' id='word_1_121' title='bbox 641 1349 752 1415; x_wconf 84' lang='grc' dir='ltr'><strong><em>ἔχει</em></strong></span> <span class='ocrx_word' id='word_1_122' title='bbox 790 1346 1024 1417; x_wconf 87' lang='grc' dir='ltr'><strong><em>σμικρός</em></strong></span> <span class='ocrx_word' id='word_1_123' title='bbox 1059 1366 1120 1400; x_wconf 90' lang='grc' dir='ltr'><strong><em>τε</em></strong></span> <span class='ocrx_word' id='word_1_124' title='bbox 1157 1349 1252 1400; x_wconf 84' lang='grc' dir='ltr'><strong><em>καὶ</em></strong></span> <span class='ocrx_word' id='word_1_125' title='bbox 1286 1348 1456 1418; x_wconf 82' lang='grc' dir='ltr'><strong><em>μέγας</em></strong></span> <span class='ocrx_word' id='word_1_126' title='bbox 1494 1346 1657 1419; x_wconf 77' lang='grc' dir='ltr'><strong><em>εἶναι,</em></strong></span> <span class='ocrx_word' id='word_1_127' title='bbox 1699 1352 1763 1404; x_wconf 83' lang='grc' dir='ltr'><strong><em>ἐν</em></strong></span> <span class='ocrx_word' id='word_1_128' title='bbox 1798 1352 1949 1423; x_wconf 81' lang='grc' dir='ltr'><strong><em>μέσῳ</em></strong></span> <span class='ocrx_word' id='word_1_129' title='bbox 1976 1351 2060 1406; x_wconf 68' lang='grc' dir='ltr'><strong><em>ὢν</em></strong></span> 
     </span>
     <span class='ocr_line' id='line_1_17' title="bbox 208 1426 2060 1507; baseline 0.005 -25"><span class='ocrx_word' id='word_1_130' title='bbox 208 1440 244 1482; x_wconf 93' lang='lat' dir='ltr'>D</span> <span class='ocrx_word' id='word_1_131' title='bbox 275 1426 635 1500; x_wconf 76' lang='grc' dir='ltr'><strong><em>ἀμφοτέρων,</em></strong></span> <span class='ocrx_word' id='word_1_132' title='bbox 682 1435 785 1497; x_wconf 81' lang='grc' dir='ltr'><strong><em>τοῦ</em></strong></span> <span class='ocrx_word' id='word_1_133' title='bbox 833 1430 938 1500; x_wconf 77' lang='grc' dir='ltr'><strong><em>μὲν</em></strong></span> <span class='ocrx_word' id='word_1_134' title='bbox 974 1435 1051 1502; x_wconf 77' lang='grc' dir='ltr'><strong><em>τῷ</em></strong></span> <span class='ocrx_word' id='word_1_135' title='bbox 1088 1433 1314 1501; x_wconf 78' lang='grc' dir='ltr'><strong><em>μεγέθει</em></strong></span> <span class='ocrx_word' id='word_1_136' title='bbox 1352 1431 1646 1503; x_wconf 89' lang='grc' dir='ltr'><strong><em>ὑπερέχειν</em></strong></span> <span class='ocrx_word' id='word_1_137' title='bbox 1682 1433 1786 1505; x_wconf 85' lang='grc' dir='ltr'><strong><em>τὴν</em></strong></span> <span class='ocrx_word' id='word_1_138' title='bbox 1824 1437 2060 1507; x_wconf 85' lang='grc' dir='ltr'><strong><em>σμικρό-</em></strong></span> 
     </span>
    </p>
   </div>
   <div class='ocr_carea' id='block_1_4' title="bbox 266 1584 2055 2157">
    <p class='ocr_par' dir='ltr' id='par_1_4' title="bbox 266 1584 2055 2157">
     <span class='ocr_line' id='line_1_18' title="bbox 355 1584 2055 1650; baseline 0.006 -22"><span class='ocrx_word' id='word_1_139' title='bbox 355 1589 358 1596; x_wconf 88' lang='grc'><em>“</em></span> <span class='ocrx_word' id='word_1_140' title='bbox 383 1589 430 1631; x_wconf 93' lang='grc' dir='ltr'><strong><em>Ρ.</em></strong></span> <span class='ocrx_word' id='word_1_141' title='bbox 451 1590 545 1630; x_wconf 82' lang='lat'>102.</span> <span class='ocrx_word' id='word_1_142' title='bbox 563 1590 612 1632; x_wconf 92' lang='lat' dir='ltr'><strong><em>D.</em></strong></span> <span class='ocrx_word' id='word_1_143' title='bbox 637 1588 738 1643; x_wconf 87' lang='lat' dir='ltr'>Cap.</span> <span class='ocrx_word' id='word_1_144' title='bbox 755 1590 804 1630; x_wconf 93' lang='lat' dir='ltr'><strong><em>L.</em></strong></span> <span class='ocrx_word' id='word_1_145' title='bbox 827 1585 929 1643; x_wconf 85' lang='grc' dir='ltr'><strong><em>τὴν</em></strong></span> <span class='ocrx_word' id='word_1_146' title='bbox 950 1585 1304 1645; x_wconf 80' lang='grc' dir='ltr'><strong><em>σμικρότητα</em></strong></span> <span class='ocrx_word' id='word_1_147' title='bbox 1327 1584 1643 1648; x_wconf 83' lang='grc' dir='ltr'><strong><em>ὑπερέχων]</em></strong></span> <span class='ocrx_word' id='word_1_148' title='bbox 1670 1593 1816 1647; x_wconf 85' lang='lat' dir='ltr'>Steph.</span> <span class='ocrx_word' id='word_1_149' title='bbox 1839 1590 1927 1650; x_wconf 89' lang='grc' dir='ltr'><strong><em>τὴν</em></strong></span> <span class='ocrx_word' id='word_1_150' title='bbox 1949 1607 2055 1650; x_wconf 85' lang='grc' dir='ltr'><strong><em>σμι-</em></strong></span> 
     </span>
     <span class='ocr_line' id='line_1_19' title="bbox 271 1639 2054 1715; baseline 0.004 -29"><span class='ocrx_word' id='word_1_151' title='bbox 271 1639 479 1699; x_wconf 86' lang='grc' dir='ltr'><strong><em>κρότητα</em></strong></span> <span class='ocrx_word' id='word_1_152' title='bbox 499 1643 740 1700; x_wconf 88' lang='grc' dir='ltr'><strong><em>παρέχων·</em></strong></span> <span class='ocrx_word' id='word_1_153' title='bbox 763 1645 826 1702; x_wconf 79' lang='grc' dir='ltr'><strong><em>τῷ</em></strong></span> <span class='ocrx_word' id='word_1_154' title='bbox 850 1642 904 1713; x_wconf 54' lang='grc' dir='ltr'><strong><em>δὲ</em></strong></span> <span class='ocrx_word' id='word_1_155' title='bbox 926 1641 978 1699; x_wconf 80' lang='grc' dir='ltr'><strong><em>τὸ</em></strong></span> <span class='ocrx_word' id='word_1_156' title='bbox 1000 1645 1210 1715; x_wconf 85' lang='grc' dir='ltr'><strong><em>μέγεθος</em></strong></span> <span class='ocrx_word' id='word_1_157' title='bbox 1232 1662 1272 1689; x_wconf 92' lang='grc' dir='ltr'><strong><em>κ.</em></strong></span> <span class='ocrx_word' id='word_1_158' title='bbox 1292 1663 1330 1690; x_wconf 91' lang='grc' dir='ltr'><strong><em>τ.</em></strong></span> <span class='ocrx_word' id='word_1_159' title='bbox 1351 1650 1391 1691; x_wconf 82' lang='grc' dir='ltr'><strong><em>λ.</em></strong></span> <span class='ocrx_word' id='word_1_160' title='bbox 1414 1649 1544 1689; x_wconf 81' lang='lat' dir='ltr'>Recte</span> <span class='ocrx_word' id='word_1_161' title='bbox 1565 1650 1659 1690; x_wconf 84' lang='lat' dir='ltr'>libri</span> <span class='ocrx_word' id='word_1_162' title='bbox 1681 1663 1783 1692; x_wconf 85' lang='lat' dir='ltr'>mss.</span> <span class='ocrx_word' id='word_1_163' title='bbox 1807 1664 1956 1694; x_wconf 86' lang='lat' dir='ltr'>omnes</span> <span class='ocrx_word' id='word_1_164' title='bbox 1977 1665 2054 1707; x_wconf 89' lang='lat' dir='ltr'><strong><em>pro</em></strong></span> 
     </span>
     <span class='ocr_line' id='line_1_20' title="bbox 266 1699 2052 1762; baseline 0.006 -20"><span class='ocrx_word' id='word_1_165' title='bbox 266 1703 399 1756; x_wconf 82' lang='lat' dir='ltr'><strong>priori</strong></span> <span class='ocrx_word' id='word_1_166' title='bbox 433 1699 654 1757; x_wconf 84' lang='grc' dir='ltr'><strong><em>παρέχων</em></strong></span> <span class='ocrx_word' id='word_1_167' title='bbox 687 1711 833 1743; x_wconf 84' lang='lat' dir='ltr'>tenent</span> <span class='ocrx_word' id='word_1_168' title='bbox 865 1716 1121 1758; x_wconf 87' lang='grc' dir='ltr'><strong><em>υπερεχων,</em></strong></span> <span class='ocrx_word' id='word_1_169' title='bbox 1143 1699 1275 1755; x_wconf 89' lang='lat' dir='ltr'>&#39;quod</span> <span class='ocrx_word' id='word_1_170' title='bbox 1314 1707 1436 1745; x_wconf 86' lang='lat' dir='ltr'>etiarn</span> <span class='ocrx_word' id='word_1_171' title='bbox 1474 1707 1517 1745; x_wconf 92' lang='lat' dir='ltr'><strong><em>in</em></strong></span> <span class='ocrx_word' id='word_1_172' title='bbox 1546 1707 1642 1749; x_wconf 81' lang='lat' dir='ltr'>Ald.</span> <span class='ocrx_word' id='word_1_173' title='bbox 1665 1716 1706 1748; x_wconf 85' lang='lat' dir='ltr'>et</span> <span class='ocrx_word' id='word_1_174' title='bbox 1726 1708 1848 1748; x_wconf 87' lang='lat' dir='ltr'>Bass.</span> <span class='ocrx_word' id='word_1_175' title='bbox 1884 1709 2052 1762; x_wconf 82' lang='lat' dir='ltr'>legitur.</span> 
     </span>
     <span class='ocr_line' id='line_1_21' title="bbox 268 1755 2054 1829; baseline 0.004 -29"><span class='ocrx_word' id='word_1_176' title='bbox 268 1759 430 1800; x_wconf 86' lang='lat' dir='ltr'>Deinde</span> <span class='ocrx_word' id='word_1_177' title='bbox 458 1764 570 1813; x_wconf 89' lang='lat' dir='ltr'>Aug.</span> <span class='ocrx_word' id='word_1_178' title='bbox 599 1758 664 1817; x_wconf 81' lang='grc' dir='ltr'><strong><em>τῷ</em></strong></span> <span class='ocrx_word' id='word_1_179' title='bbox 695 1755 750 1801; x_wconf 76' lang='grc' dir='ltr'><strong><em>δὲ</em></strong></span> <span class='ocrx_word' id='word_1_180' title='bbox 777 1757 975 1815; x_wconf 76' lang='grc' dir='ltr'><strong><em>μεγέθει</em></strong></span> <span class='ocrx_word' id='word_1_181' title='bbox 997 1760 1083 1814; x_wconf 88' lang='grc' dir='ltr'><strong><em>τῆς</em></strong></span> <span class='ocrx_word' id='word_1_182' title='bbox 1105 1756 1415 1816; x_wconf 83' lang='grc' dir='ltr'><strong><em>σμικρότητος</em></strong></span> <span class='ocrx_word' id='word_1_183' title='bbox 1436 1759 1658 1829; x_wconf 78' lang='grc' dir='ltr'><strong><em>παρέχων</em></strong></span> <span class='ocrx_word' id='word_1_184' title='bbox 1677 1757 1931 1819; x_wconf 83' lang='grc' dir='ltr'><strong><em>ὑπεροχήν.</em></strong></span> <span class='ocrx_word' id='word_1_185' title='bbox 1973 1765 2054 1807; x_wconf 88' lang='lat' dir='ltr'><strong><em>Pro</em></strong></span> 
     </span>
     <span class='ocr_line' id='line_1_22' title="bbox 268 1811 2054 1877; baseline 0.004 -20"><span class='ocrx_word' id='word_1_186' title='bbox 268 1814 333 1874; x_wconf 80' lang='grc' dir='ltr'><strong><em>τῷ</em></strong></span> <span class='ocrx_word' id='word_1_187' title='bbox 371 1811 425 1859; x_wconf 78' lang='grc' dir='ltr'><strong><em>δὲ</em></strong></span> <span class='ocrx_word' id='word_1_188' title='bbox 460 1812 525 1864; x_wconf 81' lang='grc' dir='ltr'><strong><em>τὸ·</em></strong></span> <span class='ocrx_word' id='word_1_189' title='bbox 549 1811 758 1871; x_wconf 85' lang='grc' dir='ltr'><strong><em>μέγεθος</em></strong></span> <span class='ocrx_word' id='word_1_190' title='bbox 781 1817 912 1860; x_wconf 86' lang='lat' dir='ltr'>Coisl.</span> <span class='ocrx_word' id='word_1_191' title='bbox 934 1817 1030 1858; x_wconf 84' lang='lat' dir='ltr'>Par.</span> <span class='ocrx_word' id='word_1_192' title='bbox 1052 1819 1089 1859; x_wconf 93' lang='lat' dir='ltr'>H</span> <span class='ocrx_word' id='word_1_193' title='bbox 1112 1826 1151 1858; x_wconf 86' lang='lat' dir='ltr'>et</span> <span class='ocrx_word' id='word_1_194' title='bbox 1180 1831 1311 1871; x_wconf 83' lang='lat' dir='ltr'><strong>marg.</strong></span> <span class='ocrx_word' id='word_1_195' title='bbox 1345 1820 1453 1861; x_wconf 87' lang='lat' dir='ltr'>Flor.</span> <span class='ocrx_word' id='word_1_196' title='bbox 1478 1831 1502 1858; x_wconf 90' lang='lat' dir='ltr'><strong><em>a</em></strong></span> <span class='ocrx_word' id='word_1_197' title='bbox 1531 1833 1615 1861; x_wconf 90' lang='grc' dir='ltr'><strong><em>τον</em></strong></span> <span class='ocrx_word' id='word_1_198' title='bbox 1652 1816 1706 1862; x_wconf 76' lang='grc' dir='ltr'><strong><em>δὲ</em></strong></span> <span class='ocrx_word' id='word_1_199' title='bbox 1741 1817 1794 1862; x_wconf 89' lang='grc' dir='ltr'><strong><em>τὸ</em></strong></span> <span class='ocrx_word' id='word_1_200' title='bbox 1829 1818 2054 1877; x_wconf 87' lang='grc' dir='ltr'><strong><em>μέγεθος.</em></strong></span> 
     </span>
     <span class='ocr_line' id='line_1_23' title="bbox 267 1867 2052 1930; baseline 0.003 -16"><span class='ocrx_word' id='word_1_201' title='bbox 267 1872 507 1914; x_wconf 80' lang='lat' dir='ltr'><strong>Articulum</strong></span> <span class='ocrx_word' id='word_1_202' title='bbox 543 1867 598 1914; x_wconf 90' lang='grc' dir='ltr'><strong><em>τό</em></strong></span> <span class='ocrx_word' id='word_1_203' title='bbox 633 1879 732 1914; x_wconf 86' lang='lat' dir='ltr'>ante</span> <span class='ocrx_word' id='word_1_204' title='bbox 766 1869 975 1929; x_wconf 86' lang='grc' dir='ltr'><strong><em>μέγεθος</em></strong></span> <span class='ocrx_word' id='word_1_205' title='bbox 1010 1873 1096 1929; x_wconf 88' lang='grc' dir='ltr'><strong><em>τῆς</em></strong></span> <span class='ocrx_word' id='word_1_206' title='bbox 1130 1869 1441 1930; x_wconf 86' lang='grc' dir='ltr'><strong><em>σμικρότητος</em></strong></span> <span class='ocrx_word' id='word_1_207' title='bbox 1478 1888 1560 1919; x_wconf 90' lang='lat' dir='ltr'><strong><em>om.</em></strong></span> <span class='ocrx_word' id='word_1_208' title='bbox 1593 1875 1724 1918; x_wconf 83' lang='lat' dir='ltr'>Coisi.</span> <span class='ocrx_word' id='word_1_209' title='bbox 1754 1879 1924 1921; x_wconf 82' lang='lat' dir='ltr'>Ven.A</span> <span class='ocrx_word' id='word_1_210' title='bbox 1957 1880 2052 1920; x_wconf 89' lang='lat' dir='ltr'>Par.</span> 
     </span>
     <span class='ocr_line' id='line_1_24' title="bbox 271 1928 2054 1976; baseline 0.002 -4"><span class='ocrx_word' id='word_1_211' title='bbox 271 1928 503 1972; x_wconf 86' lang='lat' dir='ltr'><strong>GEGHIL</strong></span> <span class='ocrx_word' id='word_1_212' title='bbox 531 1930 642 1970; x_wconf 88' lang='lat' dir='ltr'>Flor.</span> <span class='ocrx_word' id='word_1_213' title='bbox 667 1931 692 1971; x_wconf 97' lang='lat' dir='ltr'>b</span> <span class='ocrx_word' id='word_1_214' title='bbox 714 1931 741 1969; x_wconf 92' lang='lat' dir='ltr'>i.</span> <span class='ocrx_word' id='word_1_215' title='bbox 782 1931 835 1970; x_wconf 88' lang='lat' dir='ltr'>Et</span> <span class='ocrx_word' id='word_1_216' title='bbox 863 1930 1276 1972; x_wconf 86' lang='lat' dir='ltr'>Schleiermacherus</span> <span class='ocrx_word' id='word_1_217' title='bbox 1305 1933 1423 1971; x_wconf 86' lang='lat' dir='ltr'>illum</span> <span class='ocrx_word' id='word_1_218' title='bbox 1452 1933 1606 1973; x_wconf 87' lang='lat' dir='ltr'>abesse</span> <span class='ocrx_word' id='word_1_219' title='bbox 1634 1934 1834 1975; x_wconf 86' lang='lat' dir='ltr'>malebat.</span> <span class='ocrx_word' id='word_1_220' title='bbox 1875 1934 1962 1976; x_wconf 89' lang='lat' dir='ltr'><strong><em>Sed</em></strong></span> <span class='ocrx_word' id='word_1_221' title='bbox 1981 1935 2054 1976; x_wconf 85' lang='lat' dir='ltr'><strong><em>ha-</em></strong></span> 
     </span>
     <span class='ocr_line' id='line_1_25' title="bbox 270 1983 2054 2055; baseline 0.005 -29"><span class='ocrx_word' id='word_1_222' title='bbox 270 1987 341 2028; x_wconf 89' lang='lat' dir='ltr'>bet</span> <span class='ocrx_word' id='word_1_223' title='bbox 369 1987 494 2040; x_wconf 56' lang='lat' dir='ltr'>etiam</span> <span class='ocrx_word' id='word_1_224' title='bbox 524 1988 640 2041; x_wconf 87' lang='lat' dir='ltr'>prius</span> <span class='ocrx_word' id='word_1_225' title='bbox 667 1983 868 2041; x_wconf 76' lang='grc' dir='ltr'><strong><em>μεγέθει</em></strong></span> <span class='ocrx_word' id='word_1_226' title='bbox 897 1988 1123 2028; x_wconf 85' lang='lat' dir='ltr'>articulum</span> <span class='ocrx_word' id='word_1_227' title='bbox 1153 1989 1450 2055; x_wconf 81' lang='lat' dir='ltr'>praemissum.</span> <span class='ocrx_word' id='word_1_228' title='bbox 1500 1990 1615 2031; x_wconf 85' lang='lat' dir='ltr'>Loco</span> <span class='ocrx_word' id='word_1_229' title='bbox 1635 1993 1822 2043; x_wconf 85' lang='lat' dir='ltr'>genetivi</span> <span class='ocrx_word' id='word_1_230' title='bbox 1842 1991 1928 2046; x_wconf 86' lang='grc' dir='ltr'><strong><em>τῆς</em></strong></span> <span class='ocrx_word' id='word_1_231' title='bbox 1949 2004 2054 2047; x_wconf 88' lang='grc' dir='ltr'><strong><em>σμι-</em></strong></span> 
     </span>
     <span class='ocr_line' id='line_1_26' title="bbox 266 2038 2054 2104; baseline 0.004 -20"><span class='ocrx_word' id='word_1_232' title='bbox 266 2038 494 2098; x_wconf 82' lang='grc' dir='ltr'><strong><em>κρότητος</em></strong></span> <span class='ocrx_word' id='word_1_233' title='bbox 520 2046 565 2084; x_wconf 88' lang='lat' dir='ltr'><strong><em>in</em></strong></span> <span class='ocrx_word' id='word_1_234' title='bbox 595 2043 725 2088; x_wconf 88' lang='lat' dir='ltr'>Coisl.</span> <span class='ocrx_word' id='word_1_235' title='bbox 751 2044 845 2088; x_wconf 90' lang='lat' dir='ltr'>Par.</span> <span class='ocrx_word' id='word_1_236' title='bbox 871 2043 906 2084; x_wconf 91' lang='lat' dir='ltr'>G</span> <span class='ocrx_word' id='word_1_237' title='bbox 934 2045 1087 2098; x_wconf 88' lang='lat' dir='ltr'>legitur</span> <span class='ocrx_word' id='word_1_238' title='bbox 1113 2058 1203 2099; x_wconf 89' lang='grc' dir='ltr'><strong><em>την</em></strong></span> <span class='ocrx_word' id='word_1_239' title='bbox 1240 2038 1543 2099; x_wconf 87' lang='grc' dir='ltr'><strong><em>σμικρότητα.</em></strong></span> <span class='ocrx_word' id='word_1_240' title='bbox 1583 2047 1776 2100; x_wconf 88' lang='lat' dir='ltr'>Denique</span> <span class='ocrx_word' id='word_1_241' title='bbox 1802 2061 1878 2102; x_wconf 88' lang='lat' dir='ltr'><strong><em>pro</em></strong></span> <span class='ocrx_word' id='word_1_242' title='bbox 1909 2042 2054 2104; x_wconf 86' lang='grc' dir='ltr'><strong><em>ὑπερ·</em></strong></span> 
     </span>
     <span class='ocr_line' id='line_1_27' title="bbox 266 2096 1527 2157; baseline 0.004 -16"><span class='ocrx_word' id='word_1_243' title='bbox 266 2096 377 2155; x_wconf 88' lang='grc' dir='ltr'><strong><em>ε’χον</em></strong></span> <span class='ocrx_word' id='word_1_244' title='bbox 397 2102 505 2142; x_wconf 89' lang='lat' dir='ltr'>Ven.</span> <span class='ocrx_word' id='word_1_245' title='bbox 527 2099 574 2148; x_wconf 79' lang='grc' dir='ltr'><strong><em>Ξ</em></strong></span> <span class='ocrx_word' id='word_1_246' title='bbox 590 2113 615 2140; x_wconf 88' lang='lat' dir='ltr'><strong><em>a</em></strong></span> <span class='ocrx_word' id='word_1_247' title='bbox 636 2113 701 2154; x_wconf 92' lang='lat' dir='ltr'><strong><em>pr.</em></strong></span> <span class='ocrx_word' id='word_1_248' title='bbox 724 2113 781 2140; x_wconf 90' lang='lat' dir='ltr'><strong><em>m.</em></strong></span> <span class='ocrx_word' id='word_1_249' title='bbox 805 2110 845 2140; x_wconf 87' lang='lat' dir='ltr'>et</span> <span class='ocrx_word' id='word_1_250' title='bbox 864 2101 957 2143; x_wconf 87' lang='lat' dir='ltr'>Par.</span> <span class='ocrx_word' id='word_1_251' title='bbox 983 2100 1019 2142; x_wconf 89' lang='lat' dir='ltr'><strong>G</strong></span> <span class='ocrx_word' id='word_1_252' title='bbox 1039 2103 1246 2157; x_wconf 82' lang='lat' dir='ltr'>praebent</span> <span class='ocrx_word' id='word_1_253' title='bbox 1264 2097 1527 2157; x_wconf 84' lang='grc' dir='ltr'><strong><em>ὑπερέχειν.</em></strong></span> 
     </span>
    </p>
   </div>
   <div class='ocr_carea' id='block_1_5' title="bbox 1203 2245 2052 2298">
    <p class='ocr_par' dir='ltr' id='par_1_5' title="bbox 1203 2245 2052 2298">
     <span class='ocr_line' id='line_1_28' title="bbox 1203 2245 2052 2298; baseline 0.002 -13"><span class='ocrx_word' id='word_1_254' title='bbox 1203 2245 1258 2285; x_wconf 85' lang='lat' dir='ltr'><strong><em>ad</em></strong></span> <span class='ocrx_word' id='word_1_255' title='bbox 1291 2245 1392 2287; x_wconf 86' lang='lat' dir='ltr'>Eur.</span> <span class='ocrx_word' id='word_1_256' title='bbox 1422 2245 1591 2298; x_wconf 87' lang='lat' dir='ltr'>Hippol.</span> <span class='ocrx_word' id='word_1_257' title='bbox 1631 2247 1756 2287; x_wconf 77' lang='lat'>1365,</span> <span class='ocrx_word' id='word_1_258' title='bbox 1798 2245 1900 2287; x_wconf 82' lang='lat' dir='ltr'>Plus</span> <span class='ocrx_word' id='word_1_259' title='bbox 1936 2246 2052 2287; x_wconf 79' lang='lat' dir='ltr'>diffi-</span> 
     </span>
    </p>
   </div>
   <div class='ocr_carea' id='block_1_6' title="bbox 323 2235 2048 2367">
    <p class='ocr_par' dir='ltr' id='par_1_6' title="bbox 323 2235 2048 2367">
     <span class='ocr_line' id='line_1_29' title="bbox 323 2235 1115 2297; baseline 0.001 -14"><span class='ocrx_word' id='word_1_260' title='bbox 323 2242 369 2284; x_wconf 90' lang='grc' dir='ltr'><strong><em>Β.</em></strong></span> <span class='ocrx_word' id='word_1_261' title='bbox 393 2235 461 2290; x_wconf 77' lang='grc' dir='ltr'><strong><em>ὥς</em></strong></span> <span class='ocrx_word' id='word_1_262' title='bbox 483 2245 604 2291; x_wconf 84' lang='grc' dir='ltr'><strong><em>τοῖς</em></strong></span> <span class='ocrx_word' id='word_1_263' title='bbox 622 2235 833 2295; x_wconf 73' lang='grc' dir='ltr'><strong><em>ῥ’ήμασι</em></strong></span> <span class='ocrx_word' id='word_1_264' title='bbox 853 2242 911 2296; x_wconf 83' lang='grc' dir='ltr'><strong><em>λ.]</em></strong></span> <span class='ocrx_word' id='word_1_265' title='bbox 931 2249 976 2284; x_wconf 85' lang='lat' dir='ltr'>ut</span> <span class='ocrx_word' id='word_1_266' title='bbox 1002 2256 1115 2297; x_wconf 87' lang='lat' dir='ltr'>per-</span> 
     </span>
     <span class='ocr_line' id='line_1_30' title="bbox 1203 2297 2048 2367; baseline 0.006 -27"><span class='ocrx_word' id='word_1_267' title='bbox 1203 2302 1373 2342; x_wconf 87' lang='lat' dir='ltr'>cultatis</span> <span class='ocrx_word' id='word_1_268' title='bbox 1402 2301 1556 2341; x_wconf 86' lang='lat' dir='ltr'>habent</span> <span class='ocrx_word' id='word_1_269' title='bbox 1583 2303 1803 2355; x_wconf 86' lang='lat' dir='ltr'>proxima:</span> <span class='ocrx_word' id='word_1_270' title='bbox 1833 2302 1898 2367; x_wconf 71' lang='grc' dir='ltr'><strong><em>τῷ</em></strong></span> <span class='ocrx_word' id='word_1_271' title='bbox 1920 2299 1974 2345; x_wconf 74' lang='grc' dir='ltr'><strong><em>δὲ</em></strong></span> <span class='ocrx_word' id='word_1_272' title='bbox 1996 2297 2048 2345; x_wconf 83' lang='grc' dir='ltr'><strong><em>τὸ</em></strong></span> 
     </span>
    </p>
   </div>
   <div class='ocr_carea' id='block_1_7' title="bbox 265 2299 1114 2351">
    <p class='ocr_par' dir='ltr' id='par_1_7' title="bbox 265 2299 1114 2351">
     <span class='ocr_line' id='line_1_31' title="bbox 265 2299 1114 2351; baseline 0.001 -12"><span class='ocrx_word' id='word_1_273' title='bbox 265 2312 286 2339; x_wconf 86' lang='lat' dir='ltr'>s</span> <span class='ocrx_word' id='word_1_274' title='bbox 301 2311 323 2339; x_wconf 94' lang='grc' dir='ltr'><strong><em>ο</em></strong></span> <span class='ocrx_word' id='word_1_275' title='bbox 334 2312 359 2339; x_wconf 88' lang='lat' dir='ltr'>n</span> <span class='ocrx_word' id='word_1_276' title='bbox 372 2311 424 2339; x_wconf 87' lang='lat' dir='ltr'><strong><em>ar</em></strong></span> <span class='ocrx_word' id='word_1_277' title='bbox 435 2311 514 2339; x_wconf 89' lang='lat' dir='ltr'><strong><em>um</em></strong></span> <span class='ocrx_word' id='word_1_278' title='bbox 560 2299 770 2340; x_wconf 83' lang='lat' dir='ltr'>habeatur</span> <span class='ocrx_word' id='word_1_279' title='bbox 824 2300 953 2351; x_wconf 84' lang='lat' dir='ltr'>ratio,</span> <span class='ocrx_word' id='word_1_280' title='bbox 1016 2313 1114 2340; x_wconf 86' lang='lat' dir='ltr'><strong><em>cum</em></strong></span> 
     </span>
    </p>
   </div>
   <div class='ocr_carea' id='block_1_8' title="bbox 258 2356 1116 3484">
    <p class='ocr_par' dir='ltr' id='par_1_8' title="bbox 262 2356 1116 2466">
     <span class='ocr_line' id='line_1_32' title="bbox 262 2356 1116 2410; baseline 0.001 -13"><span class='ocrx_word' id='word_1_281' title='bbox 262 2357 409 2410; x_wconf 85' lang='lat' dir='ltr'>potius</span> <span class='ocrx_word' id='word_1_282' title='bbox 446 2356 604 2397; x_wconf 84' lang='lat' dir='ltr'>ideae</span> <span class='ocrx_word' id='word_1_283' title='bbox 657 2357 1007 2409; x_wconf 82' lang='lat' dir='ltr'>proceritatis</span> <span class='ocrx_word' id='word_1_284' title='bbox 1068 2366 1116 2398; x_wconf 88' lang='lat' dir='ltr'>et</span> 
     </span>
     <span class='ocr_line' id='line_1_33' title="bbox 265 2411 1087 2466; baseline 0.002 -14"><span class='ocrx_word' id='word_1_285' title='bbox 265 2413 559 2454; x_wconf 83' lang='lat' dir='ltr'>brevitatis</span> <span class='ocrx_word' id='word_1_286' title='bbox 589 2413 846 2466; x_wconf 81' lang='lat' dir='ltr'>spectandae</span> <span class='ocrx_word' id='word_1_287' title='bbox 876 2413 973 2454; x_wconf 88' lang='lat' dir='ltr'>sint.</span> <span class='ocrx_word' id='word_1_288' title='bbox 1072 2411 1087 2420; x_wconf 62' lang='grc'><strong>“</strong></span> 
     </span>
    </p>

    <p class='ocr_par' dir='ltr' id='par_1_9' title="bbox 261 2461 1114 2860">
     <span class='ocr_line' id='line_1_34' title="bbox 323 2461 1113 2524; baseline 0.004 -15"><span class='ocrx_word' id='word_1_289' title='bbox 323 2469 370 2509; x_wconf 90' lang='lat' dir='ltr'><strong><em>C.</em></strong></span> <span class='ocrx_word' id='word_1_290' title='bbox 402 2461 741 2522; x_wconf 75' lang='grc' dir='ltr'><strong><em>ἐπωνυμίαν</em></strong></span> <span class='ocrx_word' id='word_1_291' title='bbox 782 2464 902 2524; x_wconf 77' lang='grc' dir='ltr'><strong><em>ἔχει</em></strong></span> <span class='ocrx_word' id='word_1_292' title='bbox 937 2491 990 2499; x_wconf 89' lang='lat'><strong><em>-—</em></strong></span> <span class='ocrx_word' id='word_1_293' title='bbox 1035 2465 1113 2512; x_wconf 84' lang='grc' dir='ltr'><strong><em>εἷ·</em></strong></span> 
     </span>
     <span class='ocr_line' id='line_1_35' title="bbox 263 2518 1114 2580; baseline 0.001 -12"><span class='ocrx_word' id='word_1_294' title='bbox 263 2524 377 2577; x_wconf 87' lang='grc' dir='ltr'><strong><em>ναι]</em></strong></span> <span class='ocrx_word' id='word_1_295' title='bbox 407 2525 450 2569; x_wconf 91' lang='lat' dir='ltr'><strong><em>h.</em></strong></span> <span class='ocrx_word' id='word_1_296' title='bbox 476 2539 513 2568; x_wconf 90' lang='lat' dir='ltr'><strong><em>e.</em></strong></span> <span class='ocrx_word' id='word_1_297' title='bbox 544 2522 733 2580; x_wconf 82' lang='grc' dir='ltr'><strong><em>λέγεται</em></strong></span> <span class='ocrx_word' id='word_1_298' title='bbox 762 2540 797 2567; x_wconf 79' lang='lat' dir='ltr'><strong><em>s,</em></strong></span> <span class='ocrx_word' id='word_1_299' title='bbox 830 2518 1114 2580; x_wconf 83' lang='grc' dir='ltr'><strong><em>ὀνομάζεται</em></strong></span> 
     </span>
     <span class='ocr_line' id='line_1_36' title="bbox 264 2578 1113 2652; baseline -0.002 -27"><span class='ocrx_word' id='word_1_300' title='bbox 264 2578 407 2625; x_wconf 80' lang='grc' dir='ltr'><strong><em>εἶναι.</em></strong></span> <span class='ocrx_word' id='word_1_301' title='bbox 450 2583 560 2635; x_wconf 86' lang='lat' dir='ltr'>Apte</span> <span class='ocrx_word' id='word_1_302' title='bbox 582 2583 857 2623; x_wconf 87' lang='lat' dir='ltr'>Heindorf.</span> <span class='ocrx_word' id='word_1_303' title='bbox 894 2590 1113 2652; x_wconf 75' lang='lat' dir='ltr'>comparat</span> 
     </span>
     <span class='ocr_line' id='line_1_37' title="bbox 261 2632 1113 2698; baseline 0.004 -20"><span class='ocrx_word' id='word_1_304' title='bbox 261 2639 357 2682; x_wconf 87' lang='lat' dir='ltr'>Her.</span> <span class='ocrx_word' id='word_1_305' title='bbox 382 2640 432 2678; x_wconf 88' lang='grc' dir='ltr'><strong><em>ΙΙ.</em></strong></span> <span class='ocrx_word' id='word_1_306' title='bbox 455 2640 511 2678; x_wconf 87' lang='grc'><strong><em>44</em></strong></span> <span class='ocrx_word' id='word_1_307' title='bbox 547 2632 651 2691; x_wconf 77' lang='grc' dir='ltr'><strong><em>ἱρὸν</em></strong></span> <span class='ocrx_word' id='word_1_308' title='bbox 677 2632 954 2698; x_wconf 61' lang='grc' dir='ltr'><strong><em>εΗρακλέος,</em></strong></span> <span class='ocrx_word' id='word_1_309' title='bbox 993 2653 1113 2681; x_wconf 80' lang='grc' dir='ltr'><strong><em>επω-</em></strong></span> 
     </span>
     <span class='ocr_line' id='line_1_38' title="bbox 261 2690 1110 2748; baseline -0.001 -12"><span class='ocrx_word' id='word_1_310' title='bbox 261 2694 441 2746; x_wconf 83' lang='grc' dir='ltr'><strong><em>νυμίην</em></strong></span> <span class='ocrx_word' id='word_1_311' title='bbox 464 2690 654 2748; x_wconf 75' lang='grc' dir='ltr'><strong><em>ἔχοντος</em></strong></span> <span class='ocrx_word' id='word_1_312' title='bbox 678 2694 859 2739; x_wconf 82' lang='grc' dir='ltr'><strong><em>Θασίου</em></strong></span> <span class='ocrx_word' id='word_1_313' title='bbox 883 2697 1024 2739; x_wconf 82' lang='grc' dir='ltr'><strong><em>εἰναι.</em></strong></span> <span class='ocrx_word' id='word_1_314' title='bbox 1049 2696 1110 2736; x_wconf 88' lang='lat' dir='ltr'><strong><em>De</em></strong></span> 
     </span>
     <span class='ocr_line' id='line_1_39' title="bbox 261 2747 1112 2803; baseline 0.001 -12"><span class='ocrx_word' id='word_1_315' title='bbox 261 2751 336 2793; x_wconf 83' lang='lat' dir='ltr'>inf.</span> <span class='ocrx_word' id='word_1_316' title='bbox 362 2747 487 2792; x_wconf 83' lang='grc' dir='ltr'><strong><em>εἶναι</em></strong></span> <span class='ocrx_word' id='word_1_317' title='bbox 504 2758 600 2803; x_wconf 91' lang='lat' dir='ltr'>post</span> <span class='ocrx_word' id='word_1_318' title='bbox 620 2753 749 2791; x_wconf 83' lang='lat' dir='ltr'>verba</span> <span class='ocrx_word' id='word_1_319' title='bbox 771 2752 1015 2792; x_wconf 87' lang='lat' dir='ltr'>nominandi</span> <span class='ocrx_word' id='word_1_320' title='bbox 1035 2752 1112 2792; x_wconf 83' lang='lat' dir='ltr'><strong><em>ad-</em></strong></span> 
     </span>
     <span class='ocr_line' id='line_1_40' title="bbox 261 2806 880 2860; baseline -0.002 -12"><span class='ocrx_word' id='word_1_321' title='bbox 261 2808 350 2848; x_wconf 85' lang='lat' dir='ltr'>dito</span> <span class='ocrx_word' id='word_1_322' title='bbox 371 2821 411 2847; x_wconf 92' lang='lat' dir='ltr'><strong><em>v.</em></strong></span> <span class='ocrx_word' id='word_1_323' title='bbox 434 2807 489 2847; x_wconf 84' lang='lat' dir='ltr'><strong><em>ad</em></strong></span> <span class='ocrx_word' id='word_1_324' title='bbox 511 2806 669 2849; x_wconf 83' lang='lat' dir='ltr'>Phileb.</span> <span class='ocrx_word' id='word_1_325' title='bbox 693 2821 735 2860; x_wconf 91' lang='lat' dir='ltr'><strong><em>p.</em></strong></span> <span class='ocrx_word' id='word_1_326' title='bbox 761 2809 812 2848; x_wconf 88' lang='lat'><strong><em>13</em></strong></span> <span class='ocrx_word' id='word_1_327' title='bbox 833 2807 880 2849; x_wconf 92' lang='grc' dir='ltr'><strong><em>Β.</em></strong></span> 
     </span>
    </p>

    <p class='ocr_par' dir='ltr' id='par_1_10' title="bbox 258 2858 1111 3484">
     <span class='ocr_line' id='line_1_41' title="bbox 291 2858 1106 2919; baseline 0 -14"><span class='ocrx_word' id='word_1_328' title='bbox 291 2862 417 2905; x_wconf 80' lang='grc' dir='ltr'><strong><em>’τοὺ</em></strong></span> <span class='ocrx_word' id='word_1_329' title='bbox 446 2858 553 2917; x_wconf 79' lang='grc' dir='ltr'><strong><em>μὲν</em></strong></span> <span class='ocrx_word' id='word_1_330' title='bbox 580 2862 651 2919; x_wconf 81' lang='grc' dir='ltr'><strong><em>τῷ</em></strong></span> <span class='ocrx_word' id='word_1_331' title='bbox 680 2861 818 2917; x_wconf 88' lang='grc' dir='ltr'><strong><em>μεγ.]</em></strong></span> <span class='ocrx_word' id='word_1_332' title='bbox 859 2865 1106 2917; x_wconf 68' lang='lat' dir='ltr'>Vfigelin.</span> 
     </span>
     <span class='ocr_line' id='line_1_42' title="bbox 261 2919 1108 2987; baseline 0 -27"><span class='ocrx_word' id='word_1_333' title='bbox 261 2919 399 2963; x_wconf 79' lang='lat' dir='ltr'>Praef.</span> <span class='ocrx_word' id='word_1_334' title='bbox 422 2920 476 2960; x_wconf 85' lang='lat' dir='ltr'><strong><em>ad</em></strong></span> <span class='ocrx_word' id='word_1_335' title='bbox 492 2919 670 2960; x_wconf 86' lang='lat' dir='ltr'>Phaedr.</span> <span class='ocrx_word' id='word_1_336' title='bbox 696 2920 760 2962; x_wconf 84' lang='lat' dir='ltr'><strong><em>ed.</em></strong></span> <span class='ocrx_word' id='word_1_337' title='bbox 785 2919 886 2977; x_wconf 79' lang='lat' dir='ltr'>min.</span> <span class='ocrx_word' id='word_1_338' title='bbox 906 2933 947 2987; x_wconf 77' lang='lat' dir='ltr'><strong><em>p.</em></strong></span> <span class='ocrx_word' id='word_1_339' title='bbox 968 2922 1020 2961; x_wconf 88' lang='lat'><strong><em>18</em></strong></span> <span class='ocrx_word' id='word_1_340' title='bbox 1041 2921 1108 2961; x_wconf 88' lang='lat' dir='ltr'>hic</span> 
     </span>
     <span class='ocr_line' id='line_1_43' title="bbox 263 2976 1110 3031; baseline 0.004 -16"><span class='ocrx_word' id='word_1_341' title='bbox 263 2976 568 3019; x_wconf 85' lang='lat' dir='ltr'>eliminandum</span> <span class='ocrx_word' id='word_1_342' title='bbox 604 2983 750 3016; x_wconf 86' lang='lat' dir='ltr'>censet</span> <span class='ocrx_word' id='word_1_343' title='bbox 772 2980 1014 3031; x_wconf 78' lang='grc' dir='ltr'><strong><em>ὑπερέχων</em></strong></span> <span class='ocrx_word' id='word_1_344' title='bbox 1036 2979 1110 3019; x_wconf 86' lang='lat' dir='ltr'><strong><em>ad-</em></strong></span> 
     </span>
     <span class='ocr_line' id='line_1_44' title="bbox 262 3032 1111 3087; baseline 0.002 -14"><span class='ocrx_word' id='word_1_345' title='bbox 262 3034 492 3087; x_wconf 84' lang='lat' dir='ltr'>stipulante</span> <span class='ocrx_word' id='word_1_346' title='bbox 519 3033 829 3073; x_wconf 85' lang='lat' dir='ltr'>Hermanno.</span> <span class='ocrx_word' id='word_1_347' title='bbox 881 3032 967 3074; x_wconf 88' lang='lat' dir='ltr'><strong><em>Sed</em></strong></span> <span class='ocrx_word' id='word_1_348' title='bbox 995 3035 1111 3087; x_wconf 87' lang='lat' dir='ltr'>prior</span> 
     </span>
     <span class='ocr_line' id='line_1_45' title="bbox 259 3089 1109 3142; baseline 0.001 -12"><span class='ocrx_word' id='word_1_349' title='bbox 259 3091 494 3131; x_wconf 85' lang='lat' dir='ltr'>sententiae</span> <span class='ocrx_word' id='word_1_350' title='bbox 510 3089 713 3142; x_wconf 83' lang='lat' dir='ltr'>particula</span> <span class='ocrx_word' id='word_1_351' title='bbox 728 3089 1016 3130; x_wconf 81' lang='lat' dir='ltr'>sincerissima</span> <span class='ocrx_word' id='word_1_352' title='bbox 1034 3098 1109 3140; x_wconf 82' lang='lat' dir='ltr'>est,</span> 
     </span>
     <span class='ocr_line' id='line_1_46' title="bbox 259 3139 1111 3202; baseline 0.004 -16"><span class='ocrx_word' id='word_1_353' title='bbox 259 3147 385 3187; x_wconf 88' lang='lat' dir='ltr'>modo</span> <span class='ocrx_word' id='word_1_354' title='bbox 426 3139 516 3201; x_wconf 87' lang='grc' dir='ltr'><strong><em>τὴν</em></strong></span> <span class='ocrx_word' id='word_1_355' title='bbox 553 3139 840 3200; x_wconf 82' lang='grc' dir='ltr'><strong><em>σμικρότητα</em></strong></span> <span class='ocrx_word' id='word_1_356' title='bbox 868 3139 1111 3202; x_wconf 86' lang='grc' dir='ltr'><strong><em>ὑπερέχων</em></strong></span> 
     </span>
     <span class='ocr_line' id='line_1_47' title="bbox 261 3202 1106 3257; baseline 0.004 -15"><span class='ocrx_word' id='word_1_357' title='bbox 261 3216 314 3243; x_wconf 87' lang='lat' dir='ltr'><strong><em>ex</em></strong></span> <span class='ocrx_word' id='word_1_358' title='bbox 345 3203 468 3246; x_wconf 88' lang='lat' dir='ltr'>codd.</span> <span class='ocrx_word' id='word_1_359' title='bbox 492 3203 625 3257; x_wconf 84' lang='lat' dir='ltr'>legas,</span> <span class='ocrx_word' id='word_1_360' title='bbox 657 3205 769 3253; x_wconf 89' lang='lat' dir='ltr'>quod</span> <span class='ocrx_word' id='word_1_361' title='bbox 802 3202 1106 3257; x_wconf 85' lang='lat' dir='ltr'>Stephanus</span> 
     </span>
     <span class='ocr_line' id='line_1_48' title="bbox 260 3256 1106 3313; baseline 0.006 -14"><span class='ocrx_word' id='word_1_362' title='bbox 260 3260 404 3300; x_wconf 85' lang='lat' dir='ltr'>nescio</span> <span class='ocrx_word' id='word_1_363' title='bbox 444 3272 519 3300; x_wconf 84' lang='lat' dir='ltr'><strong><em>cur</em></strong></span> <span class='ocrx_word' id='word_1_364' title='bbox 558 3260 601 3300; x_wconf 89' lang='lat' dir='ltr'><strong><em>in</em></strong></span> <span class='ocrx_word' id='word_1_365' title='bbox 639 3256 859 3313; x_wconf 89' lang='grc' dir='ltr'><strong><em>παρέχων</em></strong></span> <span class='ocrx_word' id='word_1_366' title='bbox 912 3262 1106 3304; x_wconf 85' lang='lat' dir='ltr'>mutavit.</span> 
     </span>
     <span class='ocr_line' id='line_1_49' title="bbox 258 3309 1106 3371; baseline 0.001 -14"><span class='ocrx_word' id='word_1_367' title='bbox 258 3316 365 3357; x_wconf 84' lang='lat' dir='ltr'><strong><em>Nam</em></strong></span> <span class='ocrx_word' id='word_1_368' title='bbox 385 3309 636 3370; x_wconf 82' lang='grc' dir='ltr'><strong><em>ὑπερέχειν</em></strong></span> <span class='ocrx_word' id='word_1_369' title='bbox 656 3309 763 3358; x_wconf 89' lang='grc' dir='ltr'><strong><em>τινά</em></strong></span> <span class='ocrx_word' id='word_1_370' title='bbox 780 3318 992 3356; x_wconf 75' lang='lat' dir='ltr'>recto-dici</span> <span class='ocrx_word' id='word_1_371' title='bbox 1014 3318 1106 3371; x_wconf 86' lang='lat' dir='ltr'>ipse</span> 
     </span>
     <span class='ocr_line' id='line_1_50' title="bbox 260 3372 1105 3427; baseline 0 -13"><span class='ocrx_word' id='word_1_372' title='bbox 260 3372 567 3427; x_wconf 82' lang='lat' dir='ltr'>Stephanus</span> <span class='ocrx_word' id='word_1_373' title='bbox 607 3374 648 3413; x_wconf 88' lang='lat' dir='ltr'><strong><em>in</em></strong></span> <span class='ocrx_word' id='word_1_374' title='bbox 686 3372 891 3413; x_wconf 81' lang='lat' dir='ltr'>Thesaur.</span> <span class='ocrx_word' id='word_1_375' title='bbox 923 3374 968 3413; x_wconf 86' lang='lat' dir='ltr'><strong><em>T.</em></strong></span> <span class='ocrx_word' id='word_1_376' title='bbox 1000 3375 1031 3414; x_wconf 95' lang='grc' dir='ltr'><strong><em>Ι.</em></strong></span> <span class='ocrx_word' id='word_1_377' title='bbox 1062 3387 1105 3427; x_wconf 88' lang='lat' dir='ltr'><strong><em>p.</em></strong></span> 
     </span>
     <span class='ocr_line' id='line_1_51' title="bbox 261 3430 1105 3484; baseline 0.002 -15"><span class='ocrx_word' id='word_1_378' title='bbox 261 3430 370 3471; x_wconf 88' lang='lat'>1359</span> <span class='ocrx_word' id='word_1_379' title='bbox 392 3430 534 3470; x_wconf 85' lang='lat' dir='ltr'>docuit</span> <span class='ocrx_word' id='word_1_380' title='bbox 559 3437 598 3470; x_wconf 87' lang='lat' dir='ltr'>et</span> <span class='ocrx_word' id='word_1_381' title='bbox 618 3434 716 3484; x_wconf 86' lang='lat' dir='ltr'>post</span> <span class='ocrx_word' id='word_1_382' title='bbox 738 3442 832 3470; x_wconf 89' lang='lat' dir='ltr'><strong><em>eum</em></strong></span> <span class='ocrx_word' id='word_1_383' title='bbox 852 3430 1105 3476; x_wconf 85' lang='lat' dir='ltr'>Valcken‚</span> 
     </span>
    </p>
   </div>
   <div class='ocr_carea' id='block_1_9' title="bbox 1192 2358 2052 3488">
    <p class='ocr_par' dir='ltr' id='par_1_11' title="bbox 1194 2358 2052 3204">
     <span class='ocr_line' id='line_1_52' title="bbox 1201 2358 2052 2412; baseline 0.005 -15"><span class='ocrx_word' id='word_1_384' title='bbox 1201 2372 1247 2411; x_wconf 93' lang='grc' dir='ltr'><strong><em>μ.</em></strong></span> <span class='ocrx_word' id='word_1_385' title='bbox 1270 2371 1313 2402; x_wconf 87' lang='grc' dir='ltr'><strong><em>κ.</em></strong></span> <span class='ocrx_word' id='word_1_386' title='bbox 1337 2372 1376 2400; x_wconf 93' lang='grc' dir='ltr'><strong><em>τ.</em></strong></span> <span class='ocrx_word' id='word_1_387' title='bbox 1401 2358 1456 2410; x_wconf 59' lang='lat' dir='ltr'><strong><em>L,</em></strong></span> <span class='ocrx_word' id='word_1_388' title='bbox 1488 2371 1597 2410; x_wconf 85' lang='lat' dir='ltr'>quae</span> <span class='ocrx_word' id='word_1_389' title='bbox 1618 2367 1815 2412; x_wconf 87' lang='lat' dir='ltr'>corrupta</span> <span class='ocrx_word' id='word_1_390' title='bbox 1837 2371 1930 2400; x_wconf 88' lang='lat' dir='ltr'>v1sa</span> <span class='ocrx_word' id='word_1_391' title='bbox 1952 2369 2052 2402; x_wconf 84' lang='lat' dir='ltr'>sunt</span> 
     </span>
     <span class='ocr_line' id='line_1_53' title="bbox 1201 2415 2048 2468; baseline 0.005 -14"><span class='ocrx_word' id='word_1_392' title='bbox 1201 2415 1523 2455; x_wconf 85' lang='lat' dir='ltr'>Heindorfio</span> <span class='ocrx_word' id='word_1_393' title='bbox 1555 2415 2048 2468; x_wconf 71' lang='lat' dir='ltr'>etWyttenbachio.</span> 
     </span>
     <span class='ocr_line' id='line_1_54' title="bbox 1201 2469 2048 2524; baseline 0.006 -13"><span class='ocrx_word' id='word_1_394' title='bbox 1201 2470 1306 2512; x_wconf 88' lang='lat' dir='ltr'><strong><em>Nam</em></strong></span> <span class='ocrx_word' id='word_1_395' title='bbox 1329 2484 1425 2511; x_wconf 91' lang='lat' dir='ltr'><strong><em>cum</em></strong></span> <span class='ocrx_word' id='word_1_396' title='bbox 1447 2472 1541 2513; x_wconf 88' lang='lat' dir='ltr'>cod.</span> <span class='ocrx_word' id='word_1_397' title='bbox 1563 2473 1675 2524; x_wconf 87' lang='lat' dir='ltr'>Aug.</span> <span class='ocrx_word' id='word_1_398' title='bbox 1698 2471 1873 2513; x_wconf 85' lang='lat' dir='ltr'>habeat:</span> <span class='ocrx_word' id='word_1_399' title='bbox 1907 2472 1970 2514; x_wconf 85' lang='grc' dir='ltr'><strong><em>τῶ</em></strong></span> <span class='ocrx_word' id='word_1_400' title='bbox 1994 2469 2048 2516; x_wconf 83' lang='grc' dir='ltr'><strong><em>δὲ</em></strong></span> 
     </span>
     <span class='ocr_line' id='line_1_55' title="bbox 1199 2518 2051 2584; baseline 0.002 -16"><span class='ocrx_word' id='word_1_401' title='bbox 1199 2525 1400 2582; x_wconf 81' lang='grc' dir='ltr'><strong><em>μεγέθει</em></strong></span> <span class='ocrx_word' id='word_1_402' title='bbox 1440 2527 1526 2582; x_wconf 88' lang='grc' dir='ltr'><strong><em>τῆς</em></strong></span> <span class='ocrx_word' id='word_1_403' title='bbox 1572 2521 1882 2582; x_wconf 86' lang='grc' dir='ltr'><strong><em>σμικρότητος</em></strong></span> <span class='ocrx_word' id='word_1_404' title='bbox 1930 2518 2051 2584; x_wconf 79' lang='grc' dir='ltr'><strong><em>παρ-</em></strong></span> 
     </span>
     <span class='ocr_line' id='line_1_56' title="bbox 1198 2578 2049 2642; baseline 0.002 -17"><span class='ocrx_word' id='word_1_405' title='bbox 1198 2581 1318 2638; x_wconf 87' lang='grc' dir='ltr'><strong><em>έχων</em></strong></span> <span class='ocrx_word' id='word_1_406' title='bbox 1346 2578 1601 2639; x_wconf 84' lang='grc' dir='ltr'><strong><em>ὑπεροχήν,</em></strong></span> <span class='ocrx_word' id='word_1_407' title='bbox 1632 2597 1708 2638; x_wconf 91' lang='lat' dir='ltr'><strong><em>pro</em></strong></span> <span class='ocrx_word' id='word_1_408' title='bbox 1738 2585 1800 2642; x_wconf 75' lang='grc' dir='ltr'><strong><em>τῷ</em></strong></span> <span class='ocrx_word' id='word_1_409' title='bbox 1831 2580 1887 2626; x_wconf 89' lang='grc' dir='ltr'><strong><em>δέ</em></strong></span> <span class='ocrx_word' id='word_1_410' title='bbox 1907 2595 2049 2627; x_wconf 83' lang='lat' dir='ltr'>autem</span> 
     </span>
     <span class='ocr_line' id='line_1_57' title="bbox 1196 2641 2048 2693; baseline 0.006 -13"><span class='ocrx_word' id='word_1_411' title='bbox 1196 2641 1510 2680; x_wconf 84' lang='lat' dir='ltr'>Meibomius</span> <span class='ocrx_word' id='word_1_412' title='bbox 1542 2643 1583 2680; x_wconf 85' lang='lat' dir='ltr'>iu</span> <span class='ocrx_word' id='word_1_413' title='bbox 1612 2653 1746 2693; x_wconf 85' lang='lat' dir='ltr'>marg.</span> <span class='ocrx_word' id='word_1_414' title='bbox 1778 2641 1878 2681; x_wconf 86' lang='lat' dir='ltr'>edit.</span> <span class='ocrx_word' id='word_1_415' title='bbox 1902 2641 1997 2685; x_wconf 81' lang='lat' dir='ltr'>Bas.</span> <span class='ocrx_word' id='word_1_416' title='bbox 2022 2645 2048 2684; x_wconf 84' lang='lat'><strong>2</strong></span> 
     </span>
     <span class='ocr_line' id='line_1_58' title="bbox 1197 2692 2046 2750; baseline 0.006 -15"><span class='ocrx_word' id='word_1_417' title='bbox 1197 2697 1472 2750; x_wconf 86' lang='lat' dir='ltr'>adscripserit</span> <span class='ocrx_word' id='word_1_418' title='bbox 1487 2694 1571 2737; x_wconf 81' lang='grc' dir='ltr'><strong><em>τοῦ</em></strong></span> <span class='ocrx_word' id='word_1_419' title='bbox 1591 2692 1668 2749; x_wconf 86' lang='grc' dir='ltr'><strong><em>δέ,</em></strong></span> <span class='ocrx_word' id='word_1_420' title='bbox 1691 2697 1962 2749; x_wconf 64' lang='lat' dir='ltr'>Heindorf.</span> <span class='ocrx_word' id='word_1_421' title='bbox 1981 2699 2046 2740; x_wconf 89' lang='lat' dir='ltr'>his</span> 
     </span>
     <span class='ocr_line' id='line_1_59' title="bbox 1194 2753 2046 2806; baseline 0.006 -15"><span class='ocrx_word' id='word_1_422' title='bbox 1194 2753 1237 2791; x_wconf 88' lang='lat' dir='ltr'><strong><em>in</em></strong></span> <span class='ocrx_word' id='word_1_423' title='bbox 1266 2765 1395 2793; x_wconf 88' lang='lat' dir='ltr'>unum</span> <span class='ocrx_word' id='word_1_424' title='bbox 1427 2754 1662 2793; x_wconf 88' lang='lat' dir='ltr'>coniunctis</span> <span class='ocrx_word' id='word_1_425' title='bbox 1691 2753 1917 2806; x_wconf 85' lang='lat' dir='ltr'>legendum</span> <span class='ocrx_word' id='word_1_426' title='bbox 1947 2768 2046 2796; x_wconf 83' lang='lat' dir='ltr'>cen-</span> 
     </span>
     <span class='ocr_line' id='line_1_60' title="bbox 1195 2805 2044 2875; baseline 0.006 -27"><span class='ocrx_word' id='word_1_427' title='bbox 1195 2808 1302 2871; x_wconf 69' lang='lat' dir='ltr'>suit:</span> <span class='ocrx_word' id='word_1_428' title='bbox 1334 2808 1418 2850; x_wconf 86' lang='grc' dir='ltr'><strong><em>τοῦ</em></strong></span> <span class='ocrx_word' id='word_1_429' title='bbox 1449 2805 1503 2850; x_wconf 72' lang='grc' dir='ltr'><strong><em>δὲ</em></strong></span> <span class='ocrx_word' id='word_1_430' title='bbox 1532 2808 1594 2864; x_wconf 81' lang='grc' dir='ltr'><strong><em>τῷ</em></strong></span> <span class='ocrx_word' id='word_1_431' title='bbox 1616 2805 1816 2875; x_wconf 44' lang='grc' dir='ltr'><strong><em>μεγεέθει</em></strong></span> <span class='ocrx_word' id='word_1_432' title='bbox 1837 2809 1923 2864; x_wconf 87' lang='grc' dir='ltr'><strong><em>τῆς</em></strong></span> <span class='ocrx_word' id='word_1_433' title='bbox 1945 2823 2044 2865; x_wconf 90' lang='grc' dir='ltr'><strong><em>σμι-</em></strong></span> 
     </span>
     <span class='ocr_line' id='line_1_61' title="bbox 1195 2861 2045 2922; baseline 0.004 -16"><span class='ocrx_word' id='word_1_434' title='bbox 1195 2878 1424 2919; x_wconf 86' lang='grc' dir='ltr'><strong><em>κροτητος</em></strong></span> <span class='ocrx_word' id='word_1_435' title='bbox 1446 2862 1665 2920; x_wconf 88' lang='grc' dir='ltr'><strong><em>παρέχων</em></strong></span> <span class='ocrx_word' id='word_1_436' title='bbox 1686 2861 1946 2922; x_wconf 77' lang='grc' dir='ltr'><strong><em>ὑπεροχήν,</em></strong></span> <span class='ocrx_word' id='word_1_437' title='bbox 1969 2869 2045 2909; x_wconf 87' lang='lat' dir='ltr'>al-</span> 
     </span>
     <span class='ocr_line' id='line_1_62' title="bbox 1196 2923 2043 2978; baseline 0.005 -17"><span class='ocrx_word' id='word_1_438' title='bbox 1196 2923 1368 2962; x_wconf 86' lang='lat' dir='ltr'>terius</span> <span class='ocrx_word' id='word_1_439' title='bbox 1392 2935 1513 2962; x_wconf 90' lang='lat' dir='ltr'>vero</span> <span class='ocrx_word' id='word_1_440' title='bbox 1535 2924 1897 2976; x_wconf 81' lang='lat' dir='ltr'>magnitudini</span> <span class='ocrx_word' id='word_1_441' title='bbox 1917 2937 2043 2978; x_wconf 85' lang='lat' dir='ltr'>par-</span> 
     </span>
     <span class='ocr_line' id='line_1_63' title="bbox 1197 2978 2044 3034; baseline 0.005 -17"><span class='ocrx_word' id='word_1_442' title='bbox 1197 2978 1414 3018; x_wconf 84' lang='lat' dir='ltr'>vitatem</span> <span class='ocrx_word' id='word_1_443' title='bbox 1493 2991 1615 3019; x_wconf 87' lang='lat' dir='ltr'>suam</span> <span class='ocrx_word' id='word_1_444' title='bbox 1688 2992 1914 3034; x_wconf 84' lang='lat' dir='ltr'>superan</span> <span class='ocrx_word' id='word_1_445' title='bbox 1931 2982 2044 3021; x_wconf 84' lang='lat' dir='ltr'><strong><em>dam</em></strong></span> 
     </span>
     <span class='ocr_line' id='line_1_64' title="bbox 1196 3036 2044 3090; baseline 0.007 -17"><span class='ocrx_word' id='word_1_446' title='bbox 1196 3036 1472 3088; x_wconf 83' lang='lat' dir='ltr'>praebens.</span> <span class='ocrx_word' id='word_1_447' title='bbox 1531 3036 1664 3076; x_wconf 87' lang='lat' dir='ltr'>Aliter</span> <span class='ocrx_word' id='word_1_448' title='bbox 1721 3037 2044 3090; x_wconf 74' lang='lat' dir='ltr'>Wyttenba-</span> 
     </span>
     <span class='ocr_line' id='line_1_65' title="bbox 1198 3091 2041 3146; baseline 0.005 -16"><span class='ocrx_word' id='word_1_449' title='bbox 1198 3091 1367 3140; x_wconf 86' lang='lat' dir='ltr'>chius,</span> <span class='ocrx_word' id='word_1_450' title='bbox 1386 3094 1456 3144; x_wconf 93' lang='lat' dir='ltr'>qui</span> <span class='ocrx_word' id='word_1_451' title='bbox 1479 3091 1617 3133; x_wconf 87' lang='lat' dir='ltr'>locum</span> <span class='ocrx_word' id='word_1_452' title='bbox 1638 3094 1699 3133; x_wconf 88' lang='lat' dir='ltr'>sic</span> <span class='ocrx_word' id='word_1_453' title='bbox 1720 3092 1872 3146; x_wconf 87' lang='lat' dir='ltr'>refingi</span> <span class='ocrx_word' id='word_1_454' title='bbox 1892 3095 2041 3135; x_wconf 88' lang='lat' dir='ltr'>iussit:</span> 
     </span>
     <span class='ocr_line' id='line_1_66' title="bbox 1196 3143 2021 3204; baseline 0.005 -16"><span class='ocrx_word' id='word_1_455' title='bbox 1196 3145 1259 3203; x_wconf 82' lang='grc' dir='ltr'><strong><em>τῷ</em></strong></span> <span class='ocrx_word' id='word_1_456' title='bbox 1288 3145 1391 3201; x_wconf 88' lang='grc' dir='ltr'><strong><em>μέν,</em></strong></span> <span class='ocrx_word' id='word_1_457' title='bbox 1424 3147 1486 3204; x_wconf 82' lang='grc' dir='ltr'><strong><em>τῷ</em></strong></span> <span class='ocrx_word' id='word_1_458' title='bbox 1527 3147 1727 3204; x_wconf 83' lang='grc' dir='ltr'><strong><em>μεγέθει</em></strong></span> <span class='ocrx_word' id='word_1_459' title='bbox 1768 3143 2021 3204; x_wconf 86' lang='grc' dir='ltr'><strong><em>ὑπερέχειν</em></strong></span> 
     </span>
    </p>

    <p class='ocr_par' dir='ltr' id='par_1_12' title="bbox 1192 3182 2042 3488">
     <span class='ocr_line' id='line_1_67' title="bbox 1196 3182 2041 3263; baseline 0.002 -17"><span class='ocrx_word' id='word_1_460' title='bbox 1196 3199 1288 3257; x_wconf 86' lang='grc' dir='ltr'><strong><em>τὴν</em></strong></span> <span class='ocrx_word' id='word_1_461' title='bbox 1317 3199 1606 3259; x_wconf 83' lang='grc' dir='ltr'><strong><em>σμικρότητα</em></strong></span> <span class='ocrx_word' id='word_1_462' title='bbox 1635 3201 1870 3260; x_wconf 83' lang='grc' dir='ltr'><strong><em>παρέχων,</em></strong></span> <span class='ocrx_word' id='word_1_463' title='bbox 1899 3205 1963 3263; x_wconf 81' lang='grc' dir='ltr'><strong><em>τῷ</em></strong></span> <span class='ocrx_word' id='word_1_464' title='bbox 1987 3182 2041 3248; x_wconf 51' lang='grc' dir='ltr'><strong><em>δέ</em></strong></span> 
     </span>
     <span class='ocr_line' id='line_1_68' title="bbox 1194 3254 2042 3316; baseline 0.002 -14"><span class='ocrx_word' id='word_1_465' title='bbox 1194 3254 1246 3302; x_wconf 88' lang='grc' dir='ltr'><strong><em>τὸ</em></strong></span> <span class='ocrx_word' id='word_1_466' title='bbox 1314 3258 1522 3316; x_wconf 87' lang='grc' dir='ltr'><strong><em>μέγεθος</em></strong></span> <span class='ocrx_word' id='word_1_467' title='bbox 1587 3260 1672 3316; x_wconf 86' lang='grc' dir='ltr'><strong><em>τῆς</em></strong></span> <span class='ocrx_word' id='word_1_468' title='bbox 1731 3256 2042 3316; x_wconf 85' lang='grc' dir='ltr'><strong><em>σμικρότητος</em></strong></span> 
     </span>
     <span class='ocr_line' id='line_1_69' title="bbox 1192 3312 2040 3373; baseline 0.002 -14"><span class='ocrx_word' id='word_1_469' title='bbox 1192 3312 1439 3373; x_wconf 87' lang='grc' dir='ltr'><strong><em>ὑπερέχον.</em></strong></span> <span class='ocrx_word' id='word_1_470' title='bbox 1506 3320 1563 3359; x_wconf 89' lang='lat' dir='ltr'>At</span> <span class='ocrx_word' id='word_1_471' title='bbox 1603 3330 1683 3358; x_wconf 87' lang='lat' dir='ltr'><strong><em>non</em></strong></span> <span class='ocrx_word' id='word_1_472' title='bbox 1725 3319 1892 3359; x_wconf 81' lang='lat' dir='ltr'>videtur</span> <span class='ocrx_word' id='word_1_473' title='bbox 1931 3331 2040 3373; x_wconf 86' lang='lat' dir='ltr'>opus</span> 
     </span>
     <span class='ocr_line' id='line_1_70' title="bbox 1193 3374 2040 3418; baseline 0.004 -4"><span class='ocrx_word' id='word_1_474' title='bbox 1193 3387 1288 3416; x_wconf 86' lang='lat' dir='ltr'>esse</span> <span class='ocrx_word' id='word_1_475' title='bbox 1308 3376 1557 3418; x_wconf 84' lang='lat' dir='ltr'>mutatione.</span> <span class='ocrx_word' id='word_1_476' title='bbox 1580 3374 1686 3415; x_wconf 86' lang='lat' dir='ltr'><strong><em>Nam</em></strong></span> <span class='ocrx_word' id='word_1_477' title='bbox 1710 3375 1838 3414; x_wconf 84' lang='lat' dir='ltr'>verba</span> <span class='ocrx_word' id='word_1_478' title='bbox 1857 3376 1917 3416; x_wconf 90' lang='lat' dir='ltr'><strong><em>ita</em></strong></span> <span class='ocrx_word' id='word_1_479' title='bbox 1938 3389 2040 3417; x_wconf 87' lang='lat' dir='ltr'>con-</span> 
     </span>
     <span class='ocr_line' id='line_1_71' title="bbox 1194 3424 2039 3488; baseline 0.006 -17"><span class='ocrx_word' id='word_1_480' title='bbox 1194 3432 1401 3473; x_wconf 82' lang='lat' dir='ltr'>nectenda</span> <span class='ocrx_word' id='word_1_481' title='bbox 1431 3437 1562 3473; x_wconf 69' lang='lat' dir='ltr'>sunt:</span> <span class='ocrx_word' id='word_1_482' title='bbox 1588 3430 1650 3487; x_wconf 81' lang='grc' dir='ltr'><strong><em>τῷ</em></strong></span> <span class='ocrx_word' id='word_1_483' title='bbox 1683 3426 1736 3473; x_wconf 74' lang='grc' dir='ltr'><strong><em>δὲ</em></strong></span> <span class='ocrx_word' id='word_1_484' title='bbox 1758 3424 1810 3473; x_wconf 82' lang='grc' dir='ltr'><strong><em>τὸ</em></strong></span> <span class='ocrx_word' id='word_1_485' title='bbox 1831 3428 2039 3488; x_wconf 79' lang='grc' dir='ltr'><strong><em>μέγεθος</em></strong></span> 
     </span>
    </p>
   </div>
  </div>
 </body>
</html>
