2222 3762
1646 145 1786 199 LIII

86 286 374 358 explicare
400 295 459 340 'et
503 287 870 358 interpretari,
923 303 1043 350 sese
1101 284 1234 338 dare
1289 294 1537 357 oportere
1577 286 1646 337 ad
1683 286 1783 340 hos

83 358 428 427 potissimum
466 357 810 411 lectitandos.
887 355 997 423 Qui
1033 374 1346 425 quanquam
1392 357 1498 428 ipsi
1548 376 1658 410 non
1706 357 1786 409 ita

86 431 232 491 inter»
268 430 675 497 se‘.cohaerent.‚
714 437 776 480 ut
812 434 1073 498 perpetua
1107 429 1248 480 serie
1288 427 1784 497 doctrinae'quen-

89 499 221 553 dam
263 501 420 569 quasi
467 501 653 554 orbem
715 498 1037 565 conficiant,
1089 505 1274 552 tamen
1323 499 1458 567 quid
1505 499 1664 551 Plato
1714 498 1784 551 de

87 571 252 624 rebus
302 572 551 625 humanis
604 590 665 624 ac
704 570 903 623 divinis
940 570 1202 636 senserit,
1244 572 1447 642 optime
1485 569 1780 639 declarant,

88 650 151 695 ut
172 649 399 701 tantum
434 659 545 696 non
580 662 679 714 pro
718 641 845 695 sede
878 658 950 692 ac
987 640 1257 696 domicilio
1285 641 1627 695 decretorum
1655 641 1783 693 Pla-

88 715 393 768 tonicorum
429 713 667 770 habendi
702 712 1006 766 videantur.

226 784 338 840 Sed
374 786 431 839 in
467 805 583 838 eam
618 784 1039 855 disputationem
1070 803 1177 853 quo
1209 784 1384 836 minus
1422 802 1566 837 nunc
1605 782 1784 855 digre-

87 856 330 923 diamur,
385 857 623 910 instituti
673 854 847 908 nostri
896 854 1095 908 finibus
1142 855 1509 926 prohibemur.
1583 854 1783 923 Itaque

85 934 271 996 restat,
307 935 371 980 ut
406 928 632 988 libros
683 926 758 979 de
796 926 1114 1047 Legibus
1152 926 1441 978 tertia-m
1479 927 1783 996 scripto-

87 1017 229 1052 rum
277 999 814 1053 Platonicorum
871 1015 898 1048 c
948 1013 1180 1048 assem
1236 997 1538 1065 conficere,
1604 1004 1784 1050 cetera

89 1077 267 1127 autem
308 1071 506 1137 omnia,
548 1088 687 1138 quae
720 1067 886 1138 vulgo
919 1066 1139 1119 Platoni
1175 1067 1506 1134 tribuuntur,
1548 1067 1664 1120 eius
1699 1068 1783 1128 in-

86 1141 251 1211 genio
306 1140 534 1213 indigna
583 1138 755 1192 videri
794 1138 960 1191 verbo
998 1156 1326 1193 moneamus.
1403 1139 1600 1208 Neque
1639 1139 1783 1191 enim

87 1211 411 1282 copiosiore·²
444 1229 581 1282 opus
640 1218 723 1264 est
769 1208 854 1262 dis
895 1209 1157 1262 utatione.
1235 1209 1380 1262 Nam
1427 1209 1496 1262 de
1535 1209 1781 1281 Legibus

41 1331 43 1337 Α
88 1303 151 1338 su
213 1283 415 1342 asatis
443 1282 687 1346 rdictum3
727 1280 795 1333 de
829 1229 1246 1351 Eppinomide
1285 1288 1483 1350 autem,
1515 1281 1779 1334 Alcibi-

86 1373 119 1407 a
185 1373 214 1406 e
252 1354 362 1422 IL,
421 1354 731 1425 Theage‚
780 1351 1268 1420 AmatoribuS‚
1331 1351 1777 1423 Hipparche,

88 1423 882 1495 MinoeffClitophonte,
909 1423 1205 1494 Eryxia‚
1245 1423 1383 1491 aliis,
1411 1423 1520 1477 iam
1557 1442 1590 1476 a
1611 1423 1780 1477 Mei—

87 1497 369 1564 nereio„¹
412 1497 926 1562 Tennemann0‚
977 1493 1075 1546 Bo
1101 1493 1386 1563 eckhiO,
1426 1493 1780 1549 Schleier-

88 1567 448 1637 machere,
506 1567 748 1633 Astio‚
800 1567 879 1618 ita
926 1564 1262 1636 disputatum
1311 1574 1423 1634 est,
1485 1573 1545 1618 ut
1604 1585 1697 1619 eos
1748 1585 1781 1618 a

88 1638 318 1692 Platone
355 1637 747 1692 abiudicandos
786 1656 905 1690 esse
943 1656 1053 1689 non
1086 1637 1262 1708 possit
1287 1636 1541 1706 dubitari,
1568 1637 1674 1690 nisi
1711 1638 1778 1691 ab

88 1711 353 1780 imperitis
389 1709 859 1765 homuncionibus,

230 1780 305 1835 Et
340 1782 475 1842 haec
512 1780 732 1850 quidem
769 1779 835 1832 de
873 1779 1122 1832 Platonis
1162 1779 1290 1848 vita,
1320 1778 1587 1848 doctrina,
1627 1780 1780 1852 inge-

88 1855 186 1907 nio.
238 1860 310 1908 et.
354 1854 592 1923 scriptiS.
687 1851 844 1918 Quae
910 1850 1129 1919 quidem
1189 1850 1406 1904 abunde
1467 1851 1781 1905 sufficerent

88 1925 247 1982 huius
270 1924 595 1995 'scriptionis
645 1923 901 1989 consilio,
943 1921 1048 1975 nisi
1099 1921 1305 1992 aliquid
1350 1921 1660 1976 addendum
1697 1923 1777 1976 vi-

91 1996 310 2054 deretur
353 1995 420 2049 de
477 1995 800 2065 scriptorum
864 1993 1273 2046 Platonicorum
1321 1993 1495 2047 forma
1554 2012 1618 2048 ac
1668 1993 1780 2047 dis·

91 2066 551 2131 serendi-fratione
574 2067 644 2135 ²¹²).
718 2066 826 2118 Est
850 2066 993 2118 enim
1013 2065 1150 2118 haec
1187 2084 1310 2117 cum
1346 2065 1481 2134 ipsis
1517 2066 1784 2119 librorum

90 2138 427 2209 argumentis
488 2137 625 2190 adeo
686 2137 1007 2202 coniuncta,
1059 2143 1122 2187 ut
1169 2136 1265 2204 qui
1306 2155 1430 2188 eam
1476 2137 1778 2208 negligant,

92 2210 239 2266 nullo
270 2208 441 2270 -modo
478 2208 761 2279 pervenire
798 2207 1010 2277 possint
1041 2206 1111 2258 ad
1136 2207 1352 2277 plenam
1373 2207 1781 2276 perfectamque

95 2279 484 2334 sententiarum
522 2278 927 2332 Platonicarum
962 2277 1395 2348 intelligentiam.

180 2397 185 2399 ,
234 2350 419 2418 Quum
456 2350 627 2423 igitur
662 2356 857 2402 natura
893 2349 949 2402 in
973 2349 1222 2402 Platonis
1258 2348 1476 2419 ingenio
1516 2367 1782 2402 summum

95 2423 227 2480 veri·
253 2421 494 2476 studium
544 2441 666 2474 cum
714 2419 975 2481 acerrimo
1027 2419 1204 2489 pulcri
1248 2419 1572 2488 venustique
1620 2439 1782 2475 sensu

94 2493 490 2564 copulavisset,
528 2493 608 2545 ita
654 2499 717 2545 ut
760 2498 967 2544 mature
1016 2490 1086 2543 ad
1130 2490 1326 2561 poesin
1371 2490 1608 2543 animum
1646 2490 1782 2543 adii-

97 2572 264 2634 ceret,
302 2565 507 2625 factum
543 2571 642 2632 est,
674 2570 739 2616 ut
772 2581 874 2615 nec
914 2569 1125 2633 postea,
1153 2581 1318 2632 quum
1353 2580 1412 2614 se
1445 2569 1625 2614 totum
1659 2563 1782 2633 phi-

95 2635 374 2707 losophiae
400 2634 660 2704 dedisset,
687 2634 976 2706 pristinum
997 2633 1180 2703 poesis
1205 2651 1441 2686 amorem
1466 2631 1781 2704 deponeret,

98 2707 210 2763 sed
231 2726 354 2769 eum
391 2705 474 2761 ad*
497 2705 873 2778 philosophiae
912 2705 1097 2765 studia
1122 2704 1437 2757 transferret
1462 2723 1585 2757 cum
1603 2705 1781 2774 iisque

99 2779 466 2850 coniungeret.
539 2777 699 2832 Vidit
739 2784 918 2830 autem
966 2775 1344 2848 philosophiae
1382 2775 1786 2830 institutionem

98 2850 388 2922 plurimum
434 2850 571 2903 lucri
624 2856 903 2918 capturam
951 2867 1071 2902 esse
1106 2855 1223 2899 tum
1243 2845 1331 2913 *ad
1367 2847 1691 2900 suavitatem
1730 2855 1784 2899 et

100 2919 505 2989 iucunditatem,
539 2929 649 2974 tum
688 2918 757 2972 ad
794 2918 1095 2973 disserendi
1130 2918 1239 2969 vim
1278 2925 1331 2970 et
1367 2918 1707 2989 gravitatem,
1734 2918 1781 2971 si

101 2994 151 3047 ei
188 2992 344 3062 quasi
379 2991 546 3045 vitam
582 2999 893 3060 motumque
932 2989 1250 3062 adiungeret
1277 2995 1555 3059 totamque
1576 2988 1646 3041 ad
1683 2988 1783 3042 hu-

101 3082 290 3119 manae
324 3070 549 3117 naturae
587 3069 804 3134 captum
842 3058 1287 3116 accommodaret.
1359 3058 1526 3127 Quod
1563 3059 1784 3130 quidem

158 3305 201 3359 ²⁸)
233 3295 300 3347 De
330 3304 549 3357 Platonici
589 3303 753 3356 dialogi
779 3288 948 3348 ,natura
989 3280 1126 3356 nuper
1157 3303 1397 3356 disputavit
1425 3272 1584 3349 eximie
1615 3299 1779 3341 Heus-

220 3364 346 3404 dius
375 3362 477 3405 Init.
510 3362 627 3403 Phil.
657 3361 757 3402 Vol.
791 3361 850 3402 11.
882 3361 931 3402 P.
964 3361 1001 3402 1.
1032 3375 1073 3414 p.
1104 3359 1201 3407 151.
1232 3373 1328 3414 sqq.
