2158 3718
660 148 674 151 i*
770 174 852 214 AD
891 174 1248 215 sYMPosmM.
1690 176 1841 215 xxxi

159 304 215 356 in
250 321 411 373 quam
446 302 591 374 apud
626 303 870 371 aequales
904 302 1193 367 incidisset,
1231 300 1386 355 iustis
1423 300 1668 355 vindiciis
1702 302 1836 356 libe·-

160 383 382 439 raretur.
418 372 606 443 Neque
629 373 769 427 enim
786 373 1069 443 quisquam
1085 380 1324 428 veterum
1342 372 1677 443 scriptorum,
1697 374 1839 441 quod

159 463 258 499 nos
292 444 508 514 quidem
543 443 953 509 meminerimus,
990 444 1270 498 memoriae
1294 442 1531 514 prodidit
1552 443 1720 496 malos
1742 462 1837 496 ru-

159 534 332 569 mores
355 515 423 568 de
447 514 549 568 viri
581 515 837 586 pudicitia
859 515 1103 579 Athenis,
1141 514 1271 568 dum
1301 514 1503 568 viveret
1538 522 1629 567 aut
1661 515 1841 583 paullo

157 594 298 657 post,
334 585 651 646 manavisse.
688 585 903 639 Etenim
938 584 1306 656 Xenophon
1341 585 1560 655 quidem
1593 584 1762 639 Mem.
1794 583 1840 637 I.

158 658 208 722 2,
237 657 287 710 1.
323 656 468 725 quod
491 665 896 710 commemorato
920 656 1082 710 altero
1117 656 1466 710 accusationis
1504 655 1703 726 capite:
1730 655 1836 706 Σω-

157 727 340 796 κράτης
363 726 505 783 νέους
530 727 804 797 διέφθειρε,
825 727 1074 782 continuo
1092 724 1612 781 ostenditSocratem
1630 726 1843 780 omnino

155 795 320 850 filisse
339 799 435 848 τῶν
464 797 766 867 ἀφροδισίων
795 797 1196 868 ἐγκρατέστατοψ,
1212 797 1272 851 id
1289 797 1420 851 nihil
1437 796 1646 868 probat.
1664 795 1842 850 Multo

155 867 332 921 minus
368 875 547 921 autem
581 868 908 922 auctoritatis
941 867 1138 922 habent
1180 886 1317 937 quae
1391 867 1660 922 osterioris
1695 876 1841 921 aeta-

156 937 226 990 tis
265 938 551 1007 scriptores
587 939 936 992 tradiderunt.
995 937 1135 991 Nam
1168 957 1305 1008 quae
1385 939 1508 992 abet
1541 938 1840 1009 Porphy-

155 1009 296 1061 rius
331 1028 362 1061 a
401 1009 476 1062 ud
511 1008 904 1063 Theodoretum
940 1006 1036 1062 Gr.
1059 1007 1254 1064 Affect.
1282 1006 1411 1062 Cur.
1437 1009 1557 1063 Ser.
1583 1012 1635 1062 4.
1668 1028 1750 1080 pr.
1788 1017 1842 1062 et

156 1078 305 1148 apud
390 1079 606 1147 yriHum
651 1088 836 1132 contra
871 1078 1060 1131 Iulian.
1097 1097 1152 1149 p.
1188 1080 1306 1132 186.
1324 1078 1445 1142 -D.,
1496 1098 1559 1134 ea
1602 1098 1768 1149 quum
1813 1098 1842 1132 e

155 1148 292 1201 male
325 1147 605 1202 intellectis
629 1148 867 1203 Platonis
891 1157 945 1202 et
966 1147 1346 1219 Xenophontis
1376 1149 1509 1203 locis
1534 1149 1695 1202 ducta
1720 1150 1842 1214 sint,

153 1219 355 1273 nullius·
386 1219 638 1272 momenti
675 1227 827 1283 sunt;
863 1237 964 1272 nec
999 1219 1284 1288 quisquam
1317 1219 1422 1272 huc
1457 1220 1729 1291 revocabit
1761 1220 1842 1274 io·-

153 1308 246 1344 cos
280 1288 568 1350 Luciani
610 1289 668 1342 in
710 1288 999 1344 Amoribus
1036 1308 1082 1343 c.
1115 1291 1201 1343 24.
1238 1290 1302 1342 Τ.
1337 1289 1411 1343 Π.
1447 1309 1502 1361 p.
1538 1291 1659 1344 424.
1732 1289 1843 1344 Sed

155 1368 395 1414 veterum
431 1359 820 1415 criminationes
858 1360 1060 1413 dudum
1094 1359 1387 1431 prudenter
1420 1361 1675 1415 refutavit
1701 1359 1842 1415 Ma-

153 1430 364 1487 ximus
390 1429 632 1501 Tyrius
655 1430 806 1485 Dies.
833 1431 918 1485 25.
945 1432 1111 1493 26..et
1134 1431 1220 1483 27.
1256 1432 1324 1484 al.
1352 1432 1401 1484 9.
1429 1433 1513 1485 10.
1550 1441 1606 1486 et
1643 1433 1745 1497 11.,
1783 1442 1844 1485 ut

153 1501 396 1624 grofecto
435 1520 910 1573 supervacaneum,
955 1501 1116 1555 immo
1149 1501 1391 1572 ineptum
1425 1501 1638 1556 Platoni
1672 1503 1856 1557 videri-

193 1571 401 1626 ebuerit
443 1572 801 1627 innocentiam
845 1580 900 1625 et
948 1572 1283 1626 sanctitatem
1314 1570 1574 1638 Socratis,
1623 1594 1655 1627 a
1698 1575 1842 1628 nullo

153 1660 409 1711 umquam
442 1643 499 1697 in
530 1642 946 1697 controversiam
968 1651 1228 1708 vocatam,
1266 1643 1550 1699 defendere
1580 1645 1714 1700 velle
1750 1663 1841 1699 eo-

155 1731 260 1783 que
295 1713 453 1768 modo
489 1714 655 1768 malas
693 1713 1022 1795 suspiciones
1047 1713 1278 1768 excitare
1303 1715 1499 1785 potius,
1536 1734 1697 1785 quam
1721 1735 1839 1770 eas-

156 1785 280 1838 dem
314 1783 575 1839 refellere.
615 1784 698 1838 Ut
730 1784 897 1856 ig1tur
918 1784 1253 1907 larqiendm
1281 1785 1366 1850 sit,
1404 1786 1548 1854 quod
1573 1794 1711 1840 certe
1734 1805 1843 1839 non

154 1853 402 1910 abhorret
426 1875 459 1908 a
495 1854 971 1918 verisimilitudine,
1058 1856 1286 1909 latonem
1321 1855 1378 1907 id
1413 1857 1603 1928 egisse,
1640 1866 1702 1909 ut
1738 1855 1841 1910 So-

115 1933 118 1935 ’
157 1933 359 1979 cratem
393 1934 617 1996 propter
639 1925 1053 1979 familiaritatem
1076 1925 1392 1989 Alcibiadis,
1430 1945 1592 1995 quam
1618 1928 1667 1980 ei
1689 1928 1843 1980 multi

155 1995 360 2050 crimini
401 1996 714 2060 vertissent,
769 1996 1106 2060 defenderet,
1160 2003 1338 2050 tamen
1382 2015 1445 2049 ea
1490 1998 1725 2052 defensio
1773 1998 1842 2051 ad
1860 2051 1871 2063 Α

154 2066 300 2119 aliud
336 2067 484 2136 quid,
531 2086 632 2121 nec
675 2086 802 2121 vero
845 2067 915 2119 ad
949 2066 1316 2136 impudicitiae
1353 2068 1550 2121 crimen
1584 2068 1839 2139 pertinet3

154 2146 266 2190 tota
301 2145 479 2190 autem
513 2137 645 2191 haec
680 2137 848 2190 oratio
883 2137 941 2190 id
975 2136 1139 2190 habet
1172 2137 1524 2208 propositum,
1570 2148 1630 2192 ut
1663 2139 1838 2210 philo-

156 2207 309 2278 sophi
344 2208 594 2261 amatoris
629 2207 809 2280 imago
846 2207 913 2261 ob
949 2208 1129 2261 oculos
1170 2217 1417 2278 ponatur.

223 2277 409 2347 Atque
457 2297 525 2332 ex
570 2277 652 2331 his
698 2277 942 2331 omnibus
977 2278 1320 2349 perspicuum
1355 2279 1471 2333 fore
1506 2280 1838 2344 arbitramur,

157 2366 319 2418 quam
355 2357 502 2402 arcte
539 2367 675 2418 quae
698 2353 743 2401 'a
780 2346 1001 2402 Socrate
1050 2357 1104 2401 et
1151 2348 1218 2402 ab
1253 2348 1535 2403 Alcibiade
1571 2350 1654 2404 dis
1695 2359 1841 2403 utata

155 2427 296 2483 sunt,
335 2419 475 2472 inter
497 2419 617 2490 ipsa
641 2419 970 2482 cohaereant,
1007 2427 1069 2472 ut
1103 2419 1339 2488 profecto
1370 2420 1635 2474 affirmare
1681 2421 1835 2488 'ceat,

153 2489 257 2542 ista
292 2489 469 2542 omnia
503 2498 618 2543 arte
654 2507 873 2560 prorsus
912 2489 1169 2560 singulari
1202 2489 1280 2543 ita
1315 2509 1430 2544 esse
1468 2488 1723 2562 exposita,
1760 2500 1840 2557 ut,

155 2560 501 2629 quantumvis
535 2560 707 2631 prima
745 2559 919 2631 specie
945 2560 1153 2614 diversa
1185 2579 1302 2615 esse
1328 2561 1624 2627 videantur,
1662 2571 1839 2617 tamen

70 2686 74 2690 ,
153 2649 341 2689 revera
374 2631 445 2684 ad
479 2650 647 2686 unum
681 2631 1011 2701 eundemque
1044 2630 1206 2685 finem
1240 2633 1456 2705 egregie
1494 2633 1815 2706 conspirent.

57 3386 60 3391 .
158 3333 227 3387 sit
263 3334 418 3405 plane
454 3334 759 3405 perviderit.

227 2839 488 2911 Sequitur
531 2842 656 2907 iam,
706 2851 767 2896 ut
811 2843 877 2897 de
922 2850 1216 2898 ceterorum
1252 2861 1463 2913 quoque
1500 2845 1841 2899 convivarum

155 2911 483 2966 orationibus
509 2913 639 2982 quid
661 2913 887 2967 iudicari
911 2923 1163 2985 oporteat,
1191 2915 1579 2985 exquirendum
1603 2917 1687 2970 sit.
1713 2915 1836 2970 Du-

155 2980 383 3034 bitatum
420 2991 503 3035 est
538 2983 678 3036 enim
713 3002 747 3036 a
784 2982 1424 3050 Schleiermacher0‚
1469 2985 1836 3048 RfickertO,

155 3049 546 3116 HommeliO,
584 3053 719 3117 aliis,
755 3072 848 3108 eae
884 3073 1137 3123 quorsum
1173 3074 1198 3108 s
1239 3063 1414 3110 ectent
1449 3065 1504 3111 et
1537 3076 1644 3126 quo
1679 3056 1837 3109 modo

156 3139 278 3176 cum
313 3120 548 3175 universi
583 3123 760 3193 operis
795 3134 1109 3195 argumento
1146 3143 1207 3180 co
1245 3136 1474 3196 aereant.
1516 3127 1604 3180 De
1639 3145 1744 3194 qua
1777 3144 1836 3179 re

158 3192 256 3245 etsi
300 3191 370 3244 ad
414 3192 554 3246 hunc
599 3211 768 3262 usque
811 3194 954 3248 diem
996 3195 1053 3248 in
1089 3196 1260 3251 varias
1295 3206 1473 3269 partes
1510 3198 1836 3266 disputatum

157 3271 255 3327 est,
294 3271 469 3316 tamen
504 3263 768 3317 neminem
799 3282 1119 3388 quemquam
1155 3268 1418 3333 novimus,
1465 3267 1557 3336 qui
1594 3266 1723 3335 quid
1756 3267 1836 3320 rei

852 3344 960 3393 erte
993 3356 1091 3392 nos
1126 3357 1388 3409 nusquam
1424 3336 1686 3409 reperisse
1721 3355 1835 3392 me-
