2158 3718
512 126 1029 185 SYMPOSHJM‘.
1070 142 1118 194 p.
1155 128 1256 177 217
1297 128 1370 183 St.
1703 126 1808 183 179

123 269 419 343 νευόμενος
462 275 520 328 δὲ
563 275 656 328 καὶ
695 273 905 339 παίζων
947 269 1133 326 πάντα
1177 267 1279 327 τὸν
1318 274 1447 342 βίον
1489 272 1629 347 πρὸς
1671 273 1803 342 τοὺς

90 389 97 397 κ
121 353 469 427 ἀνθρώπους
492 359 738 429 διατελεῖ.
782 355 1202 419 σπουδάσαντος
1228 357 1285 410 δὲ
1313 354 1492 412 αὐτοῦ
1524 362 1616 413 καὶ
1640 358 1801 417 άνοι-

116 443 359 511 χθέντος
400 439 502 496 οὐκ
545 439 669 505 οἶδα
717 440 767 498 εἴ
805 462 888 505 τις
933 439 1136 511 ἑώρακε
1173 435 1244 495 τὰ
1287 436 1442 506 ἐντὸς
1481 438 1799 514 ἀγάλματα.

117 522 245 579 ἀλλ’.
299 522 400 591 ἐγὼ
445 521 549 592 ἤδη
586 524 717 580 ποτ’
769 523 929 590 εἶδον,
975 528 1068 579 καί
1107 545 1205 596 μοι
1247 524 1428 591 ἔδοξεν
1472 522 1614 580 οὕτω
1659 531 1798 583 θεῖα

116 609 226 664 καὶ,
245 610 424 682 χρυσᾶ
485 607 626 664 εἶναι
680 611 774 664 καὶ
830 608 1085 680 πάγκαλα
1129 610 1221 664 καὶ
1264 607 1608 680 θαυμαστά,
1665 608 1796 676 ὥςτε
1832 629 1936 680 2η

115 698 373 759 ποιητέον
433 689 572 748 εἶναι
631 700 691 749 ἐν
743 696 936 767 βραχεῖ
991 689 1021 747 ὅ
1084 713 1139 746 τι
1197 691 1407 750 κελεύοι
1464 693 1792 766 Σωκράτης.

113 772 416 847 ἡγούμενος
461 779 517 832 δὲ
561 774 738 832 αὐτὸν
781 780 1175 832 ἐσπουδακέναι
1217 779 1305 831 ἐπὶ
1350 780 1414 854 τῇ
1438 781 1537 856 ἐμῇ
1567 776 1686 851 ὥρᾳ
1710 785 1797 854 ἕρ.-

110 880 282 931 μαιον
322 857 615 933 ἡγησάμην
658 859 797 917 εἶναι
840 865 935 916 καὶ
960 858 1236 931 εὐτύχημα
1267 857 1401 932 ἐμὸν
1431 862 1793 935 θαυμαστόν,

113 940 188 1008 ὡς
230 940 484 1017 ὑπάρχον
523 967 623 1017 μοι
657 952 1006 1020 χαρισαμένῳ
1052 943 1348 1018 Σωκράτει
1390 944 1560 1002 πάντ’
1623 946 1794 1018 ἀκοῦ-

114 1107 427 1175 existimari
467 1114 680 1162 potest,
720 1111 884 1163 longe
925 1108 1142 1165 spernit
1181 1122 1240 1150 ac
1281 1121 1381 1162 pro
1411 1108 1584 1152 nihilo
1614 1109 1795 1163 ducit3

91 1163 374 1217 <quocirca
411 1166 631 1208 nullius
669 1179 772 1207 nos
822 1179 945 1208 esse
993 1165 1129 1220 apud
1178 1178 1293 1207 eum
1345 1166 1512 1208 vobis
1562 1180 1791 1212 assero:

110 1220 280 1275 fingit
315 1226 501 1263 tamen
535 1222 786 1264 ironicus
833 1224 1014 1266 aliter.
1084 1223 1254 1265 Vereor
1289 1228 1460 1276 tamen,
1504 1229 1553 1267 ut
1593 1224 1796 1268 codicum

110 1279 325 1334 scriptura
366 1280 616 1335 incorrupta
654 1281 723 1322 sit.
792 1279 1006 1323 Quocirca
1048 1279 1188 1322 donec
1229 1281 1324 1334 quis
1368 1293 1516 1324 verum
1569 1284 1793 1337 repererit,

109 1337 327 1390 vulgatam
369 1337 598 1378 lectionem
646 1337 897 1379 tenebimus.
958 1337 1335 1391 Winckelmannus
1380 1334 1526 1381 Praef.
1566 1338 1621 1380 ad
1637 1339 1794 1407 Hipp.

111 1393 210 1437 mai.
242 1392 312 1435 ed.
344 1392 452 1435 Tur.
483 1394 583 1437 111111.
619 1408 661 1448 p.
695 1395 774 1437 VH
806 1407 868 1448 sq.
907 1408 1017 1437 corr.
1049 1394 1175 1437 amm
1205 1394 1316 1435 εἶπαι
1346 1395 1473 1448 λέγων
1509 1390 1543 1436 ὦ
1568 1394 1794 1452 ’φήμεροι,

108 1449 469 1504 εἰρωνευομυος,
499 1465 538 1492 κ.
566 1466 603 1492 τ.
639 1451 678 1494 λ.
713 1449 989 1495 Hermannus
1028 1457 1174 1494 antem
1215 1464 1300 1493 non
1331 1452 1463 1495 modo
1498 1454 1682 1496 coniecit
1715 1455 1792 1496 sed

112 1507 249 1550 edidit
285 1507 418 1552 adeox
455 1506 579 1549 οὐδὲν
617 1523 652 1549 ει·
657 1524 750 1562 ναι,
781 1511 908 1564 λέγων
936 1512 1014 1566 μὲν
1044 1524 1124 1561 ου,
1157 1509 1484 1565 εἰρωνευόμενος
1513 1510 1589 1563 δέ,
1619 1527 1656 1554 κ.
1685 1527 1725 1552 τ.
1755 1512 1791 1552 λ.

42 2313 54 2323 ,
116 2276 201 2334 γάρ
231 2277 284 2321 εἷ.

111 1564 320 1608 Neutrum
352 1565 476 1606 nobis
505 1565 726 1608 satisfacit.

224 1624 317 1662 acal
342 1637 437 1674 μοι
467 1622 671 1678 ἔδοξεν]
702 1623 773 1664 καὶ
801 1623 902 1680 ἐμοὶ
931 1622 1028 1665 Vat.
1046 1619 1100 1665 A.
1136 1621 1262 1666 Vind.
1279 1620 1322 1666 2.
1355 1622 1458 1664 Par.
1481 1622 1584 1666 ΒΚ.
1604 1625 1712 1678 Ang.
1724 1637 1792 1678 w-‚

110 1655 231 1734 quod
261 1679 382 1722 dedit
413 1678 600 1723 Bekker.

227 1737 282 1779 P.
313 1735 413 1780 217
475 1735 505 1776 δ’
531 1753 585 1778 τι
613 1734 858 1790 κελεύοι]
892 1736 968 1778 Sic
1000 1735 1127 1777 Bodl.
1163 1735 1298 1778 Coisl.
1321 1735 1418 1778 Vat.
1431 1738 1484 1778 Λ.
1507 1736 1656 1778 Ambr.
1682 1738 1790 1791 Ang.

111 1806 152 1836 11.
168 1807 219 1836 w.
242 1794 337 1838 Vat.
351 1793 393 1835 d.
405 1806 439 1837 r.
462 1793 577 1836 Flor.
593 1808 678 1837 a.c.
739 1794 994 1848 Legebatur
1023 1791 1200 1839 κελεύει.

113 1945 344 1977 numero
384 1932 658 1976 habendos
699 1938 910 1975 censet

114 1993 182 2034 De
216 1993 332 2046 Rep.
361 1991 654 2046 v111.p.556.
680 1991 740 2032 D:
769 1991 917 2046 ἅιδρες

115 2048 323 2104 ἡμέτεροι
352 2049 457 2090 εἰσὶν
487 2048 624 2091 οὐδέν.
683 2048 789 2091 lbid.
818 2047 918 2093 562-

115 2107 179 2151 D:
221 2104 541 2154 ἐθελοδούλους
584 2105 658 2146 καὶ
687 2103 812 2146 οὐδνὲ

113 2178 206 2210 τας.
265 2162 912 2216 Aristoph.Eccles.144=

114 2237 164 2262 συ
199 2222 277 2276 μὲν
304 2219 449 2276 βάδιζε
478 2219 550 2261 καὶ
568 2219 762 2273 κάθησο·
793 2219 917 2263 οὐδὲν

345 2278 497 2331 ltaque
537 2279 666 2331 plane
704 2280 915 2331 superva-

115 2348 249 2378 canea
286 2343 353 2377 est
388 2335 637 2377 coniectura
677 2334 918 2376 Heusdii

117 2393 308 2447 Specim.
349 2393 456 2434 Crit.
493 2405 534 2446 p.
571 2393 638 2436 17.
678 2405 757 2446 pro
804 2390 919 2446 ἡμᾶς

116 2449 346 2503 legendum
388 2449 582 2503 putantis
625 2447 769 2502 τιμάς.
832 2453 918 2490 Ac-

116 2507 258 2559 cedit,
297 2507 413 2560 quod
445 2506 574 2560 haec,
614 2507 756 2548 iudice
786 2507 915 2548 etiam

116 2562 917 2617 CreuzeroStudior.T.ll.p.29l.‚

117 2623 359 2676 composita
390 2621 588 2662 videntur
615 2621 670 2662 ad
709 2621 917 2663 imitatio·

117 2693 216 2722 nem
247 2692 420 2731 eorum,
453 2691 569 2730 quae
598 2678 772 2720 Silenus
801 2677 914 2732 apud

118 2736 414 2779 Pindarum
461 2735 709 2790 Fragment.
749 2736 825 2777 111.
869 2748 911 2788 1).

123 2793 219 2838 149.
262 2794 332 2836 ed.
372 2794 512 2864 Heyn·
557 2793 612 2834 ad
657 2793 912 2847 Olympumx

120 2844 155 2892 ὦ
183 2850 316 2898 τάλας
324 2849 552 2918 ἒφῆμερε,
583 2847 731 2902 νήπιε,
771 2849 915 2904 βάζεις

119 2921 196 2962 μοι
249 2905 457 2959 χρήματα
514 2908 801 2959 διακομπέων,
860 2907 916 2948 ad

120 2976 234 3018 quae
274 2963 424 3004 itidem
458 2963 647 3016 respexit
697 2964 918 3004 Aristo·

122 3023 335 3076 phanes
367 3019 512 3061 Nubb.
545 3033 584 3060 v
607 3018 726 3072 223,
757 3021 918 3062 utiam

123 3076 366 3120 Scholiasta
395 3077 572 3118 notavit.

177 3138 225 3175 εἴ
279 3150 360 3182 τις
403 3132 604 3187 ἑώρακε
652 3134 713 3175 τὰ
766 3133 924 3181 ἐντὸς

121 3191 146 3232 οἳ
166 3189 241 3247 yoe'
263 3192 335 3246 λμ
353 3208 381 3232 α
400 3208 426 3232 τ
447 3191 492 3245 α]
549 3191 692 3235 Quum
734 3190 922 3246 ἲῖγαλμα

123 3249 302 3304 proprie
341 3249 509 3291 dicatur
558 3249 922 3302 quodcunque

120 3312 282 3362 grata
345 3307 425 3348 sui
484 3306 671 3360 specie
729 3308 921 3348 oculos

119 3364 405 3416 deiectat,
456 3369 503 3406 ut
548 3362 695 3405 docuit
741 3363 922 3406 Ruhn-

999 1934 1115 1977 ken.
1147 1931 1200 1975 311
1231 1931 1344 1974 Tim.
1375 1945 1421 1987 p.
1453 1931 1519 1985 5.,
1561 1934 1792 1976 transtule—

999 1995 1098 2032 runt
1127 1990 1208 2032 hoc
1227 2002 1381 2039 nomen
1402 1988 1642 2045 philosophi
1662 1993 1791 2035 etiam

1000 2048 1055 2090 ad
1105 2048 1343 2102 speciem
1394 2048 1550 2100 quasi
1593 2053 1646 2090 et
1683 2047 1791 2090 for-

999 2117 1130 2147 mam
1179 2104 1576 2158 pulcritudinis
1622 2111 1791 2159 atque

998 2163 1228 2204 virtutis
1277 2163 1326 2202 in
1372 2162 1567 2203 animis
1609 2163 1789 2205 niten-

999 2225 1116 2261 tem.
1165 2219 1316 2270 ltaque
1338 2217 1405 2260 hic
1431 2218 1484 2259 τὰ
1517 2218 1638 2266 ἐντὸς
1657 2218 1791 2274 ἆγάλ-

997 2293 1118 2331 ματα
1146 2276 1437 2329 intelliguntur
1474 2278 1631 2330 speci
1643 2290 1699 2318 es
1730 2279 1792 2320 il-

996 2336 1087 2376 lae
1117 2334 1343 2375 virtutis
1373 2338 1426 2375 et
1455 2334 1791 2387 pulcritudi—

995 2394 1077 2434 nis
1105 2391 1155 2432 in
1185 2390 1362 2431 animo
1385 2391 1646 2432 Socratis
1671 2404 1792 2433 con-

995 2451 1189 2502 spicua
1205 2462 1240 2489 e.
1329 2448 1486 2489 Imitati
1512 2454 1635 2489 ,sunt
1683 2447 1792 2491 hunc

997 2508 1139 2547 locum
1171 2506 1425 2547 Clemens
1455 2507 1604 2549 Alex.
1625 2505 1789 2550 Strom.

1000 2563 1090 2605 Vll.
1123 2563 1164 2606 5.
1196 2576 1237 2617 p.
1267 2561 1364 2606 846.
1396 2561 1463 2606 ed.
1496 2563 1664 2606 Potter.
1694 2563 1795 2605 Eu-

997 2621 1193 2662 sebius
1223 2619 1317 2660 adv.
1338 2619 1532 2663 Hierocl.
1552 2634 1589 2661 c.
1612 2620 1651 2664 6.
1698 2619 1793 2663 Nec

997 2679 1140 2731 inepte
1179 2679 1498 2731 comparaveris
1534 2678 1795 2721 Ciceron.

997 2734 1135 2788 Legg.
1171 2735 1204 2776 1.
1234 2734 1312 2778 22:
1343 2734 1431 2788 qui
1464 2736 1677 2788 seipse
1706 2747 1795 2776 no-

999 2793 1095 2843 rit,
1137 2792 1358 2844 aliquid·
1386 2792 1596 2834 sentiet
1622 2805 1679 2834 se
1711 2790 1795 2833 ha-

998 2850 1131 2891 bere
1189 2849 1431 2891 divinum
1490 2850 1796 2902 ingenium-

1000 2906 1186 2959 quein
1231 2920 1288 2948 se
1329 2919 1479 2948 suum
1531 2907 1678 2947 sicut
1726 2907 1797 2948 si-

1001 2965 1298 3006 mulacrum
1328 2963 1552 3017 aliquod
1576 2963 1796 3005 dedica-

1001 3026 1110 3061 tum
1142 3023 1373 3074 putabit.
1437 3022 1586 3068 Genus
1617 3022 1797 3072 loquen-

1006 3077 1047 3118 di
1079 3078 1658 3131 praetcnRuhnkenium
1698 3078 1724 3118 l.
1757 3087 1794 3116 c.

1004 3136 1231 3177 illustravit
1262 3138 1590 3184 Creuzerus,
1622 3134 1686 3173 vir
1715 3131 1794 3173 do-

1004 3193 1219 3234 ctissimus
1260 3200 1303 3235 et
1344 3190 1692 3240 humanissimus,
1742 3188 1796 3230 ad

1004 3249 1164 3293 Plotin.
1195 3251 1251 3292 de
1281 3249 1457 3319 Pulcrit.
1494 3261 1533 3300 p
1555 3245 1638 3290 369
1670 3258 1762 3299 sqq.

1064 3307 1112 3348 Ρ.
1149 3307 1250 3351 217
1319 3305 1549 3359 ἕρμαιον
1599 3301 1797 3357 ἡγησά-

1004 3368 1130 3420 μην]
1163 3365 1270 3408 vide
1293 3366 1436 3403 annot.
1456 3360 1511 3402 ad
1537 3373 1577 3402 c
1589 3360 1659 3403 lv.
1674 3373 1716 3413 p.
1725 3359 1796 3402 26

1325 3430 1456 3482 12*
