2158 3718
370 124 789 180 APOLOG-IA
829 124 1230 181 SOCRATIS.
1270 127 1332 178 P.
1374 127 1458 178 38.
1501 123 1580 179 St.
1750 128 1847 179 155)

136 278 387 344 λομένων.
429 273 739 339 τήνπόλιν
783 276 1084 343 λοιδορεῖν,
1147 296 1219 338 ως
1263 272 1548 343 Σωκράτη
1613 271 1850 326 ἀπεκτό-

136 380 285 422 νατε,
331 355 512 426 ἄνδρα
560 358 772 431 σοφόν·
819 377 1061 431 <smmum
1097 357 1204 428 μὲι)
1251 356 1317 423 δή
1360 379 1425 426 με
1464 354 1644 430 σοφὸν
1692 357 1852 425 εἶπαι,

138 449 185 498 εἰ
228 445 319 497 καὶ
363 438 439 513 μὴ
490 446 614 511 εἰμι’,
661 445 713 495 οὶ
757 444 1090 512 βουλόμενοι
1133 440 1264 512 ὑμῖν
1306 431 1604 508 ὀνειδίζει).
1660 448 1703 497 εὶ
1751 432 1854 496 οὖν

140 527 508 598 ἑτεριεμείνατε
563 524 752 594 ὀλίγον
791 526 1029 597 χρόνον,
1090 525 1205 582 ἀπὸ
1267 527 1364 581 τοῦ
1412 524 1737 596 αὐτομάτου
1780 522 1854 578 ἂν

137 609 270 681 ὑμῖν
303 612 482 665 τοῦτο
529 617 765 677 ἐγένετο·
817 609 988 680 ὁρᾶτε
1033 610 1140 681 γὰρ
1197 609 1263 676 δὴ
1310 607 1415 676 τὴν
1459 608 1708 676 ἡλικίαν,
1766 606 1853 662 ὅτι

141 692 333 768 πόρῥω
394 692 497 761 ἤδη
553 697 666 748 ἐστὶ
725 698 826 750 τοῦ
874 698 1028 764 βίου,
1077 693 1346 750 θανάτου
1394 698 1449 748 δὲ
1498 692 1675 762 ἐγγύς.
1718 697 1853 762 λέγω

142 782 205 834 δὲ·
250 781 430 851 [τοῦτο
493 776 560 833 οὐ
622 777 761 847 πρὸς
815 778 1033 843 πάντας
1088 777 1261 851 ὑμᾶς,
1322 776 1465 832 ἀλλὰ
1525 777 1665 848 πρὸς
1719 775 1852 840 τοὺς

143 865 279 933 ἐμοῦ
324 870 899 936 καταψηφισαμένους
943 864 1228 919 θάνατον.
1289 867 1421 933 λέγω
1479 865 1534 916 δὲ
1581 865 1674 917 καὶ
1723 862 1849 916 τόδε
1889 850 1942 901 D

143 946 282 1019 πρὸς
327 945 459 1010 τοὺς
504 947 712 1010 αὐτοὺς
759 948 1012 1011 τούτους.
1088 946 1247 1011 Ἴσως
1288 969 1354 1016 με
1405 947 1627 1011 οἴεσθε,
1674 939 1714 999 ὦ
1757 944 1857 1000 ἅν-

143 1036 280 1102 δρες,
326 1030 542 1100 ἀπορίᾳ
582 1031 761 1099 λόγων
806 1036 1102 1087 ἑαλωκέναι
1147 1031 1433 1094 τοιούτων,
1489 1031 1572 1094 οἷς
1608 1028 1682 1085 ἂν
1708 1028 1857 1100 ὑμᾶς

260 1189 388 1244 ὑμῖν
419 1194 586 1234 τοῦτο
618 1192 872 1248 ἐγένετο]
938 1195 1077 1249 Vulgo
1109 1196 1302 1237 additum
1348 1196 1502 1246 iegitur
1543 1192 1614 1244 ἐμὲ
1647 1191 1856 1236 τεθνάναι

146 1247 224 1304 δή,
262 1251 376 1304 quod
418 1255 632 1305 glossema
681 1260 798 1296 recte
837 1267 922 1294 om.
961 1253 1220 1296 Bod1.v.at
1266 1254 1370 1294 Ven.
1413 1253 1454 1295 b.
1501 1252 1623 1293 vind.
1667 1253 1708 1295 1.
1739 1251 1781 1296 4.
1814 1253 1855 1296 6.

147 1310 250 1352 Par.
285 1309 413 1350 DST.
452 1315 495 1349 et
525 1307 772 1351 Florentiui.

263 1365 353 1420 τὴν
391 1363 631 1421 ἡλικίαν]
665 1369 718 1411 V.
755 1368 944 1422 pessime
978 1364 1105 1420 ὁρᾶτε
1135 1366 1215 1422 γὰρ
1249 1366 1300 1422 δὴ
1331 1367 1387 1410 ειῖς
1422 1364 1502 1421 τὴν
1535 1363 1710 1421 ἡλικίαν,
1741 1368 1856 1421 quod

148 1441 180 1469 e.
215 1424 338 1486 Redi.
386 1423 482 1465 vat.
528 1426 629 1466 Ven.
670 1427 708 1467 b.
751 1426 871 1468 Vind.
915 1426 956 1469 1.

146 1489 327 1526 rectum.

149 1607 271 1641 retur
320 1613 415 1641 esse
458 1598 664 1640 iudicum.
711 1621 762 1628 —
827 1599 970 1640 Verba

146 1654 222 1700 ου’Ἴ
238 1658 403 1700 πολλοῦ
421 1651 458 1710 γ’
471 1651 814 1708 ἕνεκαχρόνουδ
827 1663 873 1697 te
888 1671 912 1710 p
925 1658 967 1698 h.

151 1719 196 1758 in
229 1730 366 1768 marg.
399 1714 555 1757 vertit:
594 1720 825 1767 propter
862 1729 966 1756 non

150 1773 667 1828 longum'temporis
710 1774 964 1826 spatium,

151 1835 275 1886 quod
306 1833 514 1874 videlicet
531 1830 648 1870 vitae
668 1844 788 1871 meae
809 1844 961 1884 super-

152 1898 242 1939 est,
293 1898 342 1937 ut
379 1895 497 1930 recte
541 1887 844 1929 Fischerus
888 1902 963 1929 ex-

151 1950 301 2002 plicat.
357 1948 625 1988 Pervenerat
654 1947 769 1986 enim
802 1946 959 1987 Socra-

150 2013 218 2048 tes
247 2008 335 2047 iam
367 2005 423 2045 ad
455 2009 693 2044 extremam
723 2005 814 2044 fere
836 2018 959 2045 sene-

153 2070 337 2115 ctutem,
387 2061 600 2114 siquidem
650 2063 736 2102 iam
786 2068 959 2114 septua-

150 2124 278 2174 ginta
321 2122 431 2161 duos
486 2131 626 2159 annos
674 2124 803 2160 natus
850 2126 959 2170 erat,

153 2186 202 2219 ut
235 2180 272 2219 ei
305 2190 487 2231 parvum
543 2177 686 2216 adhuc
717 2177 832 2216 vitae
862 2190 962 2229 spa-

155 2238 265 2276 tium
308 2239 587 2288 superesset
650 2255 702 2263 -—
770 2230 961 2284 Ὄνομα

156 2294 306 2346 ἔχειν
329 2293 520 2346 proprie,
540 2292 656 2332 bono
676 2304 822 2342 sensu,
851 2294 960 2333 lau-

156 2352 307 2403 dari,
357 2349 667 2391 celebrari:
716 2351 794 2389 sed
849 2351 890 2390 h.
930 2351 959 2390 Ι.

155 2409 515 2461 reprehendi,
526 2407 663 2447 male
684 2408 893 2448 audire
914 2430 961 2437 -

157 2466 353 2507 Αἰτιάν
393 2466 537 2517 ἔχειν
571 2466 747 2518 proprie
787 2471 851 2505 est
883 2478 960 2506 ac

158 2525 371 2570 cusari,
411 2526 560 2564 reum
602 2534 750 2562 esse·
802 2524 961 2564 deinde

157 2582 498 2636 vituperari,
529 2579 886 2635 reprehendi,
914 2587 963 2621 ut

158 2641 201 2683 h.
242 2641 270 2679 1.
337 2639 601 2692 Saepissime
649 2643 793 2678 tamen
834 2641 962 2679 etiam

160 2698 320 2738 dicitur
385 2708 466 2748 pro
522 2696 770 2746 laudari,
828 2698 964 2748 dici,

159 2756 279 2796 bono
344 2767 488 2795 sensu.
546 2767 588 2794 v.
655 2752 965 2795 Casaubon.

161 2813 218 2854 ad
253 2813 415 2854 Athen.
445 2811 532 2852 IX.
555 2811 597 2854 2.
643 2809 862 2858 Quoniam
889 2826 965 2853 au-

159 2877 250 2912 tem
301 2871 491 2911 formula
531 2865 669 2918 ὅνομα
708 2869 778 2908 καὶ
829 2869 967 2910 αἰτίαν

165 2929 273 2980 ἔχειν
301 2927 435 2968 habet
467 2927 830 2979 signification-em
868 2941 967 2981 pas·

165 2986 327 3037 swam,
366 2990 600 3055 propterea
649 2996 745 3024 cum
783 2997 968 3038 praepo-

166 3044 324 3085 sitione
366 3038 455 3082 ὑπο
505 3042 783 3083 construitur.
831 3043 870 3082 T
880 3043 968 3083 hu

165 3101 280 3154 eyd.
314 3099 388 3140 VI.
419 3099 491 3143 46.
521 3102 581 3140 in.
616 3095 775 3152 πολλὴν
792 3097 867 3152 τὴν
909 3101 972 3141 αι’-

166 3160 261 3201 τίαν
287 3150 402 3209 εἶχον
430 3154 518 3197 ὑπὸ
566 3157 650 3196 τῶν
691 3159 969 3209 στρατιωτῶν.

166 3217 231 3258 De
263 3210 533 3266 ἇπεκτόνατε,
566 3219 745 3255 morte
776 3217 970 3257 conde-

166 3274 480 3322 mnavistis,
508 3287 551 3313 v.
570 3285 671 3313 ann.
698 3272 754 3313 ad
770 3284 812 3324 p.
832 3274 900 3317 29.
920 3274 968 3318 Β.

226 3328 359 3381 ὖμῖν
396 3332 561 3372 τοῦτο
603 3328 856 3384 ἐγένετο]
899 3332 969 3372 vi-

168 3389 326 3431 delicet
373 3387 444 3439 ἑμὲ
490 3384 695 3429 τεθνάναι
733 3384 808 3439 δή,
851 3390 968 3441 quod

1028 1458 1038 1468 .
1077 1427 1116 1470 6.
1158 1427 1273 1470 Flor.
1315 1426 1357 1468 d.
1388 1425 1426 1466 h.

1458 1426 1559 1470 Par.
1590 1426 1726 1470 DS'P.
1761 1439 1856 1466 cor-

1049 1601 1397 1641 additamentum
1428 1612 1482 1641 ex
1519 1600 1783 1652 glossemate
1815 1599 1859 1638 in

1046 1664 1214 1698 textum
1269 1658 1498 1710 irrepsisse
1545 1658 1743 1698 codicum
1797 1662 1860 1696 te-

1048 1717 1255 1756 stimonia
1298 1717 1520 1755 evincunt.
1570 1715 1860 1755 Heindor-

1047 1774 1155 1815 fius
1178 1775 1356 1814 retineri
1383 1774 1558 1826 quidem
1587 1774 1752 1814 voluit:
1783 1773 1862 1812 sed

1044 1833 1107 1872 ita
1138 1837 1186 1872 ut
1216 1833 1502 1872 scriberetur:
1537 1827 1584 1871 τὸ
1609 1829 1680 1881 ἐμὲ
1699 1826 1855 1882 ,τεθνά-

1047 1904 1115 1929 ναι
1161 1885 1237 1942 δή,
1284 1891 1327 1929 in
1361 1903 1447 1942 quo
1480 1890 1622 1930 virum
1653 1889 1856 1928 doctissi-

1043 1961 1158 1988 mum
1200 1948 1358 1988 fefellit
1393 1948 1568 1999 opinio,
1622 1952 1670 1985 ut
1707 1947 1857 1986 videre

1043 2007 1146 2045 licet
1180 2018 1233 2045 ex
1271 2006 1350 2053 iis,
1391 2017 1504 2056 quae
1547 2005 1698 2044 docuit
1726 2003 1857 2043 Mat-

1045 2064 1198 2103 thiae
1240 2063 1278 2114 §.
1307 2061 1407 2106 468.
1452 2063 1493 2106 b.
1526 2086 1581 2091 —
1624 2057 1729 2101 ἀπὸ
1759 2060 1856 2100 τοῦ

1046 2115 1382 2170 αὐτομάτου,
1418 2125 1641 2173 sponte,
1673 2119 1857 2159 etiam-

1028 2180 1098 2218 ·si
1167 2190 1245 2218 me
1304 2191 1410 2218 non
1481 2177 1858 2218 damnassetis

1046 2241 1239 2275 morte.

1106 2288 1298 2346 πόῤῥω
1385 2289 1485 2345 ἤδη
1565 2289 1678 2330 ἐστὶ
1760 2291 1858 2330 τοῦ

1046 2349 1216 2403 βίου]
1255 2351 1299 2390 h.
1332 2362 1369 2392 e.
1417 2353 1858 2392 aetatemwmeam

1048 2422 1105 2449 eo
1137 2413 1461 2460 provectam
1489 2420 1635 2454 esse,
1662 2413 1718 2446 ut
1748 2419 1856 2446 non

1045 2466 1271 2518 longum
1317 2466 1596 2518 reliquum
1659 2466 1736 2503 sit
1783 2464 1856 2503 vi-

1045 2529 1131 2563 tae
1163 2525 1421 2577 spatium.
1466 2522 1677 2563 Simiiiter
1709 2522 1857 2561 Plut.

1050 2581 1134 2621 vit.
1190 2582 1420 2622 Demosth.
1460 2595 1503 2633 p.
1548 2579 1646 2622 846.
1680 2580 1734 2619 E.
1777 2574 1857 2629 ὀψέ

1048 2652 1151 2678 ποτε
1181 2639 1247 2679 καὶ
1283 2634 1435 2692 πόῤῥω
1459 2639 1535 2691 τῆς
1553 2633 1714 2690 ἡλικίας
1746 2633 1855 2690 ηψά-

1049 2696 1163 2747 μεθα
1200 2692 1447 2748 Ῥωμαὶκοῑς
1499 2693 1738 2749 γράμμασιν
1788 2693 1854 2735 ἑν·-

1051 2751 1292 2808 τυγχάνειν,
1337 2768 1465 2807 quem
1505 2755 1650 2797 locum
1680 2758 1855 2806 praeter

1051 2813 1161 2853 alios
1179 2814 1377 2855 laudavit
1399 2814 1452 2853 la
1464 2826 1484 2852 c
1495 2825 1520 2851 o
1531 2812 1558 2851 b
1571 2813 1659 2852 siu
1670 2826 1703 2854 s.
1718 2810 1855 2862 Gorg.

1050 2870 1149 2914 484.
1195 2871 1244 2911 C.
1287 2867 1364 2911 ἐὰν
1391 2865 1543 2923 πόρῥω
1585 2870 1658 2922 τῆς
1695 2865 1857 2922 ἡλικίας

1054 2929 1291 2981 φιλοσοφῇ.

1109 2986 1166 3029 D.
1228 2982 1312 3027 οἷς
1349 2981 1412 3026 ἂν
1440 2980 1580 3035 ὑμᾶς
1630 2983 1850 3036 ἔπεισα]

1053 3044 1095 3087 h.
1129 3057 1165 3084 e.
1198 3044 1401 3097 quibus
1441 3043 1596 3084 vobis
1626 3054 1855 3094 persua-

1054 3114 1216 3143 surus
1259 3102 1506 3142 fuissem.
1550 3122 1603 3128 —-
1648 3095 1855 3152 ἀπορίᾳ

1054 3155 1246 3212 λόγων,
1292 3160 1486 3212 inopia
1536 3159 1853 3206 verborum,

1054 3217 1140 3268 vei,
1172 3223 1221 3256 ut
1252 3217 1450 3257 Cicero
1483 3215 1602 3256 Orat.
1625 3215 1660 3258 Ι.
1684 3214 1755 3259 54.
1776 3227 1854 3254 vo-

1053 3279 1148 3326 cat,
1179 3275 1484 3325 inscientia
1514 3274 1742 3314 dicendi.
1774 3270 1857 3311 Ce-

1054 3338 1192 3372 terum
1229 3331 1429 3373 Cicero
1461 3333 1489 3372 1.
1523 3345 1558 3371 c.
1590 3330 1857 3370 contrarium

1053 3389 1254 3430 affirmat.
1285 3390 1494 3431 Formula
1517 3385 1651 3428 πάντα
1679 3388 1744 3427 vel
1774 3384 1857 3423 πᾶν
