2158 3718
770 104 848 146 AD
886 104 1317 156 PHAEDONEM„
1840 105 1906 156 21

139 248 277 312 posio
305 247 500 311 quide-m
530 248 779 311 proposito
801 247 1013 296 Socratis
1041 253 1286 309 tamquam
1316 248 1462 296 divini
1488 249 1719 297 amatoris
1747 263 1909 297 exem-

139 317 218 383 plo
254 317 526 367 ostenditur
568 333 720 366 unum
768 317 963 366 demum
1002 317 1337 382 philosophiae
1374 319 1588 367 studium
1625 320 1812 368 animos
1850 334 1909 366 ex

138 403 304 438 rerum
342 388 664 436 humanarum
701 387 972 436 humilitate
997 403 1144 452 posse
1171 388 1231 437 ad
1258 404 1426 438 rerum
1454 389 1728 437 divinarum
1755 389 1908 437 admi-

137 459 378 508 rationem
417 465 464 507 et
500 459 829 521 cognitionem
860 458 1068 507 evehere
1094 464 1237 523 atque
1264 460 1409 507 vitam
1436 459 1692 509 mortalem
1721 459 1910 508 divinae

138 529 402 593 sapientiae
439 527 579 576 bonis
614 543 808 577 ornare.
860 529 915 577 In
950 529 1211 578 Phaedone
1247 535 1409 579 autem
1449 529 1667 579 eiusdem
1695 530 1910 578 Socratis

137 605 190 648 ut
214 597 496 662 philosophi
523 599 774 648 morientis
801 600 1013 662 imagine
1033 600 1281 663 proposita
1313 600 1517 649 docetur
1550 598 1910 664 philosophiam

137 671 291 732 ipsam
317 668 362 715 vi
389 674 434 717 et
461 674 634 718 natura
662 685 747 718 sua
775 669 1151 718 immortalitatis
1185 686 1322 734 spem
1352 677 1498 735 atque
1523 671 1668 719 fidem
1697 670 1910 719 excitare

137 745 184 788 et
210 739 517 795 confirmare,
543 740 722 804 quippe
750 755 873 803 quae
900 755 1055 803 usque
1081 741 1313 804 sapientis
1334 741 1546 790 animum
1575 741 1763 789 infinito
1790 756 1910 805 quo-

136 809 247 858 dam
283 810 474 858 virtutis
510 817 656 872 atque
695 811 908 860 veritatis
945 810 1187 859 desiderio
1225 810 1438 874 repleat,
1479 812 1609 875 quod
1646 826 1744 859 non
1772 810 1910 859 aliter

0 866 9 876 ‘¹
65 935 67 937 ,
127 881 230 935 ‚nisi
274 880 434 928 animo
479 882 526 928 in
572 880 848 929 libertatem
894 881 1136 929 vindicato
1180 896 1386 944 prorsus
1424 881 1610 946 expleri
1647 881 1911 945 satiarique

137 952 312 1014 possit,
339 956 394 998 ut
421 950 730 1000 manifestum
759 953 820 1000 sit
845 952 895 998 in
923 950 1126 999 Socrate
1152 951 1232 999 hic
1257 958 1504 1015 tamquam
1531 953 1683 1000 vivam
1711 953 1911 1000 immor-

139 1021 332 1071 talitatis
358 1021 618 1083 imaginem
650 1036 930 1084 expressam
959 1021 1109 1069 cerni.
1149 1021 1317 1084 Itaque
1345 1021 1484 1070 facile
1512 1037 1751 1086 apparere
1778 1021 1911 1070 arbi-

137 1099 324 1139 tramur
361 1096 618 1156 utramque
656 1090 934 1155 philosophi
970 1091 1044 1140 vel
1079 1092 1333 1140 morientis
1364 1091 1439 1140 vel
1465 1092 1670 1141 amantis
1698 1092 1910 1156 speciem

136 1161 320 1211 habere
347 1161 543 1224 quidem
572 1161 751 1226 aliquid
780 1176 1065 1217 commune,
1104 1162 1188 1210 sed
1220 1167 1383 1210 tamen
1410 1163 1526 1211 item
1556 1163 1677 1212 adeo
1703 1163 1833 1211 inter
1860 1177 1911 1211 se

139 1233 446 1296 discrepare,
486 1239 537 1280 ut
573 1231 723 1281 altera
760 1231 818 1281 ab
848 1227 998 1280 altera
1028 1231 1170 1295 plane
1198 1239 1419 1296 separata
1449 1234 1510 1282 sit
1536 1249 1592 1282 ac
1619 1234 1837 1282 seiuncta
1865 1239 1913 1281 et

137 1318 358 1367 quaeque
384 1303 433 1350 in
461 1318 514 1351 se
539 1302 762 1351 absoluta
784 1309 832 1350 et
857 1301 1072 1365 perfecta
1101 1317 1208 1351 esse
1235 1303 1449 1365 putanda
1478 1305 1552 1352 sit.
1590 1303 1722 1352 Haec
1748 1309 1910 1352 autem

137 1388 248 1423 cum
283 1373 348 1420 ita
385 1389 436 1421 se
475 1372 710 1429 habeant,
751 1374 976 1437 profecto
1013 1387 1320 1437 consequens
1356 1380 1451 1431 est,
1495 1380 1548 1422 ut
1583 1374 1815 1423 iudicium
1853 1373 1913 1422 de

136 1443 411 1493 Phaedonis
447 1458 634 1492 summa
670 1448 814 1508 atque
851 1442 1050 1492 consilio
1086 1443 1462 1508 haudquaquam
1501 1461 1527 1493 e
1555 1444 1798 1509 Symposii
1834 1459 1911 1491 ra-

137 1513 351 1563 tionibus
377 1513 777 1577 suspendendum
804 1515 881 1562 sit.

276 1583 408 1633 Haec
434 1586 583 1647 igitur
611 1590 723 1633 sunt
746 1585 865 1641 fere,
895 1600 1019 1648 quae
1042 1584 1527 1634 Schleiermacherus
1555 1585 1614 1634 de
1634 1585 1911 1634 Phaedonis

137 1655 296 1704 causis
323 1662 370 1703 et
396 1654 609 1704 consiliis
636 1661 995 1704 commentatus
1023 1661 1117 1711 est;
1157 1670 1282 1718 quae
1320 1662 1454 1705 certe
1481 1670 1627 1704 nemo
1654 1670 1753 1705 non
1784 1655 1912 1704 vide-

136 1725 207 1775 bit
245 1740 351 1774 esse
390 1725 652 1782 eiusmodi,
690 1732 744 1774 ut
777 1741 803 1774 a
839 1726 1025 1789 vulgari
1053 1726 1111 1774 de
1148 1742 1338 1775 summa
1366 1727 1529 1790 operis
1554 1726 1734 1775 iudicio
1762 1725 1913 1790 pluri-

137 1813 269 1846 mum
298 1795 592 1860 discrepent.
632 1796 762 1846 Haec
790 1798 950 1845 omnia
979 1803 1157 1852 autem,
1188 1813 1312 1861 quae
1339 1797 1399 1846 ab
1429 1813 1485 1846 eo
1514 1797 1754 1859 disputata
1783 1803 1911 1852 sunt,

136 1867 468 1917 recentiorum
498 1868 779 1916 criticorum
806 1883 905 1916 non
932 1882 1203 1931 paucorum
1231 1867 1457 1931 plausum
1485 1867 1730 1923 tulerunt,
1760 1882 1912 1930 quan-

137 1937 398 2002 doquidem
427 1943 595 2000 postea
626 1940 783 1986 exorti
810 1944 936 1995 sunt,
965 1939 1049 2002 qui
1076 1940 1180 1986 eius
1207 1939 1498 1987 sententiam
1528 1938 1599 1986 vel
1627 1937 1913 2001 simpliciter

138 2007 552 2072 amplecterentur
580 2008 653 2057 vel
680 2007 903 2057 nonnihil
929 2014 1164 2057 mutatam
1195 2024 1252 2056 eo
1290 2008 1435 2056 modo
1474 2007 1823 2064 defenderent,
1861 2015 1915 2056 ut

138 2094 245 2128 eam
280 2079 544 2135 rationem,
587 2094 711 2143 quae
746 2078 888 2141 vulgo
926 2085 1053 2127 esset
1089 2078 1319 2141 probata,
1372 2085 1419 2126 et
1456 2079 1546 2141 ipsi
1592 2079 1912 2127 deserendam

139 2149 512 2198 arbitrarentur.

278 2219 338 2267 Et
387 2219 561 2267 Ferd.
616 2219 833 2271 Christ.
886 2220 1124 2268 Baurus
1146 2217 1177 2282 ¹)
1231 2218 1427 2283 quidem
1473 2218 1914 2268 Schleiermacheri

139 2291 429 2340 sententiam
464 2291 662 2338 omnino
697 2290 761 2338 ita
799 2289 1159 2353 comprobavit,
1198 2297 1248 2338 ut
1285 2305 1388 2338 eam
1431 2289 1502 2338 vel
1542 2291 1650 2339 ideo
1687 2290 1915 2337 iudicavit

138 2362 420 2410 assensione
458 2376 565 2409 esse
606 2361 965 2423 dignissimam,
1005 2361 1115 2424 quia
1145 2368 1434 2422 argumenta
1461 2362 1507 2408 in
1536 2360 1796 2408 Phaedone
1823 2374 1913 2423 pro

139 2433 413 2481 animorum
441 2431 804 2479 immortalitate
832 2430 1000 2486 allata,
1030 2430 1114 2479 ubi
1141 2430 1366 2479 subtilius
1395 2432 1761 2487 examinentur,
1800 2445 1913 2494 per-

139 2518 282 2566 quam
320 2502 508 2550 infirma
550 2507 596 2550 et
633 2501 875 2550 imbecilla
904 2516 1010 2549 esse
1037 2501 1316 2556 videantur,
1357 2509 1408 2549 ut
1442 2500 1638 2550 illorum
1676 2501 1914 2565 expositio

141 2574 314 2621 merito
357 2587 445 2635 pro
490 2572 778 2621 secundaria
824 2574 988 2635 operis
1033 2578 1172 2635 parte
1218 2571 1440 2620 habenda
1485 2573 1545 2620 sit
1581 2578 1628 2620 et
1665 2570 1912 2619 Platonem

141 2642 372 2692 credibile
399 2643 460 2690 sit
484 2643 534 2690 in
560 2642 654 2691 hoc
682 2658 831 2706 opere
859 2643 1199 2705 componendo
1226 2641 1353 2691 aliud
1392 2643 1507 2706 quid
1547 2643 1730 2705 egisse,
1768 2657 1913 2706 quam

142 2721 192 2763 ut
228 2712 602 2761 immortalitatis
637 2727 773 2776 spem
813 2713 1074 2761 adiuvaret.
1128 2712 1221 2761 Sed
1260 2713 1389 2762 unde
1434 2712 1628 2761 tandem
1676 2726 1917 2776 apparere

141 2785 360 2832 dicemus
409 2784 569 2845 ipsum
604 2783 857 2831 Platonem
906 2783 964 2831 de
1010 2799 1095 2831 sua
1132 2783 1458 2847 disputatione
1502 2798 1592 2846 pro
1638 2785 1913 2830 animorum

141 2854 523 2916 sempiternitate
549 2860 773 2917 suscepta
800 2860 897 2902 tam
934 2853 1180 2902 humiliter
1209 2860 1256 2901 et
1282 2868 1438 2918 prope
1465 2853 1650 2902 abiecte
1677 2853 1916 2902 sensisse?

142 2925 381 2973 Nimirum
418 2923 466 2971 id
502 2929 634 2971 certe
673 2926 880 2988 sumpsit
916 2926 1075 2987 potius
1112 2924 1325 2980 Baurus,
1364 2939 1511 2988 quam
1547 2924 1914 2980 demonstravit,

143 2994 372 3059 quoniam
408 2994 514 3056 ipse
550 2993 734 3042 scilicet
769 2996 1060 3043 recentioris
1104 2994 1444 3057 philosophiae
1490 2994 1678 3057 placitis
1716 2992 1912 3041 meliora

144 3065 371 3119 edoctuS,
405 3063 518 3127 quid
556 3063 616 3111 de
648 3063 912 3113 dialecticis
950 3066 1187 3114 eiusmodi
1223 3063 1726 3130 argumentationibus
1754 3064 1913 3112 existi-

144 3135 376 3184 mandum
404 3136 485 3189 sit,
525 3132 702 3181 clarius
728 3140 1039 3197 perspectum
1065 3136 1249 3185 habere
1276 3135 1368 3185 sibi
1401 3137 1529 3185 visus
1560 3141 1645 3184 est.
1692 3135 1752 3182 At
1787 3135 1915 3183 enim

143 3221 258 3254 vero
272 3205 483 3267 graviter
505 3220 560 3252 ac
583 3219 751 3253 severe
762 3203 1013 3254 Platonem
1037 3208 1191 3270 egIsse
1213 3212 1357 3270 atque
1381 3204 1792 3270 disputationibus
1814 3205 1915 3252 istis

259 3373 395 3472 1341?
434 3373 550 3414 libro
582 3373 1004 3425 praestantissimo:
1044 3373 1126 3414 das
1167 3374 1448 3415 Christliche
1479 3373 1559 3414 des
1590 3372 1915 3416 Platonismus,

145 3444 255 3484 pag.
397 3443 461 3482 sq.
