2158 3718
578 0 597 6 ¹*
618 0 777 26 *qvas-⁹3⁶¹&
793 0 921 18 me
1006 0 1056 17 aa*
1118 0 1131 12 τ
1172 0 1190 3 -’
1221 0 1234 3 ”
1250 0 1255 7 <
1274 0 1281 6 -·
1378 0 1400 3 ”

712 122 795 167 AD
836 93 1255 172 PHAEDONEM.
1531 177 1534 179 ,
1799 122 1870 178 59

95 268 308 325 stitutas,
348 268 462 334 quid
499 268 693 317 tandem
730 284 840 317 cum
878 269 1094 318 veritatis
1129 268 1501 332 cognoscendae
1538 268 1697 318 studio
1735 283 1868 318 com-

95 355 245 390 mune
279 338 452 396 habet,
494 355 604 388 cum
638 338 774 388 Plato
811 339 914 403 ipse
952 341 1179 389 virtutem
1214 341 1545 403 potissimum,
1586 354 1684 388 non
1723 354 1869 388 unam

95 411 315 461 idearum
363 410 689 473 cognitionem
734 410 826 459 hac
869 411 915 458 in
962 426 1017 460 re
1061 410 1375 475 spectandam
1421 425 1527 460 esse
1572 409 1869 460 arbitretur?

93 479 244 532 Multo
271 479 410 530 aliter
435 495 550 529 vero
585 495 666 530 res
693 496 744 530 se
771 480 942 537 habet,
983 481 1063 530 uhi
1099 481 1159 530 de
1194 481 1555 530 immortalitate
1592 482 1869 530 animorum

94 554 172 617 agi
209 551 592 602 meminerimus.
667 553 880 616 Apparet
917 553 1044 601 enim
1087 553 1411 616 posteriorem
1458 552 1585 601 hanc
1627 553 1870 600 sermonis

93 628 281 688 partem
321 638 378 672 eo
414 622 687 685 pertinere,
725 628 779 671 ut
817 623 930 687 quid
970 639 1026 672 ex
1064 623 1159 672 fide
1192 622 1570 672 immortalitatis
1597 622 1656 671 de
1693 623 1870 671 suturis

93 695 367 744 animorum
388 693 496 742 fatis
518 699 845 759 consequatur
860 693 1140 757 vulgaribus
1161 694 1481 758 religionibus
1503 693 1870 743 accommodate

95 764 396 814 ostendatur.
450 764 876 822 Quemadmodum
911 780 1025 814 vero
1066 766 1227 829 opinio
1265 773 1410 831 atque
1446 779 1558 829 spes
1583 763 1869 813 immortali-

91 836 199 886 tatis
242 835 290 884 id
335 835 506 890 efficit,
554 841 606 883 ut
641 851 746 885 esse
785 834 979 900 aliquod
1015 841 1210 900 tempus
1247 836 1530 892 credamus,
1570 851 1665 900 quo
1709 835 1865 884 divina

90 907 272 957 iustitia
299 905 443 956 bonis
467 905 595 955 bene
623 912 670 956 et
707 906 844 956 malis
870 905 995 955 male
1024 921 1130 956 esse
1156 906 1344 963 iubeat,
1382 908 1446 955 ita
1473 906 1682 955 vicissim
1722 907 1867 955 etiam

90 978 214 1028 haec
250 979 397 1026 animi
433 977 685 1041 persuasio
724 977 993 1043 plurimum
1037 977 1163 1026 valet
1206 977 1265 1026 ad
1310 977 1454 1026 fidem
1493 975 1867 1027 immortalitatis

94 1049 495 1099 confirmandam.

231 1148 292 1196 Et
325 1147 446 1196 haec
473 1147 667 1210 quidem
706 1147 766 1196 de
800 1147 858 1196 iis
893 1148 1055 1211 operis
1086 1147 1333 1213 partibuS,
1374 1164 1498 1212 quae
1532 1149 1782 1212 pertinent
1807 1147 1867 1197 ad

92 1219 428 1284 quaestionem
471 1217 531 1266 de
574 1218 953 1267 immortalitatis
988 1221 1307 1281 argumentis.
1376 1219 1636 1284 Reliquum
1673 1224 1770 1277 est,
1816 1226 1869 1268 ut

90 1291 261 1354 paucis
295 1288 637 1352 explicandum
673 1291 735 1337 sit
770 1290 830 1338 de
868 1288 1114 1352 epilogo
1152 1290 1287 1346 libri,
1325 1291 1406 1354 qui
1443 1291 1647 1354 propius
1682 1295 1869 1351 spectat

91 1360 151 1409 ad
191 1361 350 1424 ipsum
396 1359 666 1409 Socratem.
719 1360 765 1409 ls
808 1375 921 1409 vero
966 1360 1144 1423 duplex
1190 1366 1284 1417 est,
1332 1361 1497 1423 prouti
1540 1362 1644 1425 ipsa
1691 1361 1868 1424 dialogi

90 1431 247 1480 forma
281 1430 409 1479 tulit.
462 1430 583 1479 Nam
620 1432 831 1494 primum
869 1431 1066 1495 quidem
1105 1432 1260 1480 exitus
1297 1431 1511 1480 Socratis
1548 1446 1606 1479 ex
1643 1431 1736 1480 hac.
1771 1433 1866 1480 vita

90 1508 347 1558 narratur,
389 1501 564 1550 deinde
601 1507 761 1550 autem
788 1501 985 1550 Phaedo
1013 1503 1181 1550 amicis
1207 1501 1428 1550 Phliasiis
1455 1503 1623 1564 paucis
1650 1501 1864 1567 quidem,

90 1573 178 1622 sed
215 1572 385 1622 iisdem
424 1573 723 1637 gravissimis
758 1572 921 1624 verbis
959 1578 1135 1637 quanta
1174 1572 1318 1622 fuerit
1354 1574 1404 1621 in
1442 1573 1644 1622 Socrate
1680 1573 1869 1623 virtutis

90 1644 300 1708 dignitas
328 1650 376 1692 et
403 1642 688 1693 excellentia
719 1643 944 1693 ostendit.

230 1757 291 1806 Et
317 1759 521 1806 exitus
557 1757 753 1820 quidem
781 1756 1061 1806 Socratis
1096 1758 1137 1806 si
1165 1758 1418 1822 quaeritur
1445 1773 1539 1822 qua
1567 1759 1755 1808 ratione
1781 1757 1865 1808 de·

89 1829 301 1894 scriptus
345 1828 430 1884 sit,
476 1826 610 1876 nullo
654 1827 759 1876 fere
802 1830 999 1892 negotio
1041 1827 1340 1891 intellegitur
1383 1828 1477 1878 hoc
1527 1844 1722 1893 quoque
1757 1829 1866 1878 loco

90 1902 254 1950 omnia
290 1899 656 1948 accommodate
692 1898 751 1948 ad
779 1913 915 1962 spem
942 1899 1318 1948 immortalitatis
1347 1914 1453 1949 esse
1486 1902 1706 1964 exposita
1733 1898 1862 1949 nulla

88 1969 232 2036 plane
278 1970 630 2034 significatione
677 1969 897 2019 celsioris
941 1984 1109 2020 rerum
1138 1971 1428 2034 cognitionis
1472 1970 1623 2026 facta,
1662 1977 1714 2020 ut
1747 1970 1863 2020 hinc

89 2057 285 2107 quoque
320 2046 542 2105 apertum
581 2041 663 2089 fiat
688 2040 877 2089 Platoni
914 2041 1187 2090 doctrinam
1216 2040 1595 2090 immortalitatis
1624 2056 1722 2090 non
1750 2057 1866 2091 ean-

89 2113 198 2162 dem
237 2127 344 2162 esse
381 2117 525 2176 atque
563 2112 855 2174 cognitionis
882 2111 1132 2161 absolutae
1158 2113 1415 2162 rationem.
1469 2111 1662 2160 Etenim
1692 2112 1865 2162 Socra-

87 2190 162 2232 tes
198 2197 296 2231 non
331 2184 428 2231 iam
464 2183 597 2231 ideas
625 2188 997 2239 commentatur,
1027 2183 1166 2231 sicuti
1194 2197 1341 2247 supra
1368 2181 1601 2239 faciebat,
1632 2199 1729 2248 quo
1756 2183 1865 2234 loco

88 2254 148 2304 de
174 2254 518 2302 coniunctione
569 2254 800 2302 scientiae
860 2252 1269 2317 philosophorum
1331 2268 1441 2302 cum
1501 2253 1865 2304 immortalitate

90 2323 386 2380 disserebat,
423 2339 520 2372 non
548 2324 640 2372 iam
672 2325 851 2386 cogitat
878 2324 937 2372 de
976 2324 1227 2373 divinioris
1255 2325 1545 2387 cognitionis
1572 2324 1862 2381 rationibuS,

88 2411 212 2462 quae
247 2394 352 2444 aliis
387 2394 834 2459 opportunitatibus
871 2395 963 2459 ipsi
1001 2394 1128 2458 apud
1156 2395 1409 2444 Platonem
1444 2395 1668 2444 videntur
1696 2395 1864 2445 sedula

89 2482 207 2516 cura
234 2467 498 2530 praecipue
525 2466 700 2529 dignae
729 2480 851 2521 esse,
881 2480 978 2513 non
1007 2466 1219 2529 denique
1247 2466 1433 2514 defixus
1462 2472 1533 2515 est
1559 2467 1606 2514 in
1634 2465 1863 2531 gravibus

87 2535 506 2594 meditationibus,
546 2551 669 2600 quae
712 2537 926 2585 veritatis
959 2535 1150 2599 plenius
1185 2537 1523 2600 sinceriusque
1563 2552 1863 2601 cognoscen-

38 2646 39 2649 ,
89 2609 178 2658 dae
215 2607 431 2656 studium
467 2614 698 2671 arguant,
734 2609 832 2656 imo
868 2614 1038 2672 pectus
1066 2608 1144 2656 hic
1173 2607 1315 2657 nobis
1342 2613 1553 2657 ostentat
1577 2609 1636 2656 iis
1662 2607 1863 2674 plenum

88 2678 327 2736 sensibUS,
356 2679 440 2743 qui
466 2694 492 2727 a
520 2685 650 2727 certa
681 2684 728 2727 et
753 2678 951 2727 indubia
979 2694 1066 2743 spe
1092 2678 1466 2728 immortalitatis
1494 2680 1757 2729 coniuncta
1783 2679 1862 2729 illa

89 2765 198 2800 cum
241 2750 362 2798 vitae
400 2764 523 2814 pure
560 2755 828 2812 sancteque
865 2756 1061 2799 exactae
1096 2750 1438 2799 recordatione
1466 2750 1862 2814 proficiscuntur.

88 2821 316 2870 Socrates
342 2826 520 2876 autem,
548 2827 805 2885 postquam
833 2820 1248 2869 immortalitatem
1278 2821 1555 2870 animorum
1584 2827 1725 2870 acute
1752 2835 1863 2885 gra-

90 2891 306 2955 viterque
345 2892 650 2954 argumentis
687 2891 1015 2948 confirmavit,
1054 2892 1150 2940 iam
1188 2891 1392 2941 eandem
1421 2893 1565 2940 etiam
1594 2893 1697 2955 ipso
1727 2891 1860 2942 obitu

88 2977 176 3011 suo
204 2966 425 3010 testatam
455 2961 584 3009 facit.
636 2962 897 3010 Enimvero
928 2962 1369 3012 animadvertentes
1404 2962 1492 3010 viri
1520 2964 1860 3021 constantiam,
1916 2998 1919 3006 ·

87 3031 438 3087 fortitudinem,
484 3032 632 3080 animi
676 3031 1067 3095 aequabilitatem
1114 3039 1161 3082 et
1205 3034 1604 3097 magnitudinem,
1651 3034 1863 3098 denique

7 3101 12 3105 ’
87 3102 364 3166 religiosam
394 3102 647 3165 pietatem,
689 3108 820 3151 certe
847 3103 967 3151 adeo
996 3119 1362 3153 commovemur
1390 3105 1578 3160 anim0‚
1607 3110 1681 3160 ut,
1719 3105 1863 3154 sicuti

89 3173 210 3222 haec
246 3174 407 3222 omnia
446 3188 471 3220 a
508 3179 641 3221 certa
682 3174 826 3220 animi
864 3175 1179 3237 persuasione
1207 3175 1265 3223 de
1293 3175 1438 3223 huius
1465 3176 1588 3224 vitae
1613 3177 1863 3224 terrestris

91 3259 199 3292 cum
238 3245 329 3292 vita
368 3243 630 3291 immortali
668 3244 1007 3293 coniunctione
1044 3246 1283 3303 origimwn
1321 3244 1505 3294 habere
1533 3261 1669 3294 suam
1699 3247 1860 3295 existi-

90 3329 301 3369 mamus,
329 3315 392 3361 ita
421 3315 563 3362 etiam
593 3329 648 3361 eo
677 3314 1020 3376 perducamur,
1061 3323 1112 3364 ut
1137 3316 1247 3364 laeti
1274 3316 1574 3379 fidentesque
1602 3317 1861 3364 credamus

91 3385 278 3432 animos
313 3386 684 3432 nostrosetiam
724 3389 831 3445 post
857 3392 1063 3433 mortem
1092 3385 1198 3434 fore
1234 3387 1533 3450 superstites,
1586 3385 1702 3435 Tale
1730 3386 1859 3434 enim

93 3454 278 3503 virtutis
306 3454 581 3519 exemplum
610 3456 656 3503 in
686 3454 775 3502 hac
802 3470 946 3504 causa
973 3455 1031 3503 ad
1070 3456 1474 3506 commovendum
1510 3457 1722 3504 animum
1750 3455 1859 3519 plus
