<?xml version="1.0" encoding="UTF-8"?>
<!DOCTYPE html PUBLIC "-//W3C//DTD XHTML 1.0 Transitional//EN"
    "http://www.w3.org/TR/xhtml1/DTD/xhtml1-transitional.dtd">
<html xmlns="http://www.w3.org/1999/xhtml" xml:lang="en" lang="en">
 <head>
  <title>
</title>
<meta http-equiv="Content-Type" content="text/html;charset=utf-8" />
  <meta name='ocr-system' content='tesseract 3.04.00' />
  <meta name='ocr-capabilities' content='ocr_page ocr_carea ocr_par ocr_line ocrx_word'/>
</head>
<body>
  <div class='ocr_page' id='page_1' title='image "./operaomniarecens01platuoft/operaomniarecens01platuoft_0053.png"; bbox 0 0 2222 3762; ppageno 0'>
   <div class='ocr_carea' id='block_1_1' title="bbox 1558 147 1788 201">
    <p class='ocr_par' dir='ltr' id='par_1_1' title="bbox 1558 147 1788 201">
     <span class='ocr_line' id='line_1_1' title="bbox 1558 147 1788 201; baseline 0 0"><span class='ocrx_word' id='word_1_1' title='bbox 1558 147 1788 201; x_wconf 72' lang='lat' dir='ltr'>XLVII</span> 
     </span>
    </p>
   </div>
   <div class='ocr_carea' id='block_1_2' title="bbox 23 290 1855 3427">
    <p class='ocr_par' dir='ltr' id='par_1_2' title="bbox 23 290 1855 3427">
     <span class='ocr_line' id='line_1_2' title="bbox 94 290 1789 366; baseline -0.003 -18"><span class='ocrx_word' id='word_1_2' title='bbox 94 296 264 366; x_wconf 85' lang='lat' dir='ltr'>igitur</span> <span class='ocrx_word' id='word_1_3' title='bbox 298 292 432 346; x_wconf 84' lang='lat' dir='ltr'>illud</span> <span class='ocrx_word' id='word_1_4' title='bbox 471 299 572 359; x_wconf 84' lang='lat' dir='ltr'>est,</span> <span class='ocrx_word' id='word_1_5' title='bbox 605 291 751 361; x_wconf 92' lang='lat' dir='ltr'>quod</span> <span class='ocrx_word' id='word_1_6' title='bbox 791 292 1044 344; x_wconf 85' lang='lat' dir='ltr'>materiae</span> <span class='ocrx_word' id='word_1_7' title='bbox 1087 290 1271 343; x_wconf 84' lang='lat' dir='ltr'>habita</span> <span class='ocrx_word' id='word_1_8' title='bbox 1307 291 1519 343; x_wconf 87' lang='lat' dir='ltr'>ratione</span> <span class='ocrx_word' id='word_1_9' title='bbox 1557 292 1789 361; x_wconf 87' lang='lat' dir='ltr'>primum</span> 
     </span>
     <span class='ocr_line' id='line_1_3' title="bbox 93 361 1788 434; baseline -0.002 -16"><span class='ocrx_word' id='word_1_10' title='bbox 93 364 370 426; x_wconf 83' lang='lat' dir='ltr'>fatendum</span> <span class='ocrx_word' id='word_1_11' title='bbox 419 371 503 417; x_wconf 88' lang='lat' dir='ltr'>est</span> <span class='ocrx_word' id='word_1_12' title='bbox 538 362 623 416; x_wconf 90' lang='lat' dir='ltr'>his</span> <span class='ocrx_word' id='word_1_13' title='bbox 663 361 894 433; x_wconf 79' lang='lat' dir='ltr'>dialogis</span> <span class='ocrx_word' id='word_1_14' title='bbox 931 362 1183 434; x_wconf 88' lang='lat' dir='ltr'>propium</span> <span class='ocrx_word' id='word_1_15' title='bbox 1217 380 1356 430; x_wconf 88' lang='lat' dir='ltr'>esse,</span> <span class='ocrx_word' id='word_1_16' title='bbox 1382 361 1530 430; x_wconf 88' lang='lat' dir='ltr'>quod</span> <span class='ocrx_word' id='word_1_17' title='bbox 1569 362 1788 430; x_wconf 88' lang='lat' dir='ltr'>quidem</span> 
     </span>
     <span class='ocr_line' id='line_1_4' title="bbox 93 432 1788 506; baseline -0.002 -17"><span class='ocrx_word' id='word_1_18' title='bbox 93 435 516 506; x_wconf 81' lang='lat' dir='ltr'><strong>haudquaquam</strong></span> <span class='ocrx_word' id='word_1_19' title='bbox 554 452 734 487; x_wconf 88' lang='lat' dir='ltr'>errare</span> <span class='ocrx_word' id='word_1_20' title='bbox 768 433 1019 486; x_wconf 87' lang='lat' dir='ltr'>videmur</span> <span class='ocrx_word' id='word_1_21' title='bbox 1053 441 1265 486; x_wconf 85' lang='lat' dir='ltr'>tantum</span> <span class='ocrx_word' id='word_1_22' title='bbox 1300 451 1422 486; x_wconf 91' lang='lat' dir='ltr'>esse</span> <span class='ocrx_word' id='word_1_23' title='bbox 1458 432 1788 500; x_wconf 74' lang='lat' dir='ltr'>iudicanteS,</span> 
     </span>
     <span class='ocr_line' id='line_1_5' title="bbox 93 504 1794 577; baseline -0.002 -17"><span class='ocrx_word' id='word_1_24' title='bbox 93 507 250 560; x_wconf 83' lang='lat' dir='ltr'>utin</span> <span class='ocrx_word' id='word_1_25' title='bbox 286 506 389 559; x_wconf 86' lang='lat' dir='ltr'>hac</span> <span class='ocrx_word' id='word_1_26' title='bbox 426 507 548 577; x_wconf 83' lang='lat' dir='ltr'>ipsa</span> <span class='ocrx_word' id='word_1_27' title='bbox 579 525 636 557; x_wconf 90' lang='lat' dir='ltr'>re</span> <span class='ocrx_word' id='word_1_28' title='bbox 663 505 834 558; x_wconf 90' lang='lat' dir='ltr'>omnis</span> <span class='ocrx_word' id='word_1_29' title='bbox 861 504 1143 563; x_wconf 86' lang='lat' dir='ltr'>doctrinae</span> <span class='ocrx_word' id='word_1_30' title='bbox 1171 504 1490 557; x_wconf 80' lang='lat' dir='ltr'>Platonicae</span> <span class='ocrx_word' id='word_1_31' title='bbox 1530 514 1794 573; x_wconf 82' lang='lat' dir='ltr'>tanquam·</span> 
     </span>
     <span class='ocr_line' id='line_1_6' title="bbox 90 574 1793 648; baseline -0.001 -16"><span class='ocrx_word' id='word_1_32' title='bbox 90 579 302 632; x_wconf 88' lang='lat' dir='ltr'>initium</span> <span class='ocrx_word' id='word_1_33' title='bbox 340 585 398 631; x_wconf 83' lang='lat' dir='ltr'>et</span> <span class='ocrx_word' id='word_1_34' title='bbox 431 577 760 648; x_wconf 87' lang='lat' dir='ltr'>principium</span> <span class='ocrx_word' id='word_1_35' title='bbox 785 576 1051 629; x_wconf 83' lang='lat' dir='ltr'>contineri</span> <span class='ocrx_word' id='word_1_36' title='bbox 1089 574 1505 629; x_wconf 81' lang='lat' dir='ltr'>existimandum</span> <span class='ocrx_word' id='word_1_37' title='bbox 1545 576 1630 641; x_wconf 89' lang='lat' dir='ltr'>sit,</span> <span class='ocrx_word' id='word_1_38' title='bbox 1670 577 1793 632; x_wconf 19' lang='lat' dir='ltr'>sine*</span> 
     </span>
     <span class='ocr_line' id='line_1_7' title="bbox 93 646 1788 718; baseline -0.003 -15"><span class='ocrx_word' id='word_1_39' title='bbox 93 651 250 703; x_wconf 83' lang='lat' dir='ltr'>cuius</span> <span class='ocrx_word' id='word_1_40' title='bbox 283 649 478 702; x_wconf 80' lang='lat' dir='ltr'>notitia</span> <span class='ocrx_word' id='word_1_41' title='bbox 522 666 625 700; x_wconf 90' lang='lat' dir='ltr'>nec</span> <span class='ocrx_word' id='word_1_42' title='bbox 672 648 915 717; x_wconf 85' lang='lat' dir='ltr'>reliquae</span> <span class='ocrx_word' id='word_1_43' title='bbox 970 647 1117 700; x_wconf 89' lang='lat' dir='ltr'>illius</span> <span class='ocrx_word' id='word_1_44' title='bbox 1153 654 1336 718; x_wconf 82' lang='lat' dir='ltr'>partes</span> <span class='ocrx_word' id='word_1_45' title='bbox 1376 654 1471 699; x_wconf 91' lang='lat' dir='ltr'>aut</span> <span class='ocrx_word' id='word_1_46' title='bbox 1507 646 1668 717; x_wconf 88' lang='lat' dir='ltr'>plane</span> <span class='ocrx_word' id='word_1_47' title='bbox 1705 647 1788 699; x_wconf 90' lang='lat' dir='ltr'>in-</span> 
     </span>
     <span class='ocr_line' id='line_1_8' title="bbox 93 718 1790 792; baseline -0.002 -19"><span class='ocrx_word' id='word_1_48' title='bbox 93 721 271 792; x_wconf 83' lang='lat' dir='ltr'>telligi</span> <span class='ocrx_word' id='word_1_49' title='bbox 304 729 413 774; x_wconf 70' lang='lat' dir='ltr'>‘aut</span> <span class='ocrx_word' id='word_1_50' title='bbox 459 727 603 772; x_wconf 86' lang='lat' dir='ltr'>recte</span> <span class='ocrx_word' id='word_1_51' title='bbox 655 718 888 771; x_wconf 89' lang='lat' dir='ltr'>iudicari</span> <span class='ocrx_word' id='word_1_52' title='bbox 936 727 1157 788; x_wconf 80' lang='lat' dir='ltr'><strong>queant..</strong></span> <span class='ocrx_word' id='word_1_53' title='bbox 1248 718 1519 771; x_wconf 86' lang='lat' dir='ltr'>Nimirum</span> <span class='ocrx_word' id='word_1_54' title='bbox 1561 718 1790 770; x_wconf 87' lang='lat' dir='ltr'>multum</span> 
     </span>
     <span class='ocr_line' id='line_1_9' title="bbox 92 790 1790 863; baseline -0.001 -19"><span class='ocrx_word' id='word_1_55' title='bbox 92 794 339 863; x_wconf 82' lang='lat' dir='ltr'>profecto</span> <span class='ocrx_word' id='word_1_56' title='bbox 375 791 580 845; x_wconf 88' lang='lat' dir='ltr'>iudicio</span> <span class='ocrx_word' id='word_1_57' title='bbox 619 809 718 843; x_wconf 88' lang='lat' dir='ltr'>suo</span> <span class='ocrx_word' id='word_1_58' title='bbox 758 791 883 843; x_wconf 90' lang='lat' dir='ltr'>falsi</span> <span class='ocrx_word' id='word_1_59' title='bbox 922 798 1067 857; x_wconf 83' lang='lat' dir='ltr'>sunt,</span> <span class='ocrx_word' id='word_1_60' title='bbox 1102 790 1196 859; x_wconf 89' lang='lat' dir='ltr'>qui</span> <span class='ocrx_word' id='word_1_61' title='bbox 1225 808 1366 858; x_wconf 87' lang='lat' dir='ltr'>quae</span> <span class='ocrx_word' id='word_1_62' title='bbox 1394 790 1790 860; x_wconf 84' lang='lat' dir='ltr'>posterioribus</span> 
     </span>
     <span class='ocr_line' id='line_1_10' title="bbox 93 860 1791 933; baseline -0.002 -17"><span class='ocrx_word' id='word_1_63' title='bbox 93 864 436 933; x_wconf 64' lang='lat' dir='ltr'>temporibus</span> <span class='ocrx_word' id='word_1_64' title='bbox 498 861 859 933; x_wconf 90' lang='lat' dir='ltr'>philosophus</span> <span class='ocrx_word' id='word_1_65' title='bbox 917 860 1164 914; x_wconf 87' lang='lat' dir='ltr'>condidit</span> <span class='ocrx_word' id='word_1_66' title='bbox 1210 861 1416 932; x_wconf 88' lang='lat' dir='ltr'>ingenii</span> <span class='ocrx_word' id='word_1_67' title='bbox 1467 863 1551 913; x_wconf 87' lang='lat' dir='ltr'>sui</span> <span class='ocrx_word' id='word_1_68' title='bbox 1597 881 1791 913; x_wconf 83' lang='lat' dir='ltr'>monu-</span> 
     </span>
     <span class='ocr_line' id='line_1_11' title="bbox 93 932 1790 1002; baseline -0.001 -16"><span class='ocrx_word' id='word_1_69' title='bbox 93 945 292 1002; x_wconf 86' lang='lat' dir='ltr'>menta,</span> <span class='ocrx_word' id='word_1_70' title='bbox 320 953 384 987; x_wconf 90' lang='lat' dir='ltr'>ea</span> <span class='ocrx_word' id='word_1_71' title='bbox 412 934 480 987; x_wconf 91' lang='lat' dir='ltr'>ab</span> <span class='ocrx_word' id='word_1_72' title='bbox 507 933 657 987; x_wconf 87' lang='lat' dir='ltr'>hisce</span> <span class='ocrx_word' id='word_1_73' title='bbox 679 932 976 986; x_wconf 84' lang='lat' dir='ltr'>Socraticis</span> <span class='ocrx_word' id='word_1_74' title='bbox 1014 932 1230 1002; x_wconf 84' lang='lat' dir='ltr'>scriptis</span> <span class='ocrx_word' id='word_1_75' title='bbox 1269 940 1530 1001; x_wconf 83' lang='lat' dir='ltr'>tanquam</span> <span class='ocrx_word' id='word_1_76' title='bbox 1569 932 1790 985; x_wconf 88' lang='lat' dir='ltr'>omnino</span> 
     </span>
     <span class='ocr_line' id='line_1_12' title="bbox 95 1002 1792 1075; baseline -0.002 -17"><span class='ocrx_word' id='word_1_77' title='bbox 95 1005 310 1058; x_wconf 82' lang='lat' dir='ltr'>diversa</span> <span class='ocrx_word' id='word_1_78' title='bbox 359 1007 533 1075; x_wconf 62' lang='lat' dir='ltr'>¹longo</span> <span class='ocrx_word' id='word_1_79' title='bbox 591 1003 878 1055; x_wconf 86' lang='lat' dir='ltr'>intervallo</span> <span class='ocrx_word' id='word_1_80' title='bbox 927 1002 1269 1074; x_wconf 85' lang='lat' dir='ltr'>segreganda</span> <span class='ocrx_word' id='word_1_81' title='bbox 1316 1010 1371 1055; x_wconf 92' lang='lat' dir='ltr'>et</span> <span class='ocrx_word' id='word_1_82' title='bbox 1418 1010 1630 1055; x_wconf 86' lang='lat' dir='ltr'>tantum</span> <span class='ocrx_word' id='word_1_83' title='bbox 1681 1022 1792 1055; x_wconf 89' lang='lat' dir='ltr'>non</span> 
     </span>
     <span class='ocr_line' id='line_1_13' title="bbox 93 1073 1791 1147; baseline -0.002 -17"><span class='ocrx_word' id='word_1_84' title='bbox 93 1095 328 1147; x_wconf 74' lang='lat' dir='ltr'>prorsus·</span> <span class='ocrx_word' id='word_1_85' title='bbox 384 1073 694 1128; x_wconf 83' lang='lat' dir='ltr'>divellenda</span> <span class='ocrx_word' id='word_1_86' title='bbox 755 1082 1104 1144; x_wconf 84' lang='lat' dir='ltr'>putaverunt.</span> <span class='ocrx_word' id='word_1_87' title='bbox 1195 1074 1393 1142; x_wconf 86' lang='lat' dir='ltr'>Neque</span> <span class='ocrx_word' id='word_1_88' title='bbox 1440 1074 1580 1126; x_wconf 91' lang='lat' dir='ltr'>enim</span> <span class='ocrx_word' id='word_1_89' title='bbox 1630 1073 1791 1126; x_wconf 88' lang='lat' dir='ltr'>Plato</span> 
     </span>
     <span class='ocr_line' id='line_1_14' title="bbox 95 1145 1793 1219; baseline -0.002 -19"><span class='ocrx_word' id='word_1_90' title='bbox 95 1146 288 1219; x_wconf 79' lang='lat' dir='ltr'>postea</span> <span class='ocrx_word' id='word_1_91' title='bbox 323 1146 567 1219; x_wconf 80' lang='lat' dir='ltr'>neglexit</span> <span class='ocrx_word' id='word_1_92' title='bbox 604 1153 700 1198; x_wconf 91' lang='lat' dir='ltr'>aut</span> <span class='ocrx_word' id='word_1_93' title='bbox 735 1146 925 1198; x_wconf 89' lang='lat' dir='ltr'>reiecit</span> <span class='ocrx_word' id='word_1_94' title='bbox 974 1164 1113 1214; x_wconf 91' lang='lat' dir='ltr'>quae</span> <span class='ocrx_word' id='word_1_95' title='bbox 1164 1145 1292 1198; x_wconf 92' lang='lat' dir='ltr'>olim</span> <span class='ocrx_word' id='word_1_96' title='bbox 1354 1152 1469 1197; x_wconf 89' lang='lat' dir='ltr'>erat</span> <span class='ocrx_word' id='word_1_97' title='bbox 1519 1163 1793 1198; x_wconf 87' lang='lat' dir='ltr'>commen-</span> 
     </span>
     <span class='ocr_line' id='line_1_15' title="bbox 93 1216 1855 1288; baseline -0.002 -17"><span class='ocrx_word' id='word_1_98' title='bbox 93 1225 270 1284; x_wconf 53' lang='lat' dir='ltr'>tatum</span> <span class='ocrx_word' id='word_1_99' title='bbox 307 1219 472 1272; x_wconf 90' lang='lat' dir='ltr'>immo</span> <span class='ocrx_word' id='word_1_100' title='bbox 518 1236 581 1269; x_wconf 85' lang='lat' dir='ltr'>ea</span> <span class='ocrx_word' id='word_1_101' title='bbox 617 1216 790 1288; x_wconf 86' lang='lat' dir='ltr'>magis</span> <span class='ocrx_word' id='word_1_102' title='bbox 818 1217 1067 1288; x_wconf 80' lang='lat' dir='ltr'>perfecit,</span> <span class='ocrx_word' id='word_1_103' title='bbox 1092 1217 1348 1287; x_wconf 82' lang='lat' dir='ltr'>explevit,</span> <span class='ocrx_word' id='word_1_104' title='bbox 1374 1217 1791 1284; x_wconf 82' lang='lat' dir='ltr'>consummavit,</span> <span class='ocrx_word' id='word_1_105' title='bbox 1852 1276 1855 1283; x_wconf 36' lang='lat'><strong><em>¹</em></strong></span> 
     </span>
     <span class='ocr_line' id='line_1_16' title="bbox 23 1288 1793 1360; baseline -0.001 -18"><span class='ocrx_word' id='word_1_106' title='bbox 23 1339 29 1342; x_wconf 90' lang='lat'>.</span> <span class='ocrx_word' id='word_1_107' title='bbox 91 1290 181 1343; x_wconf 48' lang='lat' dir='ltr'>ita„</span> <span class='ocrx_word' id='word_1_108' title='bbox 204 1297 269 1343; x_wconf 89' lang='lat' dir='ltr'>ut</span> <span class='ocrx_word' id='word_1_109' title='bbox 307 1309 445 1360; x_wconf 89' lang='lat' dir='ltr'>quae</span> <span class='ocrx_word' id='word_1_110' title='bbox 480 1296 703 1360; x_wconf 90' lang='lat' dir='ltr'>postero</span> <span class='ocrx_word' id='word_1_111' title='bbox 740 1295 984 1359; x_wconf 85' lang='lat' dir='ltr'>tempore</span> <span class='ocrx_word' id='word_1_112' title='bbox 1010 1296 1066 1341; x_wconf 90' lang='lat' dir='ltr'>et</span> <span class='ocrx_word' id='word_1_113' title='bbox 1090 1295 1268 1341; x_wconf 86' lang='lat' dir='ltr'>aetate</span> <span class='ocrx_word' id='word_1_114' title='bbox 1297 1288 1594 1340; x_wconf 85' lang='lat' dir='ltr'>maturiore</span> <span class='ocrx_word' id='word_1_115' title='bbox 1632 1288 1793 1340; x_wconf 88' lang='lat' dir='ltr'>etiam</span> 
     </span>
     <span class='ocr_line' id='line_1_17' title="bbox 94 1359 1794 1433; baseline -0.002 -19"><span class='ocrx_word' id='word_1_116' title='bbox 94 1361 290 1433; x_wconf 78' lang='lat' dir='ltr'>opibus</span> <span class='ocrx_word' id='word_1_117' title='bbox 323 1362 556 1414; x_wconf 86' lang='lat' dir='ltr'>aliorum</span> <span class='ocrx_word' id='word_1_118' title='bbox 592 1359 1063 1430; x_wconf 88' lang='lat' dir='ltr'>philosophorum,</span> <span class='ocrx_word' id='word_1_119' title='bbox 1096 1359 1360 1430; x_wconf 86' lang='lat' dir='ltr'>imprimis</span> <span class='ocrx_word' id='word_1_120' title='bbox 1387 1359 1794 1430; x_wconf 85' lang='lat' dir='ltr'>Megaricorum</span> 
     </span>
     <span class='ocr_line' id='line_1_18' title="bbox 94 1430 1796 1505; baseline -0.002 -19"><span class='ocrx_word' id='word_1_121' title='bbox 94 1441 150 1486; x_wconf 88' lang='lat' dir='ltr'>et</span> <span class='ocrx_word' id='word_1_122' title='bbox 186 1432 682 1505; x_wconf 79' lang='lat' dir='ltr'>Pythagoreorum,</span> <span class='ocrx_word' id='word_1_123' title='bbox 727 1438 1063 1484; x_wconf 88' lang='lat' dir='ltr'>sustentatus</span> <span class='ocrx_word' id='word_1_124' title='bbox 1118 1431 1541 1502; x_wconf 80' lang='lat' dir='ltr'>excogitavisset</span> <span class='ocrx_word' id='word_1_125' title='bbox 1588 1430 1796 1483; x_wconf 87' lang='lat' dir='ltr'>maiora</span> 
     </span>
     <span class='ocr_line' id='line_1_19' title="bbox 94 1501 1793 1575; baseline -0.001 -19"><span class='ocrx_word' id='word_1_126' title='bbox 94 1511 258 1574; x_wconf 84' lang='lat' dir='ltr'>atque</span> <span class='ocrx_word' id='word_1_127' title='bbox 296 1504 586 1575; x_wconf 87' lang='lat' dir='ltr'>ampliora,</span> <span class='ocrx_word' id='word_1_128' title='bbox 630 1521 694 1556; x_wconf 89' lang='lat' dir='ltr'>ea</span> <span class='ocrx_word' id='word_1_129' title='bbox 741 1503 847 1556; x_wconf 89' lang='lat' dir='ltr'>illis</span> <span class='ocrx_word' id='word_1_130' title='bbox 883 1510 1162 1572; x_wconf 85' lang='lat' dir='ltr'>tamquam</span> <span class='ocrx_word' id='word_1_131' title='bbox 1197 1503 1385 1573; x_wconf 89' lang='lat' dir='ltr'>primis</span> <span class='ocrx_word' id='word_1_132' title='bbox 1423 1501 1793 1555; x_wconf 82' lang='lat' dir='ltr'>fundamentis</span> 
     </span>
     <span class='ocr_line' id='line_1_20' title="bbox 96 1571 1796 1646; baseline -0.001 -19"><span class='ocrx_word' id='word_1_133' title='bbox 96 1582 511 1646; x_wconf 83' lang='lat' dir='ltr'>superstrueret.</span> <span class='ocrx_word' id='word_1_134' title='bbox 589 1573 701 1628; x_wconf 84' lang='lat' dir='ltr'>Sed</span> <span class='ocrx_word' id='word_1_135' title='bbox 753 1575 885 1627; x_wconf 87' lang='lat' dir='ltr'>satis</span> <span class='ocrx_word' id='word_1_136' title='bbox 923 1573 990 1627; x_wconf 92' lang='lat' dir='ltr'>de</span> <span class='ocrx_word' id='word_1_137' title='bbox 1029 1574 1130 1626; x_wconf 85' lang='lat' dir='ltr'>his.</span> <span class='ocrx_word' id='word_1_138' title='bbox 1206 1574 1493 1645; x_wconf 83' lang='lat' dir='ltr'>Pergimus</span> <span class='ocrx_word' id='word_1_139' title='bbox 1534 1572 1605 1626; x_wconf 88' lang='lat' dir='ltr'>ad</span> <span class='ocrx_word' id='word_1_140' title='bbox 1644 1571 1796 1626; x_wconf 89' lang='lat' dir='ltr'>aliud</span> 
     </span>
     <span class='ocr_line' id='line_1_21' title="bbox 94 1644 1793 1716; baseline -0.001 -17"><span class='ocrx_word' id='word_1_141' title='bbox 94 1646 254 1716; x_wconf 87' lang='lat' dir='ltr'>quid,</span> <span class='ocrx_word' id='word_1_142' title='bbox 295 1646 443 1716; x_wconf 90' lang='lat' dir='ltr'>quod</span> <span class='ocrx_word' id='word_1_143' title='bbox 491 1645 640 1699; x_wconf 87' lang='lat' dir='ltr'>hisce</span> <span class='ocrx_word' id='word_1_144' title='bbox 686 1645 838 1700; x_wconf 91' lang='lat' dir='ltr'>libris</span> <span class='ocrx_word' id='word_1_145' title='bbox 877 1644 1194 1714; x_wconf 82' lang='lat' dir='ltr'>SocraticiS,</span> <span class='ocrx_word' id='word_1_146' title='bbox 1237 1645 1304 1698; x_wconf 91' lang='lat' dir='ltr'>de</span> <span class='ocrx_word' id='word_1_147' title='bbox 1341 1646 1540 1714; x_wconf 91' lang='lat' dir='ltr'>quibus</span> <span class='ocrx_word' id='word_1_148' title='bbox 1593 1645 1793 1716; x_wconf 85' lang='lat' dir='ltr'>agitur,</span> 
     </span>
     <span class='ocr_line' id='line_1_22' title="bbox 93 1716 1795 1788; baseline -0.001 -18"><span class='ocrx_word' id='word_1_149' title='bbox 93 1718 374 1788; x_wconf 86' lang='lat' dir='ltr'>proprium</span> <span class='ocrx_word' id='word_1_150' title='bbox 412 1717 592 1771; x_wconf 89' lang='lat' dir='ltr'>dicere</span> <span class='ocrx_word' id='word_1_151' title='bbox 626 1717 805 1770; x_wconf 87' lang='lat' dir='ltr'>liceat.</span> <span class='ocrx_word' id='word_1_152' title='bbox 877 1716 1241 1788; x_wconf 83' lang='lat' dir='ltr'>Explicantur</span> <span class='ocrx_word' id='word_1_153' title='bbox 1268 1717 1411 1769; x_wconf 91' lang='lat' dir='ltr'>enim</span> <span class='ocrx_word' id='word_1_154' title='bbox 1442 1716 1588 1769; x_wconf 87' lang='lat' dir='ltr'>iniis</span> <span class='ocrx_word' id='word_1_155' title='bbox 1629 1723 1795 1785; x_wconf 89' lang='lat' dir='ltr'>atque</span> 
     </span>
     <span class='ocr_line' id='line_1_23' title="bbox 94 1787 1796 1860; baseline -0.002 -18"><span class='ocrx_word' id='word_1_156' title='bbox 94 1790 487 1860; x_wconf 86' lang='lat' dir='ltr'>perquiruntur</span> <span class='ocrx_word' id='word_1_157' title='bbox 544 1788 746 1860; x_wconf 83' lang='lat' dir='ltr'>singuli</span> <span class='ocrx_word' id='word_1_158' title='bbox 804 1794 1015 1841; x_wconf 87' lang='lat' dir='ltr'>tantum</span> <span class='ocrx_word' id='word_1_159' title='bbox 1071 1787 1450 1859; x_wconf 83' lang='lat' dir='ltr'>philosophiae</span> <span class='ocrx_word' id='word_1_160' title='bbox 1507 1787 1648 1856; x_wconf 88' lang='lat' dir='ltr'>loci,</span> <span class='ocrx_word' id='word_1_161' title='bbox 1699 1787 1796 1857; x_wconf 91' lang='lat' dir='ltr'>qui</span> 
     </span>
     <span class='ocr_line' id='line_1_24' title="bbox 94 1860 1794 1931; baseline -0.001 -18"><span class='ocrx_word' id='word_1_162' title='bbox 94 1860 246 1913; x_wconf 87' lang='lat' dir='ltr'>nulla</span> <span class='ocrx_word' id='word_1_163' title='bbox 279 1861 390 1914; x_wconf 89' lang='lat' dir='ltr'>fere</span> <span class='ocrx_word' id='word_1_164' title='bbox 426 1861 570 1913; x_wconf 89' lang='lat' dir='ltr'>inter</span> <span class='ocrx_word' id='word_1_165' title='bbox 608 1879 664 1913; x_wconf 89' lang='lat' dir='ltr'>se</span> <span class='ocrx_word' id='word_1_166' title='bbox 701 1860 979 1912; x_wconf 84' lang='lat' dir='ltr'>coniuncti</span> <span class='ocrx_word' id='word_1_167' title='bbox 1015 1866 1145 1914; x_wconf 90' lang='lat' dir='ltr'>sunt</span> <span class='ocrx_word' id='word_1_168' title='bbox 1183 1867 1627 1931; x_wconf 81' lang='lat' dir='ltr'>argumentorum</span> <span class='ocrx_word' id='word_1_169' title='bbox 1665 1877 1794 1912; x_wconf 88' lang='lat' dir='ltr'>con-</span> 
     </span>
     <span class='ocr_line' id='line_1_25' title="bbox 93 1931 1796 2002; baseline -0.001 -18"><span class='ocrx_word' id='word_1_170' title='bbox 93 1932 429 2000; x_wconf 88' lang='lat' dir='ltr'>tinuati-one,</span> <span class='ocrx_word' id='word_1_171' title='bbox 479 1931 655 2001; x_wconf 89' lang='lat' dir='ltr'>qualis</span> <span class='ocrx_word' id='word_1_172' title='bbox 713 1931 844 1984; x_wconf 60' lang='lat' dir='ltr'>sa‘ne</span> <span class='ocrx_word' id='word_1_173' title='bbox 893 1932 950 1983; x_wconf 92' lang='lat' dir='ltr'>in</span> <span class='ocrx_word' id='word_1_174' title='bbox 999 1931 1253 2002; x_wconf 87' lang='lat' dir='ltr'>operibus</span> <span class='ocrx_word' id='word_1_175' title='bbox 1301 1931 1551 1984; x_wconf 87' lang='lat' dir='ltr'>Platonis</span> <span class='ocrx_word' id='word_1_176' title='bbox 1601 1938 1796 2001; x_wconf 84' lang='lat' dir='ltr'>postea</span> 
     </span>
     <span class='ocr_line' id='line_1_26' title="bbox 101 2002 1795 2075; baseline -0.001 -19"><span class='ocrx_word' id='word_1_177' title='bbox 101 2003 320 2074; x_wconf 86' lang='lat' dir='ltr'>scriptis</span> <span class='ocrx_word' id='word_1_178' title='bbox 359 2022 612 2075; x_wconf 85' lang='lat' dir='ltr'>magnam</span> <span class='ocrx_word' id='word_1_179' title='bbox 650 2003 840 2056; x_wconf 88' lang='lat' dir='ltr'>saltem</span> <span class='ocrx_word' id='word_1_180' title='bbox 875 2013 1086 2073; x_wconf 88' lang='lat' dir='ltr'>partem</span> <span class='ocrx_word' id='word_1_181' title='bbox 1123 2002 1591 2068; x_wconf 85' lang='lat' dir='ltr'>animadvertitur,</span> <span class='ocrx_word' id='word_1_182' title='bbox 1631 2009 1692 2054; x_wconf 93' lang='lat' dir='ltr'>ut</span> <span class='ocrx_word' id='word_1_183' title='bbox 1726 2021 1795 2054; x_wconf 90' lang='lat' dir='ltr'>ne</span> 
     </span>
     <span class='ocr_line' id='line_1_27' title="bbox 97 2073 1795 2144; baseline -0.001 -18"><span class='ocrx_word' id='word_1_184' title='bbox 97 2075 445 2144; x_wconf 84' lang='lat' dir='ltr'>quaestiones</span> <span class='ocrx_word' id='word_1_185' title='bbox 483 2073 701 2143; x_wconf 89' lang='lat' dir='ltr'>quidem</span> <span class='ocrx_word' id='word_1_186' title='bbox 737 2073 804 2126; x_wconf 91' lang='lat' dir='ltr'>de</span> <span class='ocrx_word' id='word_1_187' title='bbox 837 2075 1038 2127; x_wconf 87' lang='lat' dir='ltr'>virtute</span> <span class='ocrx_word' id='word_1_188' title='bbox 1076 2075 1301 2143; x_wconf 91' lang='lat' dir='ltr'>eiusque</span> <span class='ocrx_word' id='word_1_189' title='bbox 1341 2074 1529 2127; x_wconf 87' lang='lat' dir='ltr'>formis</span> <span class='ocrx_word' id='word_1_190' title='bbox 1568 2092 1632 2126; x_wconf 91' lang='lat' dir='ltr'>ac</span> <span class='ocrx_word' id='word_1_191' title='bbox 1669 2092 1795 2142; x_wconf 88' lang='lat' dir='ltr'>par-</span> 
     </span>
     <span class='ocr_line' id='line_1_28' title="bbox 94 2144 1795 2198; baseline -0.001 -1"><span class='ocrx_word' id='word_1_192' title='bbox 94 2146 241 2198; x_wconf 87' lang='lat' dir='ltr'>tibus</span> <span class='ocrx_word' id='word_1_193' title='bbox 278 2145 561 2198; x_wconf 86' lang='lat' dir='ltr'>institutae</span> <span class='ocrx_word' id='word_1_194' title='bbox 611 2146 814 2198; x_wconf 86' lang='lat' dir='ltr'>arctius</span> <span class='ocrx_word' id='word_1_195' title='bbox 862 2146 1004 2197; x_wconf 89' lang='lat' dir='ltr'>inter</span> <span class='ocrx_word' id='word_1_196' title='bbox 1041 2164 1099 2198; x_wconf 91' lang='lat' dir='ltr'>se</span> <span class='ocrx_word' id='word_1_197' title='bbox 1137 2145 1457 2198; x_wconf 87' lang='lat' dir='ltr'>coniunctae</span> <span class='ocrx_word' id='word_1_198' title='bbox 1496 2144 1619 2197; x_wconf 88' lang='lat' dir='ltr'>sint.</span> <span class='ocrx_word' id='word_1_199' title='bbox 1694 2144 1795 2198; x_wconf 84' lang='lat' dir='ltr'>Ni-</span> 
     </span>
     <span class='ocr_line' id='line_1_29' title="bbox 92 2214 1794 2286; baseline -0.001 -18"><span class='ocrx_word' id='word_1_200' title='bbox 92 2215 288 2268; x_wconf 90' lang='lat' dir='ltr'>mirum</span> <span class='ocrx_word' id='word_1_201' title='bbox 323 2215 474 2268; x_wconf 88' lang='lat' dir='ltr'>istud</span> <span class='ocrx_word' id='word_1_202' title='bbox 512 2215 730 2285; x_wconf 81' lang='lat' dir='ltr'>quidem</span> <span class='ocrx_word' id='word_1_203' title='bbox 767 2223 1015 2286; x_wconf 89' lang='lat' dir='ltr'>apertum</span> <span class='ocrx_word' id='word_1_204' title='bbox 1039 2223 1121 2269; x_wconf 92' lang='lat' dir='ltr'>est</span> <span class='ocrx_word' id='word_1_205' title='bbox 1145 2235 1296 2268; x_wconf 90' lang='lat' dir='ltr'>more</span> <span class='ocrx_word' id='word_1_206' title='bbox 1323 2216 1482 2286; x_wconf 92' lang='lat' dir='ltr'>plane</span> <span class='ocrx_word' id='word_1_207' title='bbox 1509 2214 1794 2268; x_wconf 86' lang='lat' dir='ltr'>Socratico</span> 
     </span>
     <span class='ocr_line' id='line_1_30' title="bbox 94 2286 1796 2357; baseline 0 -18"><span class='ocrx_word' id='word_1_208' title='bbox 94 2286 173 2339; x_wconf 90' lang='lat' dir='ltr'>ita</span> <span class='ocrx_word' id='word_1_209' title='bbox 209 2287 415 2340; x_wconf 88' lang='lat' dir='ltr'>factum</span> <span class='ocrx_word' id='word_1_210' title='bbox 450 2306 599 2355; x_wconf 86' lang='lat' dir='ltr'>esse,</span> <span class='ocrx_word' id='word_1_211' title='bbox 640 2286 1084 2356; x_wconf 90' lang='lat' dir='ltr'>quandoquidem</span> <span class='ocrx_word' id='word_1_212' title='bbox 1121 2287 1297 2340; x_wconf 87' lang='lat' dir='ltr'>virum</span> <span class='ocrx_word' id='word_1_213' title='bbox 1336 2286 1796 2357; x_wconf 88' lang='lat' dir='ltr'>sapientissimum</span> 
     </span>
     <span class='ocr_line' id='line_1_31' title="bbox 95 2357 1796 2427; baseline -0.001 -16"><span class='ocrx_word' id='word_1_214' title='bbox 95 2365 312 2411; x_wconf 84' lang='lat' dir='ltr'>constat</span> <span class='ocrx_word' id='word_1_215' title='bbox 334 2357 400 2411; x_wconf 91' lang='lat' dir='ltr'>de</span> <span class='ocrx_word' id='word_1_216' title='bbox 426 2358 590 2411; x_wconf 90' lang='lat' dir='ltr'>rebus</span> <span class='ocrx_word' id='word_1_217' title='bbox 618 2357 998 2427; x_wconf 79' lang='lat' dir='ltr'>diversissimis</span> <span class='ocrx_word' id='word_1_218' title='bbox 1022 2358 1243 2412; x_wconf 90' lang='lat' dir='ltr'>liberius</span> <span class='ocrx_word' id='word_1_219' title='bbox 1271 2358 1552 2427; x_wconf 84' lang='lat' dir='ltr'>disputare</span> <span class='ocrx_word' id='word_1_220' title='bbox 1575 2358 1796 2411; x_wconf 88' lang='lat' dir='ltr'>solitum</span> 
     </span>
     <span class='ocr_line' id='line_1_32' title="bbox 96 2429 1794 2500; baseline 0 -18"><span class='ocrx_word' id='word_1_221' title='bbox 96 2446 246 2498; x_wconf 82' lang='lat' dir='ltr'>esse,</span> <span class='ocrx_word' id='word_1_222' title='bbox 284 2429 470 2499; x_wconf 89' lang='lat' dir='ltr'>prouti</span> <span class='ocrx_word' id='word_1_223' title='bbox 515 2430 682 2482; x_wconf 75' lang='lat' dir='ltr'>ferret</span> <span class='ocrx_word' id='word_1_224' title='bbox 728 2430 1004 2482; x_wconf 85' lang='lat' dir='ltr'>variorum</span> <span class='ocrx_word' id='word_1_225' title='bbox 1049 2437 1354 2500; x_wconf 87' lang='lat' dir='ltr'>temporum</span> <span class='ocrx_word' id='word_1_226' title='bbox 1397 2430 1794 2500; x_wconf 83' lang='lat' dir='ltr'>opportunitas.</span> 
     </span>
     <span class='ocr_line' id='line_1_33' title="bbox 94 2500 1794 2571; baseline -0.001 -17"><span class='ocrx_word' id='word_1_227' title='bbox 94 2500 223 2554; x_wconf 86' lang='lat' dir='ltr'>Hoc</span> <span class='ocrx_word' id='word_1_228' title='bbox 257 2500 425 2571; x_wconf 86' lang='lat' dir='ltr'>igitur</span> <span class='ocrx_word' id='word_1_229' title='bbox 457 2500 629 2571; x_wconf 88' lang='lat' dir='ltr'>ipsius</span> <span class='ocrx_word' id='word_1_230' title='bbox 667 2501 972 2570; x_wconf 86' lang='lat' dir='ltr'>exemplum</span> <span class='ocrx_word' id='word_1_231' title='bbox 1011 2501 1172 2553; x_wconf 86' lang='lat' dir='ltr'>etiam</span> <span class='ocrx_word' id='word_1_232' title='bbox 1211 2500 1370 2553; x_wconf 89' lang='lat' dir='ltr'>Plato</span> <span class='ocrx_word' id='word_1_233' title='bbox 1407 2500 1650 2553; x_wconf 90' lang='lat' dir='ltr'>imitatus</span> <span class='ocrx_word' id='word_1_234' title='bbox 1692 2506 1794 2568; x_wconf 81' lang='lat' dir='ltr'>est,</span> 
     </span>
     <span class='ocr_line' id='line_1_34' title="bbox 97 2571 1794 2643; baseline 0 -19"><span class='ocrx_word' id='word_1_235' title='bbox 97 2578 154 2624; x_wconf 90' lang='lat' dir='ltr'>et</span> <span class='ocrx_word' id='word_1_236' title='bbox 188 2571 389 2624; x_wconf 88' lang='lat' dir='ltr'>imitari</span> <span class='ocrx_word' id='word_1_237' title='bbox 423 2577 574 2624; x_wconf 85' lang='lat' dir='ltr'>tanto</span> <span class='ocrx_word' id='word_1_238' title='bbox 613 2572 816 2624; x_wconf 87' lang='lat' dir='ltr'>rectius</span> <span class='ocrx_word' id='word_1_239' title='bbox 856 2572 1051 2643; x_wconf 86' lang='lat' dir='ltr'>potuit,</span> <span class='ocrx_word' id='word_1_240' title='bbox 1084 2571 1232 2641; x_wconf 90' lang='lat' dir='ltr'>quod</span> <span class='ocrx_word' id='word_1_241' title='bbox 1268 2572 1364 2624; x_wconf 88' lang='lat' dir='ltr'>illo</span> <span class='ocrx_word' id='word_1_242' title='bbox 1397 2578 1643 2642; x_wconf 89' lang='lat' dir='ltr'>tempore</span> <span class='ocrx_word' id='word_1_243' title='bbox 1683 2591 1794 2626; x_wconf 87' lang='lat' dir='ltr'>non</span> 
     </span>
     <span class='ocr_line' id='line_1_35' title="bbox 93 2641 1796 2715; baseline 0.001 -21"><span class='ocrx_word' id='word_1_244' title='bbox 93 2641 153 2694; x_wconf 91' lang='lat' dir='ltr'>id</span> <span class='ocrx_word' id='word_1_245' title='bbox 203 2642 346 2715; x_wconf 87' lang='lat' dir='ltr'>egit,</span> <span class='ocrx_word' id='word_1_246' title='bbox 395 2651 458 2695; x_wconf 90' lang='lat' dir='ltr'>ut</span> <span class='ocrx_word' id='word_1_247' title='bbox 511 2642 734 2712; x_wconf 88' lang='lat' dir='ltr'>aliquod</span> <span class='ocrx_word' id='word_1_248' title='bbox 770 2643 1051 2696; x_wconf 86' lang='lat' dir='ltr'>doctrinae</span> <span class='ocrx_word' id='word_1_249' title='bbox 1090 2651 1331 2715; x_wconf 84' lang='lat' dir='ltr'>systema</span> <span class='ocrx_word' id='word_1_250' title='bbox 1368 2642 1655 2712; x_wconf 85' lang='lat' dir='ltr'>conderet,</span> <span class='ocrx_word' id='word_1_251' title='bbox 1697 2642 1796 2697; x_wconf 88' lang='lat' dir='ltr'>sed</span> 
     </span>
     <span class='ocr_line' id='line_1_36' title="bbox 98 2713 1795 2784; baseline 0 -18"><span class='ocrx_word' id='word_1_252' title='bbox 98 2713 228 2767; x_wconf 84' lang='lat' dir='ltr'>satis</span> <span class='ocrx_word' id='word_1_253' title='bbox 265 2713 459 2767; x_wconf 89' lang='lat' dir='ltr'>habuit</span> <span class='ocrx_word' id='word_1_254' title='bbox 497 2713 804 2783; x_wconf 78' lang='lat' dir='ltr'>ostendere,</span> <span class='ocrx_word' id='word_1_255' title='bbox 845 2722 1106 2783; x_wconf 85' lang='lat' dir='ltr'>quantum</span> <span class='ocrx_word' id='word_1_256' title='bbox 1144 2714 1214 2768; x_wconf 87' lang='lat' dir='ltr'>ad</span> <span class='ocrx_word' id='word_1_257' title='bbox 1251 2715 1508 2767; x_wconf 85' lang='lat' dir='ltr'>virtutem</span> <span class='ocrx_word' id='word_1_258' title='bbox 1547 2733 1611 2767; x_wconf 87' lang='lat' dir='ltr'>ac</span> <span class='ocrx_word' id='word_1_259' title='bbox 1646 2714 1795 2784; x_wconf 90' lang='lat' dir='ltr'>sapi-</span> 
     </span>
     <span class='ocr_line' id='line_1_37' title="bbox 96 2784 1793 2857; baseline 0.001 -19"><span class='ocrx_word' id='word_1_260' title='bbox 96 2784 296 2838; x_wconf 81' lang='lat' dir='ltr'>entiam</span> <span class='ocrx_word' id='word_1_261' title='bbox 332 2785 421 2838; x_wconf 87' lang='lat' dir='ltr'>vel</span> <span class='ocrx_word' id='word_1_262' title='bbox 454 2785 702 2839; x_wconf 84' lang='lat' dir='ltr'>veritatis</span> <span class='ocrx_word' id='word_1_263' title='bbox 740 2786 1108 2857; x_wconf 80' lang='lat' dir='ltr'>cognitionem</span> <span class='ocrx_word' id='word_1_264' title='bbox 1140 2786 1388 2853; x_wconf 79' lang='lat' dir='ltr'>referret,</span> <span class='ocrx_word' id='word_1_265' title='bbox 1412 2796 1475 2838; x_wconf 90' lang='lat' dir='ltr'>ut</span> <span class='ocrx_word' id='word_1_266' title='bbox 1499 2804 1631 2838; x_wconf 88' lang='lat' dir='ltr'>vera</span> <span class='ocrx_word' id='word_1_267' title='bbox 1666 2785 1793 2839; x_wconf 88' lang='lat' dir='ltr'>sci-</span> 
     </span>
     <span class='ocr_line' id='line_1_38' title="bbox 98 2855 1794 2928; baseline 0.001 -20"><span class='ocrx_word' id='word_1_268' title='bbox 98 2856 291 2909; x_wconf 86' lang='lat' dir='ltr'>entia</span> <span class='ocrx_word' id='word_1_269' title='bbox 334 2856 536 2924; x_wconf 86' lang='lat' dir='ltr'>ubique</span> <span class='ocrx_word' id='word_1_270' title='bbox 583 2863 923 2928; x_wconf 85' lang='lat' dir='ltr'>spectaretur</span> <span class='ocrx_word' id='word_1_271' title='bbox 968 2861 1145 2926; x_wconf 85' lang='lat' dir='ltr'>atque</span> <span class='ocrx_word' id='word_1_272' title='bbox 1179 2864 1330 2910; x_wconf 88' lang='lat' dir='ltr'>recta</span> <span class='ocrx_word' id='word_1_273' title='bbox 1377 2855 1794 2910; x_wconf 85' lang='lat' dir='ltr'>disserendi</span> 
     </span>
     <span class='ocr_line' id='line_1_39' title="bbox 96 2926 1793 3000; baseline 0.002 -21"><span class='ocrx_word' id='word_1_274' title='bbox 96 2927 313 2994; x_wconf 84' lang='lat' dir='ltr'>ratio,</span> <span class='ocrx_word' id='word_1_275' title='bbox 342 2946 482 2997; x_wconf 90' lang='lat' dir='ltr'>quae</span> <span class='ocrx_word' id='word_1_276' title='bbox 522 2926 594 2980; x_wconf 86' lang='lat' dir='ltr'>ad</span> <span class='ocrx_word' id='word_1_277' title='bbox 629 2928 778 2981; x_wconf 87' lang='lat' dir='ltr'>illam</span> <span class='ocrx_word' id='word_1_278' title='bbox 814 2927 1170 3000; x_wconf 81' lang='lat' dir='ltr'>perduceret,</span> <span class='ocrx_word' id='word_1_279' title='bbox 1210 2935 1580 2998; x_wconf 86' lang='lat' dir='ltr'>usurparetur.</span> <span class='ocrx_word' id='word_1_280' title='bbox 1659 2927 1793 2982; x_wconf 89' lang='lat' dir='ltr'>Om-</span> 
     </span>
     <span class='ocr_line' id='line_1_40' title="bbox 96 2997 1791 3066; baseline -0.002 -11"><span class='ocrx_word' id='word_1_281' title='bbox 96 2999 224 3055; x_wconf 85' lang='lat' dir='ltr'>nino</span> <span class='ocrx_word' id='word_1_282' title='bbox 265 3017 393 3052; x_wconf 90' lang='lat' dir='ltr'>vero</span> <span class='ocrx_word' id='word_1_283' title='bbox 432 2997 521 3051; x_wconf 92' lang='lat' dir='ltr'>hic</span> <span class='ocrx_word' id='word_1_284' title='bbox 555 2999 831 3052; x_wconf 87' lang='lat' dir='ltr'>monuisse</span> <span class='ocrx_word' id='word_1_285' title='bbox 858 2999 1068 3053; x_wconf 85' lang='lat' dir='ltr'>iuvabit</span> <span class='ocrx_word' id='word_1_286' title='bbox 1093 3000 1258 3053; x_wconf 72' lang='lat' dir='ltr'>falsos</span> <span class='ocrx_word' id='word_1_287' title='bbox 1292 3018 1410 3053; x_wconf 90' lang='lat' dir='ltr'>esse</span> <span class='ocrx_word' id='word_1_288' title='bbox 1434 2998 1637 3052; x_wconf 89' lang='lat' dir='ltr'>iudicio</span> <span class='ocrx_word' id='word_1_289' title='bbox 1670 3017 1791 3066; x_wconf 78' lang='lat' dir='ltr'>SUO,</span> 
     </span>
     <span class='ocr_line' id='line_1_41' title="bbox 99 3068 1794 3142; baseline 0.001 -21"><span class='ocrx_word' id='word_1_290' title='bbox 99 3068 193 3138; x_wconf 85' lang='lat' dir='ltr'>qui</span> <span class='ocrx_word' id='word_1_291' title='bbox 230 3069 389 3123; x_wconf 90' lang='lat' dir='ltr'>nobis</span> <span class='ocrx_word' id='word_1_292' title='bbox 424 3069 709 3123; x_wconf 88' lang='lat' dir='ltr'>Platonem</span> <span class='ocrx_word' id='word_1_293' title='bbox 745 3070 1017 3123; x_wconf 89' lang='lat' dir='ltr'>finxerunt</span> <span class='ocrx_word' id='word_1_294' title='bbox 1051 3071 1303 3125; x_wconf 88' lang='lat' dir='ltr'>iuvenem</span> <span class='ocrx_word' id='word_1_295' title='bbox 1343 3070 1579 3141; x_wconf 87' lang='lat' dir='ltr'>aliquem</span> <span class='ocrx_word' id='word_1_296' title='bbox 1615 3069 1794 3142; x_wconf 89' lang='lat' dir='ltr'>philo-</span> 
     </span>
     <span class='ocr_line' id='line_1_42' title="bbox 99 3139 1794 3213; baseline 0.001 -20"><span class='ocrx_word' id='word_1_297' title='bbox 99 3139 328 3211; x_wconf 83' lang='lat' dir='ltr'>sophiae</span> <span class='ocrx_word' id='word_1_298' title='bbox 375 3141 768 3210; x_wconf 76' lang='lat' dir='ltr'>professorem,</span> <span class='ocrx_word' id='word_1_299' title='bbox 822 3141 915 3212; x_wconf 88' lang='lat' dir='ltr'>qui</span> <span class='ocrx_word' id='word_1_300' title='bbox 964 3161 1071 3211; x_wconf 92' lang='lat' dir='ltr'>quo</span> <span class='ocrx_word' id='word_1_301' title='bbox 1118 3150 1362 3212; x_wconf 88' lang='lat' dir='ltr'>tempore</span> <span class='ocrx_word' id='word_1_302' title='bbox 1415 3141 1794 3213; x_wconf 87' lang='lat' dir='ltr'>philosophari</span> 
     </span>
     <span class='ocr_line' id='line_1_43' title="bbox 101 3211 1791 3284; baseline 0 -20"><span class='ocrx_word' id='word_1_303' title='bbox 101 3211 363 3282; x_wconf 85' lang='lat' dir='ltr'>coeperit,</span> <span class='ocrx_word' id='word_1_304' title='bbox 390 3211 640 3266; x_wconf 82' lang='lat' dir='ltr'>debuerit</span> <span class='ocrx_word' id='word_1_305' title='bbox 662 3212 768 3266; x_wconf 88' lang='lat' dir='ltr'>iam</span> <span class='ocrx_word' id='word_1_306' title='bbox 793 3213 848 3266; x_wconf 91' lang='lat' dir='ltr'>in</span> <span class='ocrx_word' id='word_1_307' title='bbox 874 3212 1197 3284; x_wconf 80' lang='lat' dir='ltr'>compendio</span> <span class='ocrx_word' id='word_1_308' title='bbox 1237 3213 1388 3267; x_wconf 84' lang='lat' dir='ltr'>consi</span> <span class='ocrx_word' id='word_1_309' title='bbox 1432 3220 1559 3265; x_wconf 86' lang='lat' dir='ltr'>nata</span> <span class='ocrx_word' id='word_1_310' title='bbox 1592 3212 1791 3266; x_wconf 89' lang='lat' dir='ltr'>habere</span> 
     </span>
     <span class='ocr_line' id='line_1_44' title="bbox 102 3281 1790 3354; baseline -0.001 -19"><span class='ocrx_word' id='word_1_311' title='bbox 102 3300 242 3351; x_wconf 89' lang='lat' dir='ltr'>quae</span> <span class='ocrx_word' id='word_1_312' title='bbox 292 3281 483 3336; x_wconf 88' lang='lat' dir='ltr'>ordine</span> <span class='ocrx_word' id='word_1_313' title='bbox 532 3281 789 3354; x_wconf 80' lang='lat' dir='ltr'>deinceps</span> <span class='ocrx_word' id='word_1_314' title='bbox 816 3291 984 3338; x_wconf 51' lang='lat' dir='ltr'>¹esset</span> <span class='ocrx_word' id='word_1_315' title='bbox 1018 3283 1334 3338; x_wconf 72' lang='lat' dir='ltr'>traditurus,</span> <span class='ocrx_word' id='word_1_316' title='bbox 1469 3302 1609 3353; x_wconf 88' lang='lat' dir='ltr'>eque</span> <span class='ocrx_word' id='word_1_317' title='bbox 1648 3283 1790 3340; x_wconf 82' lang='lat' dir='ltr'>enim</span> 
     </span>
     <span class='ocr_line' id='line_1_45' title="bbox 101 3351 1790 3427; baseline -0.001 -22"><span class='ocrx_word' id='word_1_318' title='bbox 101 3351 507 3424; x_wconf 85' lang='lat' dir='ltr'>compendiaria</span> <span class='ocrx_word' id='word_1_319' title='bbox 541 3354 644 3408; x_wconf 82' lang='lat' dir='ltr'>fuit</span> <span class='ocrx_word' id='word_1_320' title='bbox 666 3353 911 3409; x_wconf 82' lang='lat' dir='ltr'>Platonis</span> <span class='ocrx_word' id='word_1_321' title='bbox 950 3355 1235 3426; x_wconf 75' lang='lat' dir='ltr'>sapientia,</span> <span class='ocrx_word' id='word_1_322' title='bbox 1259 3354 1356 3410; x_wconf 89' lang='lat' dir='ltr'>sed</span> <span class='ocrx_word' id='word_1_323' title='bbox 1386 3362 1626 3427; x_wconf 88' lang='lat' dir='ltr'>tempore</span> <span class='ocrx_word' id='word_1_324' title='bbox 1662 3372 1790 3422; x_wconf 86' lang='lat' dir='ltr'>pro-</span> 
     </span>
    </p>
   </div>
  </div>
 </body>
</html>
