<?xml version="1.0" encoding="UTF-8"?>
<!DOCTYPE html PUBLIC "-//W3C//DTD XHTML 1.0 Transitional//EN"
    "http://www.w3.org/TR/xhtml1/DTD/xhtml1-transitional.dtd">
<html xmlns="http://www.w3.org/1999/xhtml" xml:lang="en" lang="en">
 <head>
  <title>
</title>
<meta http-equiv="Content-Type" content="text/html;charset=utf-8" />
  <meta name='ocr-system' content='tesseract 3.04.00' />
  <meta name='ocr-capabilities' content='ocr_page ocr_carea ocr_par ocr_line ocrx_word'/>
</head>
<body>
  <div class='ocr_page' id='page_1' title='image "./operaomniarecens01platuoft/operaomniarecens01platuoft_0711.png"; bbox 0 0 2158 3718; ppageno 0'>
   <div class='ocr_carea' id='block_1_1' title="bbox 720 160 1814 217">
    <p class='ocr_par' dir='ltr' id='par_1_1' title="bbox 720 160 1814 217">
     <span class='ocr_line' id='line_1_1' title="bbox 720 160 1814 217; baseline 0.005 -20"><span class='ocrx_word' id='word_1_1' title='bbox 720 161 802 197; x_wconf 86' lang='lat' dir='ltr'><strong>AD</strong></span> <span class='ocrx_word' id='word_1_2' title='bbox 843 160 1205 217; x_wconf 73' lang='lat' dir='ltr'><strong>SYMPQSIUM.</strong></span> <span class='ocrx_word' id='word_1_3' title='bbox 1666 164 1814 202; x_wconf 85' lang='lat' dir='ltr'>LXIX</span> 
     </span>
    </p>
   </div>
   <div class='ocr_carea' id='block_1_2' title="bbox 107 285 1816 3377">
    <p class='ocr_par' dir='ltr' id='par_1_2' title="bbox 108 285 1816 1197">
     <span class='ocr_line' id='line_1_2' title="bbox 111 285 1811 359; baseline 0.001 -19"><span class='ocrx_word' id='word_1_4' title='bbox 111 285 377 355; x_wconf 79' lang='lat' dir='ltr'>siquidem</span> <span class='ocrx_word' id='word_1_5' title='bbox 415 287 679 341; x_wconf 88' lang='lat' dir='ltr'><strong>secundae</strong></span> <span class='ocrx_word' id='word_1_6' title='bbox 716 286 939 340; x_wconf 90' lang='lat' dir='ltr'><strong>alicuius</strong></span> <span class='ocrx_word' id='word_1_7' title='bbox 975 286 1300 359; x_wconf 81' lang='lat' dir='ltr'><strong>recensionis</strong></span> <span class='ocrx_word' id='word_1_8' title='bbox 1331 287 1561 358; x_wconf 84' lang='lat' dir='ltr'><strong>vestigia</strong></span> <span class='ocrx_word' id='word_1_9' title='bbox 1596 305 1692 359; x_wconf 90' lang='lat' dir='ltr'><strong>per</strong></span> <span class='ocrx_word' id='word_1_10' title='bbox 1730 298 1811 342; x_wconf 89' lang='lat' dir='ltr'><strong>to-</strong></span> 
     </span>
     <span class='ocr_line' id='line_1_3' title="bbox 114 357 1815 427; baseline 0.001 -17"><span class='ocrx_word' id='word_1_11' title='bbox 114 365 229 410; x_wconf 83' lang='lat' dir='ltr'><strong>tum</strong></span> <span class='ocrx_word' id='word_1_12' title='bbox 263 375 400 426; x_wconf 92' lang='lat' dir='ltr'><strong>opus</strong></span> <span class='ocrx_word' id='word_1_13' title='bbox 431 357 584 420; x_wconf 53' lang='lat' dir='ltr'><strong>⁹nulla</strong></span> <span class='ocrx_word' id='word_1_14' title='bbox 616 374 842 425; x_wconf 85' lang='lat' dir='ltr'><strong>usquam</strong></span> <span class='ocrx_word' id='word_1_15' title='bbox 868 364 1064 422; x_wconf 85' lang='lat' dir='ltr'><strong>extant,</strong></span> <span class='ocrx_word' id='word_1_16' title='bbox 1099 365 1161 411; x_wconf 87' lang='lat' dir='ltr'><strong>ut</strong></span> <span class='ocrx_word' id='word_1_17' title='bbox 1189 376 1257 411; x_wconf 91' lang='lat' dir='ltr'><strong>ne</strong></span> <span class='ocrx_word' id='word_1_18' title='bbox 1281 357 1387 411; x_wconf 90' lang='lat' dir='ltr'><strong>ista</strong></span> <span class='ocrx_word' id='word_1_19' title='bbox 1410 357 1627 427; x_wconf 91' lang='lat' dir='ltr'><strong>quidem</strong></span> <span class='ocrx_word' id='word_1_20' title='bbox 1651 359 1815 412; x_wconf 87' lang='lat' dir='ltr'><strong>verba</strong></span> 
     </span>
     <span class='ocr_line' id='line_1_4' title="bbox 111 426 1816 497; baseline 0.001 -18"><span class='ocrx_word' id='word_1_21' title='bbox 111 445 207 497; x_wconf 81' lang='lat' dir='ltr'><strong>per</strong></span> <span class='ocrx_word' id='word_1_22' title='bbox 243 446 360 480; x_wconf 85' lang='lat' dir='ltr'><strong>eam</strong></span> <span class='ocrx_word' id='word_1_23' title='bbox 396 426 606 480; x_wconf 88' lang='lat' dir='ltr'><strong>invecta</strong></span> <span class='ocrx_word' id='word_1_24' title='bbox 640 426 819 480; x_wconf 84' lang='lat' dir='ltr'><strong>videri</strong></span> <span class='ocrx_word' id='word_1_25' title='bbox 846 428 1070 497; x_wconf 81' lang='lat' dir='ltr'><strong>possint.</strong></span> <span class='ocrx_word' id='word_1_26' title='bbox 1107 427 1341 491; x_wconf 83' lang='lat' dir='ltr'><strong>Deinde,</strong></span> <span class='ocrx_word' id='word_1_27' title='bbox 1378 427 1436 480; x_wconf 91' lang='lat' dir='ltr'><strong>id</strong></span> <span class='ocrx_word' id='word_1_28' title='bbox 1470 428 1616 497; x_wconf 91' lang='lat' dir='ltr'><strong>quod</strong></span> <span class='ocrx_word' id='word_1_29' title='bbox 1651 448 1715 482; x_wconf 87' lang='lat' dir='ltr'><strong>ca</strong></span> <span class='ocrx_word' id='word_1_30' title='bbox 1755 438 1816 481; x_wconf 92' lang='lat' dir='ltr'><strong>ut</strong></span> 
     </span>
     <span class='ocr_line' id='line_1_5' title="bbox 111 496 1812 561; baseline 0.002 -13"><span class='ocrx_word' id='word_1_31' title='bbox 111 496 190 550; x_wconf 92' lang='lat' dir='ltr'><strong>rei</strong></span> <span class='ocrx_word' id='word_1_32' title='bbox 225 505 324 561; x_wconf 91' lang='lat' dir='ltr'><strong>est,</strong></span> <span class='ocrx_word' id='word_1_33' title='bbox 362 496 516 551; x_wconf 89' lang='lat' dir='ltr'><strong>Plato</strong></span> <span class='ocrx_word' id='word_1_34' title='bbox 552 515 651 550; x_wconf 89' lang='lat' dir='ltr'><strong>nec</strong></span> <span class='ocrx_word' id='word_1_35' title='bbox 688 497 805 550; x_wconf 88' lang='lat' dir='ltr'><strong>aliis</strong></span> <span class='ocrx_word' id='word_1_36' title='bbox 841 498 898 550; x_wconf 91' lang='lat' dir='ltr'><strong>in</strong></span> <span class='ocrx_word' id='word_1_37' title='bbox 932 498 1082 552; x_wconf 88' lang='lat' dir='ltr'><strong>libris</strong></span> <span class='ocrx_word' id='word_1_38' title='bbox 1119 497 1510 551; x_wconf 81' lang='lat' dir='ltr'><strong>anachronismi</strong></span> <span class='ocrx_word' id='word_1_39' title='bbox 1545 517 1649 551; x_wconf 91' lang='lat' dir='ltr'><strong>usu</strong></span> <span class='ocrx_word' id='word_1_40' title='bbox 1686 518 1717 551; x_wconf 91' lang='lat' dir='ltr'><strong>a</strong></span> <span class='ocrx_word' id='word_1_41' title='bbox 1759 518 1812 552; x_wconf 91' lang='lat' dir='ltr'><strong>s-</strong></span> 
     </span>
     <span class='ocr_line' id='line_1_6' title="bbox 113 565 1811 638; baseline 0.002 -20"><span class='ocrx_word' id='word_1_42' title='bbox 113 565 286 631; x_wconf 84' lang='lat' dir='ltr'><strong>tinuit,</strong></span> <span class='ocrx_word' id='word_1_43' title='bbox 335 567 394 619; x_wconf 93' lang='lat' dir='ltr'><strong>in</strong></span> <span class='ocrx_word' id='word_1_44' title='bbox 439 585 609 636; x_wconf 89' lang='lat' dir='ltr'><strong>eaque</strong></span> <span class='ocrx_word' id='word_1_45' title='bbox 652 586 711 620; x_wconf 91' lang='lat' dir='ltr'><strong>re</strong></span> <span class='ocrx_word' id='word_1_46' title='bbox 748 568 909 620; x_wconf 89' lang='lat' dir='ltr'><strong>etiam</strong></span> <span class='ocrx_word' id='word_1_47' title='bbox 944 576 1118 622; x_wconf 88' lang='lat' dir='ltr'><strong>certas</strong></span> <span class='ocrx_word' id='word_1_48' title='bbox 1153 568 1414 638; x_wconf 86' lang='lat' dir='ltr'><strong>quasdam</strong></span> <span class='ocrx_word' id='word_1_49' title='bbox 1451 569 1687 623; x_wconf 88' lang='lat' dir='ltr'><strong>rationes</strong></span> <span class='ocrx_word' id='word_1_50' title='bbox 1725 588 1811 622; x_wconf 91' lang='lat' dir='ltr'><strong>se-</strong></span> 
     </span>
     <span class='ocr_line' id='line_1_7' title="bbox 109 638 1814 710; baseline 0.001 -20"><span class='ocrx_word' id='word_1_51' title='bbox 109 645 309 706; x_wconf 89' lang='lat' dir='ltr'><strong>quutus</strong></span> <span class='ocrx_word' id='word_1_52' title='bbox 344 645 426 691; x_wconf 88' lang='lat' dir='ltr'><strong>est</strong></span> <span class='ocrx_word' id='word_1_53' title='bbox 460 655 561 707; x_wconf 89' lang='lat' dir='ltr'><strong>pro</strong></span> <span class='ocrx_word' id='word_1_54' title='bbox 588 638 923 710; x_wconf 84' lang='lat' dir='ltr'><strong>singulorum</strong></span> <span class='ocrx_word' id='word_1_55' title='bbox 946 639 1183 692; x_wconf 88' lang='lat' dir='ltr'><strong>locorum</strong></span> <span class='ocrx_word' id='word_1_56' title='bbox 1208 638 1504 698; x_wconf 85' lang='lat' dir='ltr'><strong>rationibus</strong></span> <span class='ocrx_word' id='word_1_57' title='bbox 1531 639 1814 710; x_wconf 84' lang='lat' dir='ltr'><strong>diligenter</strong></span> 
     </span>
     <span class='ocr_line' id='line_1_8' title="bbox 110 706 1812 780; baseline 0.002 -20"><span class='ocrx_word' id='word_1_58' title='bbox 110 706 472 761; x_wconf 89' lang='lat' dir='ltr'><strong>observandas</strong></span> <span class='ocrx_word' id='word_1_59' title='bbox 508 716 561 760; x_wconf 89' lang='lat' dir='ltr'><strong>et</strong></span> <span class='ocrx_word' id='word_1_60' title='bbox 595 707 1013 780; x_wconf 78' lang='lat' dir='ltr'><strong>investigandas,</strong></span> <span class='ocrx_word' id='word_1_61' title='bbox 1049 708 1313 763; x_wconf 89' lang='lat' dir='ltr'><strong>Videmur</strong></span> <span class='ocrx_word' id='word_1_62' title='bbox 1336 717 1516 762; x_wconf 89' lang='lat' dir='ltr'><strong>autem</strong></span> <span class='ocrx_word' id='word_1_63' title='bbox 1550 709 1607 762; x_wconf 91' lang='lat' dir='ltr'><strong>in</strong></span> <span class='ocrx_word' id='word_1_64' title='bbox 1643 729 1812 763; x_wconf 88' lang='lat' dir='ltr'><strong>anno-</strong></span> 
     </span>
     <span class='ocr_line' id='line_1_9' title="bbox 111 776 1815 851; baseline 0.002 -23"><span class='ocrx_word' id='word_1_65' title='bbox 111 776 308 830; x_wconf 82' lang='lat' dir='ltr'><strong>tatione</strong></span> <span class='ocrx_word' id='word_1_66' title='bbox 355 777 426 829; x_wconf 89' lang='lat' dir='ltr'><strong>ad</strong></span> <span class='ocrx_word' id='word_1_67' title='bbox 461 797 512 849; x_wconf 90' lang='lat' dir='ltr'><strong>p.</strong></span> <span class='ocrx_word' id='word_1_68' title='bbox 552 778 669 831; x_wconf 84' lang='lat'><strong>193.</strong></span> <span class='ocrx_word' id='word_1_69' title='bbox 706 778 775 831; x_wconf 93' lang='lat' dir='ltr'><strong>A.</strong></span> <span class='ocrx_word' id='word_1_70' title='bbox 815 779 1282 844; x_wconf 80' lang='lat' dir='ltr'><strong>demonstravisse,</strong></span> <span class='ocrx_word' id='word_1_71' title='bbox 1321 786 1619 851; x_wconf 89' lang='lat' dir='ltr'><strong>temporum</strong></span> <span class='ocrx_word' id='word_1_72' title='bbox 1653 781 1815 833; x_wconf 87' lang='lat' dir='ltr'><strong>istam</strong></span> 
     </span>
     <span class='ocr_line' id='line_1_10' title="bbox 109 847 1814 921; baseline 0.002 -21"><span class='ocrx_word' id='word_1_73' title='bbox 109 847 479 902; x_wconf 86' lang='lat' dir='ltr'><strong>confusionem</strong></span> <span class='ocrx_word' id='word_1_74' title='bbox 523 867 623 902; x_wconf 90' lang='lat' dir='ltr'><strong>nec</strong></span> <span class='ocrx_word' id='word_1_75' title='bbox 669 868 766 919; x_wconf 92' lang='lat' dir='ltr'><strong>per</strong></span> <span class='ocrx_word' id='word_1_76' title='bbox 812 867 869 902; x_wconf 93' lang='lat' dir='ltr'><strong>se</strong></span> <span class='ocrx_word' id='word_1_77' title='bbox 915 849 1272 921; x_wconf 85' lang='lat' dir='ltr'><strong>inelegantem</strong></span> <span class='ocrx_word' id='word_1_78' title='bbox 1315 868 1434 903; x_wconf 90' lang='lat' dir='ltr'><strong>esse</strong></span> <span class='ocrx_word' id='word_1_79' title='bbox 1490 859 1546 904; x_wconf 89' lang='lat' dir='ltr'><strong>et</strong></span> <span class='ocrx_word' id='word_1_80' title='bbox 1586 850 1814 904; x_wconf 85' lang='lat' dir='ltr'><strong>fortasse</strong></span> 
     </span>
     <span class='ocr_line' id='line_1_11' title="bbox 109 917 1812 990; baseline 0.003 -21"><span class='ocrx_word' id='word_1_81' title='bbox 109 935 226 970; x_wconf 88' lang='lat' dir='ltr'><strong>eam</strong></span> <span class='ocrx_word' id='word_1_82' title='bbox 260 917 436 987; x_wconf 83' lang='lat' dir='ltr'><strong>ipsam</strong></span> <span class='ocrx_word' id='word_1_83' title='bbox 472 918 541 972; x_wconf 92' lang='lat' dir='ltr'><strong>ob</strong></span> <span class='ocrx_word' id='word_1_84' title='bbox 567 937 812 972; x_wconf 83' lang='lat' dir='ltr'><strong>caussam</strong></span> <span class='ocrx_word' id='word_1_85' title='bbox 849 938 882 971; x_wconf 91' lang='lat' dir='ltr'><strong>a</strong></span> <span class='ocrx_word' id='word_1_86' title='bbox 905 918 1469 988; x_wconf 90' lang='lat' dir='ltr'><strong>Platonequaesitam,</strong></span> <span class='ocrx_word' id='word_1_87' title='bbox 1509 928 1571 972; x_wconf 91' lang='lat' dir='ltr'><strong>ut</strong></span> <span class='ocrx_word' id='word_1_88' title='bbox 1605 928 1812 990; x_wconf 89' lang='lat' dir='ltr'><strong>tempo-</strong></span> 
     </span>
     <span class='ocr_line' id='line_1_12' title="bbox 108 987 1816 1062; baseline 0.002 -23"><span class='ocrx_word' id='word_1_89' title='bbox 108 987 200 1051; x_wconf 85' lang='lat' dir='ltr'><strong>ris,</strong></span> <span class='ocrx_word' id='word_1_90' title='bbox 237 1006 342 1056; x_wconf 92' lang='lat' dir='ltr'><strong>quo</strong></span> <span class='ocrx_word' id='word_1_91' title='bbox 381 988 481 1042; x_wconf 89' lang='lat' dir='ltr'><strong>scri</strong></span> <span class='ocrx_word' id='word_1_92' title='bbox 525 997 638 1041; x_wconf 91' lang='lat' dir='ltr'><strong>tum</strong></span> <span class='ocrx_word' id='word_1_93' title='bbox 678 987 1028 1059; x_wconf 86' lang='lat' dir='ltr'><strong>Symposium</strong></span> <span class='ocrx_word' id='word_1_94' title='bbox 1065 999 1224 1054; x_wconf 90' lang='lat' dir='ltr'><strong>esset,</strong></span> <span class='ocrx_word' id='word_1_95' title='bbox 1272 990 1450 1060; x_wconf 89' lang='lat' dir='ltr'><strong>aliqua</strong></span> <span class='ocrx_word' id='word_1_96' title='bbox 1495 990 1816 1062; x_wconf 86' lang='lat' dir='ltr'><strong>significatio</strong></span> 
     </span>
     <span class='ocr_line' id='line_1_13' title="bbox 108 1057 1815 1127; baseline 0.002 -17"><span class='ocrx_word' id='word_1_97' title='bbox 108 1058 272 1111; x_wconf 89' lang='lat' dir='ltr'><strong>fieret.</strong></span> <span class='ocrx_word' id='word_1_98' title='bbox 336 1057 459 1124; x_wconf 80' lang='lat' dir='ltr'><strong>Quo</strong></span> <span class='ocrx_word' id='word_1_99' title='bbox 541 1059 724 1127; x_wconf 87' lang='lat' dir='ltr'><strong>quanti</strong></span> <span class='ocrx_word' id='word_1_100' title='bbox 771 1058 926 1112; x_wconf 90' lang='lat' dir='ltr'><strong>nobis</strong></span> <span class='ocrx_word' id='word_1_101' title='bbox 970 1059 1187 1127; x_wconf 90' lang='lat' dir='ltr'><strong>quidem</strong></span> <span class='ocrx_word' id='word_1_102' title='bbox 1231 1068 1374 1113; x_wconf 89' lang='lat' dir='ltr'><strong>certe</strong></span> <span class='ocrx_word' id='word_1_103' title='bbox 1423 1060 1815 1114; x_wconf 88' lang='lat' dir='ltr'><strong>aestimandum</strong></span> 
     </span>
     <span class='ocr_line' id='line_1_14' title="bbox 110 1127 988 1197; baseline 0.001 -17"><span class='ocrx_word' id='word_1_104' title='bbox 110 1127 196 1192; x_wconf 92' lang='lat' dir='ltr'><strong>sit,</strong></span> <span class='ocrx_word' id='word_1_105' title='bbox 235 1127 327 1181; x_wconf 85' lang='lat' dir='ltr'><strong>vix</strong></span> <span class='ocrx_word' id='word_1_106' title='bbox 364 1137 447 1181; x_wconf 90' lang='lat' dir='ltr'><strong>est</strong></span> <span class='ocrx_word' id='word_1_107' title='bbox 481 1129 625 1197; x_wconf 90' lang='lat' dir='ltr'><strong>quod</strong></span> <span class='ocrx_word' id='word_1_108' title='bbox 659 1147 988 1183; x_wconf 89' lang='lat' dir='ltr'><strong>moneamus.</strong></span> 
     </span>
    </p>

    <p class='ocr_par' dir='ltr' id='par_1_3' title="bbox 107 1195 1814 1673">
     <span class='ocr_line' id='line_1_15' title="bbox 178 1195 1811 1268; baseline 0.001 -18"><span class='ocrx_word' id='word_1_109' title='bbox 178 1195 292 1252; x_wconf 88' lang='lat' dir='ltr'><strong>Sed</strong></span> <span class='ocrx_word' id='word_1_110' title='bbox 329 1198 459 1252; x_wconf 89' lang='lat' dir='ltr'><strong>satis</strong></span> <span class='ocrx_word' id='word_1_111' title='bbox 496 1199 564 1251; x_wconf 90' lang='lat' dir='ltr'><strong>de</strong></span> <span class='ocrx_word' id='word_1_112' title='bbox 598 1198 699 1251; x_wconf 92' lang='lat' dir='ltr'><strong>his.</strong></span> <span class='ocrx_word' id='word_1_113' title='bbox 764 1195 1024 1268; x_wconf 88' lang='lat' dir='ltr'><strong>Sequitur</strong></span> <span class='ocrx_word' id='word_1_114' title='bbox 1059 1207 1120 1252; x_wconf 89' lang='lat' dir='ltr'><strong>ut</strong></span> <span class='ocrx_word' id='word_1_115' title='bbox 1156 1198 1316 1251; x_wconf 87' lang='lat' dir='ltr'><strong>etiam</strong></span> <span class='ocrx_word' id='word_1_116' title='bbox 1352 1198 1555 1267; x_wconf 85' lang='lat' dir='ltr'><strong>aliquid</strong></span> <span class='ocrx_word' id='word_1_117' title='bbox 1590 1217 1811 1252; x_wconf 92' lang='lat' dir='ltr'><strong>monen-</strong></span> 
     </span>
     <span class='ocr_line' id='line_1_16' title="bbox 109 1268 1814 1339; baseline 0.001 -19"><span class='ocrx_word' id='word_1_118' title='bbox 109 1268 238 1321; x_wconf 88' lang='lat' dir='ltr'><strong>dum</strong></span> <span class='ocrx_word' id='word_1_119' title='bbox 275 1269 344 1321; x_wconf 89' lang='lat' dir='ltr'><strong>sit</strong></span> <span class='ocrx_word' id='word_1_120' title='bbox 383 1269 451 1322; x_wconf 89' lang='lat' dir='ltr'><strong>de</strong></span> <span class='ocrx_word' id='word_1_121' title='bbox 487 1268 564 1322; x_wconf 93' lang='lat' dir='ltr'><strong>ori</strong></span> <span class='ocrx_word' id='word_1_122' title='bbox 607 1268 786 1322; x_wconf 89' lang='lat' dir='ltr'><strong>inibus</strong></span> <span class='ocrx_word' id='word_1_123' title='bbox 823 1268 1097 1323; x_wconf 88' lang='lat' dir='ltr'><strong>doctrinae</strong></span> <span class='ocrx_word' id='word_1_124' title='bbox 1133 1269 1277 1339; x_wconf 80' lang='lat' dir='ltr'><strong>illius</strong></span> <span class='ocrx_word' id='word_1_125' title='bbox 1303 1269 1612 1333; x_wconf 79' lang='lat' dir='ltr'><strong>amatoriae,</strong></span> <span class='ocrx_word' id='word_1_126' title='bbox 1651 1287 1814 1337; x_wconf 90' lang='lat' dir='ltr'><strong>quam</strong></span> 
     </span>
     <span class='ocr_line' id='line_1_17' title="bbox 107 1337 1810 1410; baseline 0.001 -19"><span class='ocrx_word' id='word_1_127' title='bbox 107 1357 139 1391; x_wconf 89' lang='lat' dir='ltr'><strong>a</strong></span> <span class='ocrx_word' id='word_1_128' title='bbox 185 1337 412 1392; x_wconf 78' lang='lat' dir='ltr'><strong>Platone</strong></span> <span class='ocrx_word' id='word_1_129' title='bbox 458 1357 557 1392; x_wconf 90' lang='lat' dir='ltr'><strong>con</strong></span> <span class='ocrx_word' id='word_1_130' title='bbox 596 1339 724 1391; x_wconf 89' lang='lat' dir='ltr'><strong>itam</strong></span> <span class='ocrx_word' id='word_1_131' title='bbox 770 1347 823 1392; x_wconf 89' lang='lat' dir='ltr'><strong>et</strong></span> <span class='ocrx_word' id='word_1_132' title='bbox 869 1339 1115 1410; x_wconf 87' lang='lat' dir='ltr'><strong>inprimis</strong></span> <span class='ocrx_word' id='word_1_133' title='bbox 1160 1339 1217 1391; x_wconf 90' lang='lat' dir='ltr'><strong>in</strong></span> <span class='ocrx_word' id='word_1_134' title='bbox 1262 1339 1510 1393; x_wconf 87' lang='lat' dir='ltr'><strong>Phaedro</strong></span> <span class='ocrx_word' id='word_1_135' title='bbox 1555 1348 1609 1393; x_wconf 91' lang='lat' dir='ltr'><strong>et</strong></span> <span class='ocrx_word' id='word_1_136' title='bbox 1648 1339 1810 1408; x_wconf 89' lang='lat' dir='ltr'><strong>Sym-</strong></span> 
     </span>
     <span class='ocr_line' id='line_1_18' title="bbox 109 1409 1813 1480; baseline 0.001 -19"><span class='ocrx_word' id='word_1_137' title='bbox 109 1409 261 1478; x_wconf 90' lang='lat' dir='ltr'><strong>posio</strong></span> <span class='ocrx_word' id='word_1_138' title='bbox 287 1409 606 1480; x_wconf 87' lang='lat' dir='ltr'><strong>explicatam</strong></span> <span class='ocrx_word' id='word_1_139' title='bbox 631 1429 747 1463; x_wconf 91' lang='lat' dir='ltr'><strong>esse</strong></span> <span class='ocrx_word' id='word_1_140' title='bbox 772 1409 1021 1463; x_wconf 89' lang='lat' dir='ltr'><strong>vidimus.</strong></span> <span class='ocrx_word' id='word_1_141' title='bbox 1061 1409 1282 1463; x_wconf 88' lang='lat' dir='ltr'><strong>Valebit</strong></span> <span class='ocrx_word' id='word_1_142' title='bbox 1307 1410 1450 1470; x_wconf 23' lang='lat' dir='ltr'><strong>entim</strong></span> <span class='ocrx_word' id='word_1_143' title='bbox 1469 1410 1631 1463; x_wconf 87' lang='lat' dir='ltr'><strong>etiam</strong></span> <span class='ocrx_word' id='word_1_144' title='bbox 1654 1410 1813 1463; x_wconf 88' lang='lat' dir='ltr'><strong>huius</strong></span> 
     </span>
     <span class='ocr_line' id='line_1_19' title="bbox 108 1479 1811 1550; baseline 0.002 -19"><span class='ocrx_word' id='word_1_145' title='bbox 108 1479 187 1532; x_wconf 88' lang='lat' dir='ltr'><strong>rei</strong></span> <span class='ocrx_word' id='word_1_146' title='bbox 223 1479 630 1544; x_wconf 88' lang='lat' dir='ltr'><strong>animadversio,</strong></span> <span class='ocrx_word' id='word_1_147' title='bbox 671 1480 716 1533; x_wconf 93' lang='lat' dir='ltr'><strong>si</strong></span> <span class='ocrx_word' id='word_1_148' title='bbox 740 1480 871 1549; x_wconf 88' lang='lat' dir='ltr'><strong>quid</strong></span> <span class='ocrx_word' id='word_1_149' title='bbox 896 1480 1070 1543; x_wconf 88' lang='lat' dir='ltr'><strong>videO,</strong></span> <span class='ocrx_word' id='word_1_150' title='bbox 1110 1498 1220 1532; x_wconf 91' lang='lat' dir='ltr'><strong>non</strong></span> <span class='ocrx_word' id='word_1_151' title='bbox 1262 1499 1455 1550; x_wconf 90' lang='lat' dir='ltr'><strong>parum</strong></span> <span class='ocrx_word' id='word_1_152' title='bbox 1479 1480 1549 1532; x_wconf 89' lang='lat' dir='ltr'><strong>ad</strong></span> <span class='ocrx_word' id='word_1_153' title='bbox 1575 1479 1811 1550; x_wconf 86' lang='lat' dir='ltr'><strong>Sympo-</strong></span> 
     </span>
     <span class='ocr_line' id='line_1_20' title="bbox 110 1549 1811 1621; baseline 0.001 -19"><span class='ocrx_word' id='word_1_154' title='bbox 110 1549 175 1602; x_wconf 92' lang='lat' dir='ltr'><strong>sii</strong></span> <span class='ocrx_word' id='word_1_155' title='bbox 212 1568 272 1602; x_wconf 89' lang='lat' dir='ltr'><strong>ar</strong></span> <span class='ocrx_word' id='word_1_156' title='bbox 311 1559 586 1604; x_wconf 90' lang='lat' dir='ltr'><strong>umentum</strong></span> <span class='ocrx_word' id='word_1_157' title='bbox 620 1550 820 1605; x_wconf 86' lang='lat' dir='ltr'><strong>rectius</strong></span> <span class='ocrx_word' id='word_1_158' title='bbox 856 1550 1260 1621; x_wconf 85' lang='lat' dir='ltr'><strong>intelligendum</strong></span> <span class='ocrx_word' id='word_1_159' title='bbox 1306 1558 1465 1619; x_wconf 87' lang='lat' dir='ltr'><strong>atque</strong></span> <span class='ocrx_word' id='word_1_160' title='bbox 1502 1551 1692 1605; x_wconf 90' lang='lat' dir='ltr'><strong>melius</strong></span> <span class='ocrx_word' id='word_1_161' title='bbox 1727 1552 1811 1604; x_wconf 92' lang='lat' dir='ltr'><strong>iu-</strong></span> 
     </span>
     <span class='ocr_line' id='line_1_21' title="bbox 111 1619 413 1673; baseline 0.003 -1"><span class='ocrx_word' id='word_1_162' title='bbox 111 1619 268 1673; x_wconf 91' lang='lat' dir='ltr'><strong>dican</strong></span> <span class='ocrx_word' id='word_1_163' title='bbox 308 1640 413 1673; x_wconf 88' lang='lat' dir='ltr'><strong>um.</strong></span> 
     </span>
    </p>

    <p class='ocr_par' dir='ltr' id='par_1_4' title="bbox 107 1689 1814 3377">
     <span class='ocr_line' id='line_1_22' title="bbox 177 1689 1810 1745; baseline 0.002 -3"><span class='ocrx_word' id='word_1_164' title='bbox 177 1689 415 1744; x_wconf 88' lang='lat' dir='ltr'><strong>Praeivit</strong></span> <span class='ocrx_word' id='word_1_165' title='bbox 459 1710 587 1745; x_wconf 87' lang='lat' dir='ltr'><strong>vero</strong></span> <span class='ocrx_word' id='word_1_166' title='bbox 623 1691 838 1745; x_wconf 89' lang='lat' dir='ltr'><strong>Platoni</strong></span> <span class='ocrx_word' id='word_1_167' title='bbox 879 1691 979 1744; x_wconf 89' lang='lat' dir='ltr'><strong>hac</strong></span> <span class='ocrx_word' id='word_1_168' title='bbox 1014 1691 1072 1744; x_wconf 92' lang='lat' dir='ltr'><strong>in</strong></span> <span class='ocrx_word' id='word_1_169' title='bbox 1109 1710 1167 1744; x_wconf 92' lang='lat' dir='ltr'><strong>re</strong></span> <span class='ocrx_word' id='word_1_170' title='bbox 1204 1691 1347 1745; x_wconf 89' lang='lat' dir='ltr'><strong>viam</strong></span> <span class='ocrx_word' id='word_1_171' title='bbox 1382 1691 1665 1745; x_wconf 85' lang='lat' dir='ltr'><strong>manifesto</strong></span> <span class='ocrx_word' id='word_1_172' title='bbox 1705 1690 1810 1745; x_wconf 92' lang='lat' dir='ltr'><strong>So-</strong></span> 
     </span>
     <span class='ocr_line' id='line_1_23' title="bbox 109 1761 1814 1833; baseline 0.001 -20"><span class='ocrx_word' id='word_1_173' title='bbox 109 1769 298 1825; x_wconf 88' lang='lat' dir='ltr'><strong>crates,</strong></span> <span class='ocrx_word' id='word_1_174' title='bbox 335 1780 659 1832; x_wconf 89' lang='lat' dir='ltr'><strong>quamquam</strong></span> <span class='ocrx_word' id='word_1_175' title='bbox 690 1762 796 1833; x_wconf 91' lang='lat' dir='ltr'><strong>ipsi</strong></span> <span class='ocrx_word' id='word_1_176' title='bbox 833 1762 1189 1816; x_wconf 88' lang='lat' dir='ltr'><strong>verisimiliter</strong></span> <span class='ocrx_word' id='word_1_177' title='bbox 1220 1761 1482 1815; x_wconf 88' lang='lat' dir='ltr'><strong>coniicere</strong></span> <span class='ocrx_word' id='word_1_178' title='bbox 1506 1762 1632 1815; x_wconf 89' lang='lat' dir='ltr'><strong>licet</strong></span> <span class='ocrx_word' id='word_1_179' title='bbox 1657 1762 1814 1815; x_wconf 88' lang='lat' dir='ltr'><strong>simul</strong></span> 
     </span>
     <span class='ocr_line' id='line_1_24' title="bbox 109 1831 1810 1905; baseline 0 -21"><span class='ocrx_word' id='word_1_180' title='bbox 109 1831 270 1884; x_wconf 85' lang='lat' dir='ltr'><strong>etiam</strong></span> <span class='ocrx_word' id='word_1_181' title='bbox 306 1850 538 1886; x_wconf 88' lang='lat' dir='ltr'><strong>amorem</strong></span> <span class='ocrx_word' id='word_1_182' title='bbox 562 1833 1028 1905; x_wconf 85' lang='lat' dir='ltr'><strong>Pythagoreorum</strong></span> <span class='ocrx_word' id='word_1_183' title='bbox 1064 1832 1132 1886; x_wconf 92' lang='lat' dir='ltr'><strong>ob</strong></span> <span class='ocrx_word' id='word_1_184' title='bbox 1169 1833 1350 1886; x_wconf 89' lang='lat' dir='ltr'><strong>oculos</strong></span> <span class='ocrx_word' id='word_1_185' title='bbox 1376 1841 1649 1885; x_wconf 88' lang='lat' dir='ltr'><strong>versatum</strong></span> <span class='ocrx_word' id='word_1_186' title='bbox 1675 1851 1810 1885; x_wconf 91' lang='lat' dir='ltr'><strong>esse.</strong></span> 
     </span>
     <span class='ocr_line' id='line_1_25' title="bbox 107 1900 1810 1972; baseline 0 -18"><span class='ocrx_word' id='word_1_187' title='bbox 107 1901 328 1956; x_wconf 84' lang='lat' dir='ltr'><strong>Etenim</strong></span> <span class='ocrx_word' id='word_1_188' title='bbox 353 1900 604 1961; x_wconf 79' lang='lat' dir='ltr'><strong>Socrates</strong></span> <span class='ocrx_word' id='word_1_189' title='bbox 642 1922 808 1972; x_wconf 90' lang='lat' dir='ltr'><strong>quum</strong></span> <span class='ocrx_word' id='word_1_190' title='bbox 845 1905 1038 1957; x_wconf 89' lang='lat' dir='ltr'><strong>soleret</strong></span> <span class='ocrx_word' id='word_1_191' title='bbox 1073 1903 1130 1955; x_wconf 87' lang='lat' dir='ltr'><strong>in</strong></span> <span class='ocrx_word' id='word_1_192' title='bbox 1166 1902 1354 1955; x_wconf 88' lang='lat' dir='ltr'><strong>animis</strong></span> <span class='ocrx_word' id='word_1_193' title='bbox 1396 1902 1673 1956; x_wconf 90' lang='lat' dir='ltr'><strong>hominum</strong></span> <span class='ocrx_word' id='word_1_194' title='bbox 1699 1902 1810 1955; x_wconf 91' lang='lat' dir='ltr'><strong>dis-</strong></span> 
     </span>
     <span class='ocr_line' id='line_1_26' title="bbox 110 1972 1811 2045; baseline -0.001 -19"><span class='ocrx_word' id='word_1_195' title='bbox 110 1972 332 2026; x_wconf 88' lang='lat' dir='ltr'><strong>serendo</strong></span> <span class='ocrx_word' id='word_1_196' title='bbox 371 1982 424 2026; x_wconf 90' lang='lat' dir='ltr'><strong>et</strong></span> <span class='ocrx_word' id='word_1_197' title='bbox 458 1974 826 2045; x_wconf 88' lang='lat' dir='ltr'><strong>percontando</strong></span> <span class='ocrx_word' id='word_1_198' title='bbox 864 1974 1097 2028; x_wconf 86' lang='lat' dir='ltr'><strong>excitare</strong></span> <span class='ocrx_word' id='word_1_199' title='bbox 1135 1973 1247 2027; x_wconf 89' lang='lat' dir='ltr'><strong>veri</strong></span> <span class='ocrx_word' id='word_1_200' title='bbox 1271 1974 1508 2042; x_wconf 89' lang='lat' dir='ltr'><strong>rectique</strong></span> <span class='ocrx_word' id='word_1_201' title='bbox 1534 1973 1811 2037; x_wconf 73' lang='lat' dir='ltr'><strong>scientiam</strong></span> 
     </span>
     <span class='ocr_line' id='line_1_27' title="bbox 109 2044 1813 2113; baseline 0 -18"><span class='ocrx_word' id='word_1_202' title='bbox 109 2052 268 2112; x_wconf 89' lang='lat' dir='ltr'><strong>atque</strong></span> <span class='ocrx_word' id='word_1_203' title='bbox 305 2063 485 2097; x_wconf 90' lang='lat' dir='ltr'><strong>rerum</strong></span> <span class='ocrx_word' id='word_1_204' title='bbox 520 2045 762 2098; x_wconf 90' lang='lat' dir='ltr'><strong>notiones</strong></span> <span class='ocrx_word' id='word_1_205' title='bbox 799 2053 990 2098; x_wconf 88' lang='lat' dir='ltr'><strong>natura</strong></span> <span class='ocrx_word' id='word_1_206' title='bbox 1028 2045 1182 2113; x_wconf 88' lang='lat' dir='ltr'><strong>quasi</strong></span> <span class='ocrx_word' id='word_1_207' title='bbox 1228 2044 1496 2097; x_wconf 85' lang='lat' dir='ltr'><strong>involutas</strong></span> <span class='ocrx_word' id='word_1_208' title='bbox 1533 2044 1722 2097; x_wconf 92' lang='lat' dir='ltr'><strong>elicere</strong></span> <span class='ocrx_word' id='word_1_209' title='bbox 1760 2052 1813 2096; x_wconf 89' lang='lat' dir='ltr'><strong>et</strong></span> 
     </span>
     <span class='ocr_line' id='line_1_28' title="bbox 108 2113 1812 2184; baseline 0.001 -19"><span class='ocrx_word' id='word_1_210' title='bbox 108 2113 403 2183; x_wconf 89' lang='lat' dir='ltr'><strong>explicare,</strong></span> <span class='ocrx_word' id='word_1_211' title='bbox 460 2134 566 2184; x_wconf 88' lang='lat' dir='ltr'><strong>quo</strong></span> <span class='ocrx_word' id='word_1_212' title='bbox 612 2115 823 2168; x_wconf 86' lang='lat' dir='ltr'><strong>facilius</strong></span> <span class='ocrx_word' id='word_1_213' title='bbox 868 2115 970 2168; x_wconf 89' lang='lat' dir='ltr'><strong>hoc</strong></span> <span class='ocrx_word' id='word_1_214' title='bbox 1019 2134 1115 2168; x_wconf 92' lang='lat' dir='ltr'><strong>suo</strong></span> <span class='ocrx_word' id='word_1_215' title='bbox 1165 2114 1338 2167; x_wconf 87' lang='lat' dir='ltr'><strong>officio</strong></span> <span class='ocrx_word' id='word_1_216' title='bbox 1383 2123 1544 2183; x_wconf 89' lang='lat' dir='ltr'><strong>atque</strong></span> <span class='ocrx_word' id='word_1_217' title='bbox 1590 2132 1812 2166; x_wconf 89' lang='lat' dir='ltr'><strong>munere</strong></span> 
     </span>
     <span class='ocr_line' id='line_1_29' title="bbox 109 2183 1811 2265; baseline 0.001 -31"><span class='ocrx_word' id='word_1_218' title='bbox 109 2184 447 2265; x_wconf 79' lang='lat' dir='ltr'><strong>fungeretur,</strong></span> <span class='ocrx_word' id='word_1_219' title='bbox 495 2193 730 2238; x_wconf 87' lang='lat' dir='ltr'><strong>sectatus</strong></span> <span class='ocrx_word' id='word_1_220' title='bbox 777 2185 1021 2254; x_wconf 88' lang='lat' dir='ltr'><strong>inprimis</strong></span> <span class='ocrx_word' id='word_1_221' title='bbox 1069 2194 1150 2238; x_wconf 91' lang='lat' dir='ltr'><strong>est</strong></span> <span class='ocrx_word' id='word_1_222' title='bbox 1195 2185 1560 2238; x_wconf 87' lang='lat' dir='ltr'><strong>adolescentes</strong></span> <span class='ocrx_word' id='word_1_223' title='bbox 1606 2183 1811 2256; x_wconf 84' lang='lat' dir='ltr'><strong>ingenii</strong></span> 
     </span>
     <span class='ocr_line' id='line_1_30' title="bbox 108 2254 1812 2377; baseline -0.001 -70"><span class='ocrx_word' id='word_1_224' title='bbox 108 2254 346 2307; x_wconf 74' lang='lat' dir='ltr'><strong>bonitate</strong></span> <span class='ocrx_word' id='word_1_225' title='bbox 395 2263 744 2325; x_wconf 86' lang='lat' dir='ltr'><strong>praestantes,</strong></span> <span class='ocrx_word' id='word_1_226' title='bbox 794 2255 860 2307; x_wconf 88' lang='lat' dir='ltr'><strong>de</strong></span> <span class='ocrx_word' id='word_1_227' title='bbox 907 2255 1101 2324; x_wconf 90' lang='lat' dir='ltr'><strong>quibus</strong></span> <span class='ocrx_word' id='word_1_228' title='bbox 1146 2274 1243 2325; x_wconf 89' lang='lat' dir='ltr'><strong>pro</strong></span> <span class='ocrx_word' id='word_1_229' title='bbox 1293 2255 1473 2307; x_wconf 76' lang='lat' dir='ltr'><strong>futuro</strong></span> <span class='ocrx_word' id='word_1_230' title='bbox 1509 2254 1647 2307; x_wconf 92' lang='lat' dir='ltr'><strong>bene</strong></span> <span class='ocrx_word' id='word_1_231' title='bbox 1687 2273 1812 2377; x_wconf 56' lang='lat' dir='ltr'><strong>spe-</strong></span> 
     </span>
     <span class='ocr_line' id='line_1_31' title="bbox 109 2323 1814 2394; baseline 0 -19"><span class='ocrx_word' id='word_1_232' title='bbox 109 2324 215 2376; x_wconf 86' lang='lat' dir='ltr'><strong>rari</strong></span> <span class='ocrx_word' id='word_1_233' title='bbox 259 2343 418 2394; x_wconf 88' lang='lat' dir='ltr'><strong>posse</strong></span> <span class='ocrx_word' id='word_1_234' title='bbox 464 2325 751 2378; x_wconf 90' lang='lat' dir='ltr'><strong>videretur.</strong></span> <span class='ocrx_word' id='word_1_235' title='bbox 815 2323 1179 2391; x_wconf 80' lang='lat' dir='ltr'><strong>Quamobrem</strong></span> <span class='ocrx_word' id='word_1_236' title='bbox 1225 2324 1314 2377; x_wconf 90' lang='lat' dir='ltr'><strong>ille</strong></span> <span class='ocrx_word' id='word_1_237' title='bbox 1365 2343 1482 2377; x_wconf 89' lang='lat' dir='ltr'><strong>sese</strong></span> <span class='ocrx_word' id='word_1_238' title='bbox 1513 2324 1718 2382; x_wconf 36' lang='lat' dir='ltr'><strong>,simula</strong></span> <span class='ocrx_word' id='word_1_239' title='bbox 1757 2332 1814 2375; x_wconf 85' lang='lat' dir='ltr'><strong>at</strong></span> 
     </span>
     <span class='ocr_line' id='line_1_32' title="bbox 111 2393 1811 2464; baseline -0.001 -17"><span class='ocrx_word' id='word_1_240' title='bbox 111 2414 295 2448; x_wconf 92' lang='lat' dir='ltr'><strong>eorum</strong></span> <span class='ocrx_word' id='word_1_241' title='bbox 340 2414 456 2448; x_wconf 93' lang='lat' dir='ltr'><strong>esse</strong></span> <span class='ocrx_word' id='word_1_242' title='bbox 493 2404 781 2449; x_wconf 87' lang='lat' dir='ltr'><strong>amatorem</strong></span> <span class='ocrx_word' id='word_1_243' title='bbox 817 2404 975 2463; x_wconf 91' lang='lat' dir='ltr'><strong>atque</strong></span> <span class='ocrx_word' id='word_1_244' title='bbox 1012 2403 1180 2447; x_wconf 90' lang='lat' dir='ltr'><strong>artem</strong></span> <span class='ocrx_word' id='word_1_245' title='bbox 1215 2393 1563 2464; x_wconf 89' lang='lat' dir='ltr'><strong>profitebatur</strong></span> <span class='ocrx_word' id='word_1_246' title='bbox 1609 2402 1811 2446; x_wconf 86' lang='lat' dir='ltr'><strong>amato-</strong></span> 
     </span>
     <span class='ocr_line' id='line_1_33' title="bbox 109 2464 1810 2530; baseline -0.001 -13"><span class='ocrx_word' id='word_1_247' title='bbox 109 2465 258 2530; x_wconf 89' lang='lat' dir='ltr'><strong>riam,</strong></span> <span class='ocrx_word' id='word_1_248' title='bbox 297 2465 424 2519; x_wconf 89' lang='lat' dir='ltr'><strong>licet</strong></span> <span class='ocrx_word' id='word_1_249' title='bbox 459 2466 589 2519; x_wconf 88' lang='lat' dir='ltr'><strong>alias</strong></span> <span class='ocrx_word' id='word_1_250' title='bbox 628 2473 934 2520; x_wconf 86' lang='lat' dir='ltr'><strong>constanter</strong></span> <span class='ocrx_word' id='word_1_251' title='bbox 957 2484 1024 2519; x_wconf 91' lang='lat' dir='ltr'><strong>ne</strong></span> <span class='ocrx_word' id='word_1_252' title='bbox 1066 2473 1179 2517; x_wconf 90' lang='lat' dir='ltr'><strong>aret</strong></span> <span class='ocrx_word' id='word_1_253' title='bbox 1205 2483 1321 2518; x_wconf 89' lang='lat' dir='ltr'><strong>sese</strong></span> <span class='ocrx_word' id='word_1_254' title='bbox 1347 2464 1508 2517; x_wconf 91' lang='lat' dir='ltr'><strong>ullius</strong></span> <span class='ocrx_word' id='word_1_255' title='bbox 1532 2464 1613 2516; x_wconf 88' lang='lat' dir='ltr'><strong>rei</strong></span> <span class='ocrx_word' id='word_1_256' title='bbox 1634 2464 1810 2517; x_wconf 89' lang='lat' dir='ltr'><strong>scien-</strong></span> 
     </span>
     <span class='ocr_line' id='line_1_34' title="bbox 110 2533 1812 2607; baseline -0.001 -19"><span class='ocrx_word' id='word_1_257' title='bbox 110 2537 237 2588; x_wconf 90' lang='lat' dir='ltr'><strong>tiam</strong></span> <span class='ocrx_word' id='word_1_258' title='bbox 283 2544 481 2590; x_wconf 91' lang='lat' dir='ltr'><strong>tenere.</strong></span> <span class='ocrx_word' id='word_1_259' title='bbox 554 2536 641 2590; x_wconf 93' lang='lat' dir='ltr'><strong>De</strong></span> <span class='ocrx_word' id='word_1_260' title='bbox 688 2556 793 2607; x_wconf 87' lang='lat' dir='ltr'><strong>qua</strong></span> <span class='ocrx_word' id='word_1_261' title='bbox 836 2555 897 2589; x_wconf 90' lang='lat' dir='ltr'><strong>re</strong></span> <span class='ocrx_word' id='word_1_262' title='bbox 940 2555 992 2589; x_wconf 88' lang='lat' dir='ltr'><strong>v.</strong></span> <span class='ocrx_word' id='word_1_263' title='bbox 1108 2534 1336 2606; x_wconf 91' lang='lat' dir='ltr'><strong>enoph.</strong></span> <span class='ocrx_word' id='word_1_264' title='bbox 1363 2534 1528 2588; x_wconf 92' lang='lat' dir='ltr'><strong>Mem.</strong></span> <span class='ocrx_word' id='word_1_265' title='bbox 1553 2533 1653 2588; x_wconf 91' lang='lat' dir='ltr'><strong>IV.</strong></span> <span class='ocrx_word' id='word_1_266' title='bbox 1682 2536 1731 2598; x_wconf 87' lang='lat'><strong>1,</strong></span> <span class='ocrx_word' id='word_1_267' title='bbox 1760 2537 1812 2587; x_wconf 93' lang='grc'><strong>2.</strong></span> 
     </span>
     <span class='ocr_line' id='line_1_35' title="bbox 110 2605 1812 2678; baseline -0.001 -21"><span class='ocrx_word' id='word_1_268' title='bbox 110 2608 346 2672; x_wconf 78' lang='grc' dir='ltr'>πολλάκις</span> <span class='ocrx_word' id='word_1_269' title='bbox 369 2607 463 2678; x_wconf 77' lang='grc' dir='ltr'><strong>γὰρ</strong></span> <span class='ocrx_word' id='word_1_270' title='bbox 493 2605 591 2677; x_wconf 62' lang='grc' dir='ltr'><strong>ἔφη</strong></span> <span class='ocrx_word' id='word_1_271' title='bbox 621 2607 707 2676; x_wconf 84' lang='grc' dir='ltr'><strong>μὲν</strong></span> <span class='ocrx_word' id='word_1_272' title='bbox 737 2606 793 2658; x_wconf 87' lang='grc' dir='ltr'><strong>ἄν</strong></span> <span class='ocrx_word' id='word_1_273' title='bbox 820 2626 947 2662; x_wconf 85' lang='grc' dir='ltr'>τινος</span> <span class='ocrx_word' id='word_1_274' title='bbox 973 2607 1109 2676; x_wconf 79' lang='grc' dir='ltr'>ἐρᾶν,</span> <span class='ocrx_word' id='word_1_275' title='bbox 1137 2606 1350 2676; x_wconf 77' lang='grc' dir='ltr'>φανερὸς</span> <span class='ocrx_word' id='word_1_276' title='bbox 1378 2606 1422 2655; x_wconf 77' lang='grc' dir='ltr'><strong>δ’</strong></span> <span class='ocrx_word' id='word_1_277' title='bbox 1450 2605 1508 2674; x_wconf 80' lang='grc' dir='ltr'><strong>ἧν</strong></span> <span class='ocrx_word' id='word_1_278' title='bbox 1538 2605 1595 2657; x_wconf 83' lang='grc' dir='ltr'><strong>οὐ</strong></span> <span class='ocrx_word' id='word_1_279' title='bbox 1622 2608 1719 2656; x_wconf 83' lang='grc' dir='ltr'><strong>τῶν</strong></span> <span class='ocrx_word' id='word_1_280' title='bbox 1747 2606 1812 2656; x_wconf 86' lang='grc' dir='ltr'><strong>τὰ</strong></span> 
     </span>
     <span class='ocr_line' id='line_1_36' title="bbox 111 2674 1811 2748; baseline -0.001 -20"><span class='ocrx_word' id='word_1_281' title='bbox 111 2679 323 2746; x_wconf 83' lang='grc' dir='ltr'>σώματα</span> <span class='ocrx_word' id='word_1_282' title='bbox 356 2678 479 2746; x_wconf 82' lang='grc' dir='ltr'>πρὸς</span> <span class='ocrx_word' id='word_1_283' title='bbox 504 2679 657 2748; x_wconf 80' lang='grc' dir='ltr'>ὥραν,</span> <span class='ocrx_word' id='word_1_284' title='bbox 697 2677 826 2729; x_wconf 82' lang='grc' dir='ltr'>ἀλλὰ</span> <span class='ocrx_word' id='word_1_285' title='bbox 851 2680 948 2728; x_wconf 88' lang='grc' dir='ltr'><strong>τῶν</strong></span> <span class='ocrx_word' id='word_1_286' title='bbox 975 2676 1062 2732; x_wconf 85' lang='grc' dir='ltr'><strong>τὰς</strong></span> <span class='ocrx_word' id='word_1_287' title='bbox 1088 2676 1251 2747; x_wconf 77' lang='grc' dir='ltr'>ψυχὰς</span> <span class='ocrx_word' id='word_1_288' title='bbox 1275 2676 1399 2745; x_wconf 81' lang='grc' dir='ltr'>πρὸς</span> <span class='ocrx_word' id='word_1_289' title='bbox 1427 2675 1612 2743; x_wconf 83' lang='grc' dir='ltr'>ἀρετὴν</span> <span class='ocrx_word' id='word_1_290' title='bbox 1640 2674 1698 2727; x_wconf 78' lang='grc' dir='ltr'><strong>εὖ</strong></span> <span class='ocrx_word' id='word_1_291' title='bbox 1728 2694 1811 2726; x_wconf 82' lang='grc' dir='ltr'><strong>πε-</strong></span> 
     </span>
     <span class='ocr_line' id='line_1_37' title="bbox 113 2743 1812 2816; baseline -0.001 -18"><span class='ocrx_word' id='word_1_292' title='bbox 113 2746 342 2815; x_wconf 74' lang='grc' dir='ltr'>φυκότων</span> <span class='ocrx_word' id='word_1_293' title='bbox 388 2747 666 2816; x_wconf 82' lang='grc' dir='ltr'>ἐφιέμενος.</span> <span class='ocrx_word' id='word_1_294' title='bbox 741 2747 969 2800; x_wconf 89' lang='lat' dir='ltr'><strong>Memor.</strong></span> <span class='ocrx_word' id='word_1_295' title='bbox 1012 2745 1087 2799; x_wconf 96' lang='lat' dir='ltr'><strong>II.</strong></span> <span class='ocrx_word' id='word_1_296' title='bbox 1133 2747 1182 2809; x_wconf 85' lang='lat'><strong>6,</strong></span> <span class='ocrx_word' id='word_1_297' title='bbox 1229 2747 1311 2798; x_wconf 86' lang='grc'><strong>28.</strong></span> <span class='ocrx_word' id='word_1_298' title='bbox 1368 2744 1506 2798; x_wconf 90' lang='lat' dir='ltr'><strong>Ibid.</strong></span> <span class='ocrx_word' id='word_1_299' title='bbox 1551 2743 1594 2796; x_wconf 95' lang='grc' dir='ltr'><strong>Ι.</strong></span> <span class='ocrx_word' id='word_1_300' title='bbox 1635 2745 1687 2808; x_wconf 86' lang='grc'><strong>3,</strong></span> <span class='ocrx_word' id='word_1_301' title='bbox 1728 2746 1812 2798; x_wconf 91' lang='grc'><strong>14.</strong></span> 
     </span>
     <span class='ocr_line' id='line_1_38' title="bbox 114 2815 1812 2887; baseline -0.002 -17"><span class='ocrx_word' id='word_1_302' title='bbox 114 2815 318 2871; x_wconf 91' lang='lat' dir='ltr'><strong>Oecon.</strong></span> <span class='ocrx_word' id='word_1_303' title='bbox 357 2816 460 2871; x_wconf 92' lang='lat' dir='ltr'><strong>VI.</strong></span> <span class='ocrx_word' id='word_1_304' title='bbox 497 2818 643 2870; x_wconf 63' lang='lat'>14.-</span> <span class='ocrx_word' id='word_1_305' title='bbox 659 2819 741 2871; x_wconf 85' lang='lat'><strong>16.</strong></span> <span class='ocrx_word' id='word_1_306' title='bbox 801 2816 1052 2887; x_wconf 88' lang='lat' dir='ltr'><strong>Sympos.</strong></span> <span class='ocrx_word' id='word_1_307' title='bbox 1087 2816 1193 2868; x_wconf 90' lang='lat' dir='ltr'>III.</span> <span class='ocrx_word' id='word_1_308' title='bbox 1227 2818 1277 2868; x_wconf 87' lang='lat'><strong>3.</strong></span> <span class='ocrx_word' id='word_1_309' title='bbox 1329 2815 1481 2869; x_wconf 92' lang='lat' dir='ltr'>VIII.</span> <span class='ocrx_word' id='word_1_310' title='bbox 1517 2816 1566 2868; x_wconf 98' lang='grc'><strong>2.</strong></span> <span class='ocrx_word' id='word_1_311' title='bbox 1607 2816 1690 2868; x_wconf 94' lang='grc'><strong>15.</strong></span> <span class='ocrx_word' id='word_1_312' title='bbox 1728 2817 1812 2867; x_wconf 89' lang='grc'><strong>25.</strong></span> 
     </span>
     <span class='ocr_line' id='line_1_39' title="bbox 113 2884 1812 2969; baseline -0.001 -31"><span class='ocrx_word' id='word_1_313' title='bbox 113 2887 371 2940; x_wconf 88' lang='lat' dir='ltr'><strong>Platon.</strong></span> <span class='ocrx_word' id='word_1_314' title='bbox 407 2885 542 2956; x_wconf 85' lang='lat' dir='ltr'><strong>Sym</strong></span> <span class='ocrx_word' id='word_1_315' title='bbox 582 2928 594 2940; x_wconf 93' lang='lat'><strong>.</strong></span> <span class='ocrx_word' id='word_1_316' title='bbox 630 2907 684 2969; x_wconf 83' lang='lat' dir='ltr'><strong>p.</strong></span> <span class='ocrx_word' id='word_1_317' title='bbox 722 2888 842 2940; x_wconf 84' lang='lat'><strong>177.</strong></span> <span class='ocrx_word' id='word_1_318' title='bbox 879 2887 953 2940; x_wconf 91' lang='lat' dir='ltr'><strong>D.</strong></span> <span class='ocrx_word' id='word_1_319' title='bbox 1012 2888 1127 2940; x_wconf 86' lang='lat'><strong>193.</strong></span> <span class='ocrx_word' id='word_1_320' title='bbox 1161 2885 1230 2940; x_wconf 87' lang='grc' dir='ltr'><strong>Ε.</strong></span> <span class='ocrx_word' id='word_1_321' title='bbox 1289 2887 1407 2940; x_wconf 88' lang='grc'><strong>198.</strong></span> <span class='ocrx_word' id='word_1_322' title='bbox 1443 2886 1516 2940; x_wconf 91' lang='lat' dir='ltr'><strong>D.</strong></span> <span class='ocrx_word' id='word_1_323' title='bbox 1578 2886 1699 2938; x_wconf 84' lang='grc'><strong>201.</strong></span> <span class='ocrx_word' id='word_1_324' title='bbox 1737 2884 1812 2936; x_wconf 89' lang='lat' dir='ltr'><strong>D.</strong></span> 
     </span>
     <span class='ocr_line' id='line_1_40' title="bbox 114 2954 1811 3026; baseline -0.001 -19"><span class='ocrx_word' id='word_1_325' title='bbox 114 2958 234 3008; x_wconf 88' lang='grc'><strong>217.</strong></span> <span class='ocrx_word' id='word_1_326' title='bbox 263 2955 330 3007; x_wconf 90' lang='grc' dir='ltr'><strong>Β.</strong></span> <span class='ocrx_word' id='word_1_327' title='bbox 357 2975 474 3025; x_wconf 86' lang='lat' dir='ltr'><strong>sqq.</strong></span> <span class='ocrx_word' id='word_1_328' title='bbox 579 2958 716 3026; x_wconf 78' lang='lat' dir='ltr'><strong>ysld.</strong></span> <span class='ocrx_word' id='word_1_329' title='bbox 785 2998 796 3010; x_wconf 94' lang='lat'>.</span> <span class='ocrx_word' id='word_1_330' title='bbox 824 2958 943 3010; x_wconf 87' lang='grc'><strong>204.</strong></span> <span class='ocrx_word' id='word_1_331' title='bbox 989 2957 1220 3009; x_wconf 90' lang='lat' dir='ltr'><strong>Phaedr.</strong></span> <span class='ocrx_word' id='word_1_332' title='bbox 1249 2975 1304 3025; x_wconf 91' lang='lat' dir='ltr'><strong>p.</strong></span> <span class='ocrx_word' id='word_1_333' title='bbox 1332 2958 1451 3008; x_wconf 90' lang='grc'><strong>227.</strong></span> <span class='ocrx_word' id='word_1_334' title='bbox 1480 2955 1543 3009; x_wconf 87' lang='lat' dir='ltr'><strong>C.</strong></span> <span class='ocrx_word' id='word_1_335' title='bbox 1595 2954 1811 3008; x_wconf 86' lang='lat' dir='ltr'><strong>Charm.</strong></span> 
     </span>
     <span class='ocr_line' id='line_1_41' title="bbox 115 3025 1811 3095; baseline -0.001 -18"><span class='ocrx_word' id='word_1_336' title='bbox 115 3027 207 3089; x_wconf 89' lang='lat' dir='ltr'><strong>in.,</strong></span> <span class='ocrx_word' id='word_1_337' title='bbox 234 3025 377 3078; x_wconf 88' lang='lat' dir='ltr'><strong>Prot.</strong></span> <span class='ocrx_word' id='word_1_338' title='bbox 444 3065 456 3077; x_wconf 95' lang='lat'><strong>.</strong></span> <span class='ocrx_word' id='word_1_339' title='bbox 481 3028 603 3079; x_wconf 86' lang='lat'><strong>309.</strong></span> <span class='ocrx_word' id='word_1_340' title='bbox 629 3026 702 3079; x_wconf 92' lang='lat' dir='ltr'><strong>A.</strong></span> <span class='ocrx_word' id='word_1_341' title='bbox 815 3028 1000 3079; x_wconf 85' lang='lat' dir='ltr'><strong>axim.</strong></span> <span class='ocrx_word' id='word_1_342' title='bbox 1026 3026 1174 3095; x_wconf 87' lang='lat' dir='ltr'><strong>Tyr.</strong></span> <span class='ocrx_word' id='word_1_343' title='bbox 1201 3026 1346 3079; x_wconf 91' lang='lat' dir='ltr'><strong>Diss.</strong></span> <span class='ocrx_word' id='word_1_344' title='bbox 1375 3025 1599 3078; x_wconf 90' lang='lat' dir='ltr'>XXIV.</span> <span class='ocrx_word' id='word_1_345' title='bbox 1627 3044 1678 3094; x_wconf 90' lang='lat' dir='ltr'><strong>p.</strong></span> <span class='ocrx_word' id='word_1_346' title='bbox 1706 3026 1811 3075; x_wconf 87' lang='grc'><strong>452</strong></span> 
     </span>
     <span class='ocr_line' id='line_1_42' title="bbox 118 3045 1810 3173; baseline -0.004 -24"><span class='ocrx_word' id='word_1_347' title='bbox 118 3115 232 3165; x_wconf 87' lang='lat' dir='ltr'><strong>sqq.</strong></span> <span class='ocrx_word' id='word_1_348' title='bbox 271 3045 467 3149; x_wconf 53' lang='lat' dir='ltr'>XXV.</span> <span class='ocrx_word' id='word_1_349' title='bbox 503 3115 558 3166; x_wconf 89' lang='lat' dir='ltr'><strong>p.</strong></span> <span class='ocrx_word' id='word_1_350' title='bbox 586 3098 618 3149; x_wconf 90' lang='lat'><strong>3</strong></span> <span class='ocrx_word' id='word_1_351' title='bbox 646 3114 759 3165; x_wconf 87' lang='lat' dir='ltr'><strong>sqq.</strong></span> <span class='ocrx_word' id='word_1_352' title='bbox 798 3096 1024 3150; x_wconf 93' lang='lat' dir='ltr'>XXVI.</span> <span class='ocrx_word' id='word_1_353' title='bbox 1051 3116 1104 3166; x_wconf 90' lang='lat' dir='ltr'><strong>p.</strong></span> <span class='ocrx_word' id='word_1_354' title='bbox 1132 3098 1198 3150; x_wconf 89' lang='grc'><strong>15</strong></span> <span class='ocrx_word' id='word_1_355' title='bbox 1225 3115 1339 3166; x_wconf 84' lang='lat' dir='ltr'><strong>sqq.</strong></span> <span class='ocrx_word' id='word_1_356' title='bbox 1377 3095 1633 3149; x_wconf 90' lang='lat' dir='ltr'>XXVII.</span> <span class='ocrx_word' id='word_1_357' title='bbox 1659 3113 1712 3173; x_wconf 84' lang='lat' dir='ltr'><strong>p.</strong></span> <span class='ocrx_word' id='word_1_358' title='bbox 1743 3094 1810 3144; x_wconf 89' lang='grc'><strong>32</strong></span> 
     </span>
     <span class='ocr_line' id='line_1_43' title="bbox 118 3162 1810 3236; baseline -0.004 -17"><span class='ocrx_word' id='word_1_359' title='bbox 118 3185 233 3235; x_wconf 89' lang='lat' dir='ltr'><strong>sqq.</strong></span> <span class='ocrx_word' id='word_1_360' title='bbox 261 3166 343 3219; x_wconf 90' lang='lat' dir='ltr'><strong>ed.</strong></span> <span class='ocrx_word' id='word_1_361' title='bbox 370 3165 525 3236; x_wconf 90' lang='lat' dir='ltr'><strong>Lips.</strong></span> <span class='ocrx_word' id='word_1_362' title='bbox 565 3166 746 3235; x_wconf 90' lang='lat' dir='ltr'><strong>Atque</strong></span> <span class='ocrx_word' id='word_1_363' title='bbox 785 3166 971 3219; x_wconf 90' lang='lat' dir='ltr'><strong>eodem</strong></span> <span class='ocrx_word' id='word_1_364' title='bbox 991 3167 1223 3235; x_wconf 86' lang='lat' dir='ltr'><strong>pertinet</strong></span> <span class='ocrx_word' id='word_1_365' title='bbox 1241 3165 1636 3236; x_wconf 86' lang='lat' dir='ltr'><strong>quodammodo</strong></span> <span class='ocrx_word' id='word_1_366' title='bbox 1661 3162 1810 3223; x_wconf 79' lang='lat' dir='ltr'><strong>sslud,</strong></span> 
     </span>
     <span class='ocr_line' id='line_1_44' title="bbox 120 3235 1812 3314; baseline -0.004 -26"><span class='ocrx_word' id='word_1_367' title='bbox 120 3237 262 3314; x_wconf 75' lang='lat' dir='ltr'><strong>quod</strong></span> <span class='ocrx_word' id='word_1_368' title='bbox 301 3254 416 3289; x_wconf 82' lang='lat' dir='ltr'><strong>sese</strong></span> <span class='ocrx_word' id='word_1_369' title='bbox 455 3235 680 3288; x_wconf 90' lang='lat' dir='ltr'><strong>subinde</strong></span> <span class='ocrx_word' id='word_1_370' title='bbox 724 3235 1002 3288; x_wconf 87' lang='lat' dir='ltr'><strong>dictitabat</strong></span> <span class='ocrx_word' id='word_1_371' title='bbox 1038 3237 1165 3289; x_wconf 87' lang='lat' dir='ltr'><strong>artis</strong></span> <span class='ocrx_word' id='word_1_372' title='bbox 1211 3236 1550 3290; x_wconf 84' lang='lat' dir='ltr'><strong>obstetriciae</strong></span> <span class='ocrx_word' id='word_1_373' title='bbox 1586 3250 1812 3303; x_wconf 83' lang='lat' dir='ltr'><strong>gnarum</strong></span> 
     </span>
     <span class='ocr_line' id='line_1_45' title="bbox 120 3303 1808 3377; baseline -0.002 -18"><span class='ocrx_word' id='word_1_374' title='bbox 120 3325 252 3372; x_wconf 81' lang='lat' dir='ltr'><strong>esse,</strong></span> <span class='ocrx_word' id='word_1_375' title='bbox 295 3307 360 3361; x_wconf 86' lang='lat' dir='ltr'><strong>de</strong></span> <span class='ocrx_word' id='word_1_376' title='bbox 399 3325 503 3376; x_wconf 51' lang='lat' dir='ltr'><strong>qua¹</strong></span> <span class='ocrx_word' id='word_1_377' title='bbox 541 3306 710 3376; x_wconf 86' lang='lat' dir='ltr'><strong>ipsius</strong></span> <span class='ocrx_word' id='word_1_378' title='bbox 746 3307 1071 3377; x_wconf 84' lang='lat' dir='ltr'><strong>professione</strong></span> <span class='ocrx_word' id='word_1_379' title='bbox 1106 3328 1155 3361; x_wconf 88' lang='lat' dir='ltr'><strong>v.</strong></span> <span class='ocrx_word' id='word_1_380' title='bbox 1177 3307 1348 3360; x_wconf 83' lang='lat' dir='ltr'><strong>Plat.</strong></span> <span class='ocrx_word' id='word_1_381' title='bbox 1376 3305 1590 3359; x_wconf 85' lang='lat' dir='ltr'><strong>Theaet.</strong></span> <span class='ocrx_word' id='word_1_382' title='bbox 1617 3322 1667 3374; x_wconf 86' lang='lat' dir='ltr'><strong>p.</strong></span> <span class='ocrx_word' id='word_1_383' title='bbox 1693 3303 1808 3354; x_wconf 80' lang='lat'><strong>149.</strong></span> 
     </span>
    </p>
   </div>
  </div>
 </body>
</html>
