2158 3718
655 75 795 161 'AD
847 106 1354 164 CRITONEM.
1762 107 1861 159 183

164 258 311 304 certe
365 250 433 304 ab
483 249 671 303 amicis
720 247 976 302 fidelibus
1025 248 1320 302 liberaliter
1352 247 1642 300 educatum
1676 248 1742 299 iri
1778 250 1855 318 (p.

164 322 250 375 54.
292 324 363 375 A.
402 322 514 391 R).
553 352 622 359 —-
695 320 799 372 His
840 321 1088 374 omnibus
1133 339 1262 372 vero
1306 320 1570 388 expositi-s
1622 318 1856 388 denique

163 393 301 447 haec
336 393 449 445 fere
487 391 724 444 addunt:
785 394 927 463 Age
956 392 1158 463 igitur,
1208 411 1239 444 o
1279 389 1534 458 Socrate,
1585 390 1857 458 inquiunt,

165 464 467 534 obsequere
504 463 664 516 nobis
715 463 822 515 tuis
859 463 1191 529 nutricibus,
1245 481 1308 515 ac
1357 461 1470 517 noli
1522 469 1618 514 aut
1653 461 1855 514 liberos

164 543 288 589 tuos
326 543 422 587 aut
455 535 623 587 vitam
661 541 809 586 tuam
846 541 941 586 aut
980 533 1277 604 quidquam
1313 541 1531 586 tuorum
1587 533 1739 602 *luris
1777 533 1855 584 fa-

165 625 286 660 cere
325 625 484 676 quam
521 605 801 673 iustitiam,
841 613 930 674 ut,
973 625 1139 675 quum
1175 604 1487 676 perveneris
1525 553 1603 656 adJ
1629 604 1853 670 inferOS,

163 677 299 731 haec
348 677 530 730 omnia
577 675 724 747 apud
752 695 894 740 eos,
961 677 1055 746 qui
1112 676 1188 729 ibi
1233 675 1519 747 imperium
1579 682 1853 742 exercent,

162 767 262 819 pro
304 762 358 801 te
394 746 586 801 afferre
625 748 824 817 possis,
902 747 1044 800 Nam
1080 756 1143 800 ut
1179 747 1265 800 hic
1303 747 1510 818 egeriS,
1567 747 1647 799 ita
1693 746 1856 798 etiam

161 819 273 873 illic
310 819 412 873 tibi
447 819 563 872 erit.
647 819 812 872 Nunc
844 819 1010 891 igitur
1049 819 1095 872 si
1134 818 1310 872 abibis
1348 818 1502 885 illuc,
1543 817 1741 870 iniuria
1779 817 1855 869 af-

161 891 339 944 fectus
378 891 585 958 abibis,
624 909 726 942 nec
761 898 944 943 tamen
983 910 1015 943 a
1051 891 1252 943 nobis
1301 889 1613 960 legibue,
1653 888 1751 942 sed
1786 889 1854 941 ab

162 961 585 1016 hominibus,
661 960 761 1015 Sin
784 970 789 978 '⁴
812 969 994 1014 autem
1030 960 1154 1013 hinc
1193 978 1445 1031 egressus
1483 961 1737 1012 iniuriam
1773 960 1856 1012 in-

161 1034 300 1085 iuria
338 1033 590 1085 retuleris
638 1041 692 1083 et
739 1031 922 1084 datam
969 1032 1130 1085 nobis
1167 1031 1331 1083 fidem
1369 1029 1689 1099 violaveris,
1725 1041 1855 1082 “tum

160 1105 311 1174 leges
348 1102 497 1172 apud
530 1103 736 1155 inferos
774 1103 1023 1173 vigentes
1059 1110 1114 1155 te
1138 1102 1562 1171 haudquaquam
1584 1101 1857 1172 excipient

161 1173 455 1242 benevole,
504 1180 696 1244 utpote
748 1173 1015 1242 scientes,
1065 1181 1302 1227 nostram
1354 1180 1409 1225 te
1448 1173 1695 1225 molitum
1732 1191 1855 1226 esse

200 1244 470 1301 erniciem.
543 1245 741 1314 Itaque
779 1243 991 1298 Critoni
1026 1245 1139 1298 noli
1177 1244 1550 1315 obtemperare
1590 1245 1695 1296 alia
1731 1263 1854 1297 sua-

200 1316 329 1369 enti.

258 1389 263 1395 “
302 1387 407 1440 His
459 1387 708 1440 omnibus
757 1406 885 1439 vero
924 1387 1002 1440 ita
1057 1387 1370 1459 explicatis,
1421 1394 1714 1457 postquam
1752 1384 1855 1439 So-

161 1466 338 1512 crates
377 1457 555 1511 denuo
597 1459 932 1511 asseveravit
969 1458 1035 1512 de
1075 1479 1262 1512 eorum
1299 1459 1529 1511 veritate
1569 1457 1673 1511 sibi
1695 1457 1854 1528 plane

161 1549 280 1584 esse
321 1549 668 1599 persuasum,
711 1528 865 1582 Crito
903 1550 1023 1584 sese
1059 1530 1281 1583 tandem
1316 1549 1378 1583 eo
1417 1529 1696 1582 redactum
1735 1546 1856 1581 esse

160 1601 391 1670 fatetur,
431 1609 494 1654 ut
527 1621 637 1653 non
676 1601 904 1672 amplius
938 1602 1140 1656 habeat
1175 1601 1321 1671 quod
1360 1609 1551 1655 contra
1596 1599 1855 1670 disputet.

162 1671 439 1740 Quocirca
465 1671 722 1726 Socrates
761 1673 995 1743 denique
1032 1675 1122 1743 pie
1154 1673 1507 1742 acquiescens
1546 1672 1716 1725 divini
1755 1691 1856 1724 nu-

161 1744 318 1797 minis
354 1744 660 1796 voluntate:
698 1745 864 1797 Mitte
900 1746 1069 1816 igitur
1106 1746 1237 1813 ista,
1282 1765 1312 1797 o
1351 1745 1524 1813 bone,
1563 1743 1760 1811 inquit,
1802 1752 1857 1795 et

161 1815 421 1868 faciamus
459 1816 570 1883 sic,
610 1824 671 1867 ut
705 1817 856 1870 iubet
894 1817 1223 1884 necessitas,
1267 1814 1712 1885 quandoquidem
1755 1814 1856 1867 hac

160 1887 250 1939 via
283 1905 385 1940 nos
422 1885 556 1939 deus
594 1885 762 1940 ducit.

302 1957 492 2011 Habes
529 1958 633 2015 iam
669 1958 792 2011 libri
831 1960 1210 2030 argumentum
1257 1959 1314 2010 in
1367 1957 1520 2011 brevi
1557 1972 1854 2026 conspectu

161 2029 414 2101 positum.
490 2027 658 2096 Quod
694 2030 913 2099 quidem
964 2029 1121 2083 nobis
1158 2030 1498 2082 intuentibus
1537 2028 1855 2097 neutiquam

162 2098 378 2152 videtur
425 2098 662 2152 dubitari
697 2121 891 2171 posse,
942 2100 1074 2169 quin
1122 2101 1376 2154 universa
1423 2099 1677 2170 scriptiO,
1730 2099 1776 2152 si
1824 2119 1856 2150 a

163 2171 379 2224 scenico
426 2178 719 2241 apparatu,
776 2171 1068 2224 admodum
1107 2172 1341 2242 simplici
1377 2171 1502 2238 illo,
1541 2169 1854 2223 discesseri-

163 2261 312 2310 mus,
374 2240 586 2295 duabus
648 2243 893 2312 partibus
950 2243 1220 2311 primariis
1282 2242 1610 2295 absolvatur.
1709 2241 1855 2293 Nam

201 2314 341 2366 riore
377 2319 568 2383 parte,
609 2331 747 2382 quae
790 2313 1073 2367 exordium
1109 2313 1312 2384 excipit
1349 2320 1404 2366 et
1439 2311 1566 2365 inde
1607 2332 1638 2364 a
1673 2331 1728 2381 p.
1765 2315 1852 2364 44.

219 2427 229 2438 .
265 2402 439 2453 usque
477 2382 546 2435 ad
583 2405 636 2454 p.
676 2387 760 2438 46.
799 2386 870 2438 A.
909 2392 1043 2437 extr.
1081 2383 1448 2455 pertenditur,
1497 2401 1723 2436 caussae
1774 2391 1854 2435 at-

163 2474 269 2525 que
307 2456 544 2508 rationes
583 2455 946 2527 explicantur,
985 2457 1181 2526 quibus
1220 2454 1371 2508 Crito
1411 2454 1695 2510 Socratem
1732 2474 1854 2525 per-

161 2545 378 2581 movere
417 2525 619 2595 studet,
660 2534 722 2579 ut
759 2545 973 2580 carcere
1003 2526 1224 2599 publico
1252 2527 1443 2580 relicto
1469 2545 1598 2579 suae
1637 2533 1692 2578 et
1728 2545 1855 2579 suo-

162 2617 280 2651 rum
317 2597 478 2651 saluti
518 2599 788 2667 consulat,
826 2598 955 2650 dum
977 2598 1292 2670 aufugiendi
1323 2598 1702 2669 opportunitas
1727 2597 1856 2651 data

165 2669 251 2722 sit.
327 2666 482 2736 Quae
535 2669 753 2738 quidem
804 2670 1043 2723 rationes
1081 2689 1189 2723 non
1225 2677 1336 2722 tam
1376 2690 1442 2722 ex
1477 2668 1855 2740 philosophiae

163 2758 306 2811 penu
354 2758 514 2810 quam
563 2759 629 2793 ex
674 2741 820 2794 vitae
871 2760 978 2792 usu
1026 2740 1339 2812 depromtae
1391 2748 1546 2809 sunt,
1595 2748 1658 2794 ut
1692 2740 1854 2811 plane

161 2812 401 2865 referant
436 2809 678 2865 Critonis
727 2812 1004 2884 ingenium
1053 2812 1325 2882 animique
1362 2811 1636 2880 indolem,
1693 2830 1854 2882 quem

163 2889 323 2934 antea
358 2881 593 2935 vidimus
631 2883 776 2936 vitae
801 2884 1099 2936 communis
1133 2902 1291 2952 quam
1315 2882 1690 2955 philosophiae
1726 2884 1854 2936 sub-

163 2952 376 3005 tilitatis
415 2953 585 3005 fuisse
623 2954 990 3008 curiosiorem.
1067 2954 1287 3026 Repetit
1314 2956 1454 3008 enim
1480 2973 1719 3022 caussae,
1759 2972 1856 3007 cur

167 3023 382 3078 Socrati
407 3023 726 3094 fugiendum
748 3026 840 3094 sit,
854 3026 942 3078 vel
962 3044 1028 3077 ex
1044 3024 1320 3078 hominum
1344 3026 1743 3079 existimatione
1767 3026 1855 3078 vel

166 3114 233 3148 ex
265 3094 491 3162 iustitia,
531 3113 690 3164 quam
724 3104 904 3164 vocat,
943 3096 1047 3149 hoc
1086 3103 1171 3150 est
1206 3117 1272 3150 ex
1307 3117 1437 3151 cura
1469 3095 1654 3150 liberis
1682 3097 1854 3167 ipsius

165 3173 329 3236 atque
367 3165 470 3218 sibi
508 3174 562 3218 et
599 3165 952 3220 familiaribus
995 3166 1206 3236 debita,
1247 3169 1534 3222 omninove
1574 3187 1640 3220 ex
1677 3187 1854 3219 rerum

168 3245 511 3290 externarum
561 3235 989 3306 conditionibus,
1050 3239 1128 3291 ita
1174 3239 1422 3308 quidem,
1485 3248 1546 3292 ut
1600 3238 1854 3293 Socrates

165 3310 369 3378 passim
414 3308 670 3362 continuo
708 3308 1048 3380 interponat,
1105 3329 1242 3379 quae
1278 3318 1467 3364 contra
1505 3309 1737 3364 dicenda
1775 3308 1854 3360 vi-
