2158 3718
330 144 430 196 166
957 139 1445 198 PLATONIS

323 297 494 364 ἐρεῖν·
541 292 724 344 καίτοι
768 296 826 346 ὲν
869 286 1062 354 ἄλλοις
1104 288 1293 357 λόγοις
1338 292 1621 362 πολλαχοῦ
1647 287 1714 357 δή
1753 312 1818 363 με
1852 295 2032 363 ἐπέσχε

325 377 561 440 λέγοντα
589 371 812 444 μεταξύ.
860 377 983 430 νυνὶ
1010 376 1066 428 δὲ
1095 372 1349 445 οὐδαμοῦ
1385 378 1508 447 περὶ
1537 370 1718 442 αὐτὴν
1748 373 1852 442 τὴν
1888 379 2033 447 πρᾶ-

325 459 410 525 ξιν
455 453 564 513 οὔτ’
616 464 675 512 ἐν
704 460 841 529 ἔργῳ
876 458 1060 514 οὐδενὶ
1103 453 1212 533 οὕ,τ’
1256 465 1314 513 ἐν
1350 458 1496 529 λόγῳ
1542 459 1882 525 ἠναντίωταί
1919 483 2033 531 μοι.

326 545 382 597 τί
424 533 527 597 οὗν
571 540 756 597 αἴτιον
803 541 945 597 εἶναι
985 541 1404 612 ὑπολαμβάνω;
1450 540 1549 612 ἐγώ
1584 541 1715 615 ὑμῖν
1747 546 1878 614 ἐρῶ·
1923 565 2033 600 mv-

327 625 539 681 δυνεύει
595 623 704 695 γάρ
764 649 864 696 μοι
921 623 982 681 τὸ
1032 625 1372 698 ξυμβεβηκὸς
1429 630 1598 683 τοῦτο
1659 626 1895 698 ἀγαθὸν
1949 650 2036 698 γε·

330 715 568 778 γονέναι,
611 712 705 767 καὶ
748 710 850 765 οὐκ
899 708 1028 766 ἔσθ’
1086 708 1236 776 ὅπως
1266 710 1422 782 ἡμεῖς
1465 710 1661 783 ὀρθῶς
1703 710 2034 784 ὑπολαμβά-

234 809 281 865 C
328 814 512 865 νομεν,
555 789 682 848 ὅσοι
726 793 974 864 οἰόμεθα
1012 793 1187 850 κακὸν
1248 793 1389 851 εἶναι
1433 793 1496 851 τὸ
1544 795 1840 852 τεθνάναι.
1896 803 2034 867 μέγα

326 901 423 950 μοι
468 875 765 950 τεκμήριον
808 878 1017 935 τούτου
1061 886 1309 950 γέγονεν·
1355 878 1420 936 οὐ
1463 877 1570 951 γὰρ
1595 879 1714 935 ἔσθ’
1758 878 1907 945 ὅπως
1934 881 2036 937 οὐκ

330 1102 370 1146 6
403 1044 595 1144 Fas-‘og
611 1057 677 1154 {v
692 1040 749 1141 tbi]
761 1057 877 1143 ι1)οτι·η
889 1058 1037 1143 vDSn'I‘3
1049 1045 1199 1155 Jquffdc
1215 1044 1370 1145 νῗτῗιῗῐιι
1396 1044 1509 1144 gite
1527 1043 2035 1155 αῗξιῖιῖῑθξεῖῃῖεὲῐεέ-

331 1172 426 1201 sum
458 1158 553 1210 ἐμοὶ
586 1156 632 1199 δὲ
661 1156 760 1199 οὔτε
797 1157 844 1210 ἐξ
891 1160 974 1200 κτλ.
1011 1162 1130 1203 Vett.
1163 1162 1282 1203 editt.
1320 1161 1414 1215 περὶ
1447 1158 1604 1213 ταύτην
1638 1174 1670 1203 τ.
1704 1173 1788 1212 πμ,
1820 1162 1939 1212 quod
1964 1174 2034 1203 re-

330 1218 458 1259 tinuit
488 1217 778 1258 Bekkerus
824 1218 1034 1269 probante
1078 1219 1253 1263 Herm.
1288 1218 1451 1261 Deinde
1493 1221 1589 1260 loco
1634 1220 1743 1271 vulg.
1787 1212 2035 1272 ἠναντιώθη

333 1288 386 1316 ex
416 1276 567 1317 iisdem
601 1274 729 1316 codd.
773 1268 1024 1326 ἠναντίωται
1055 1277 1338 1319 restituimus.

447 1333 496 1373 C.
542 1329 835 1385 τεκμήριον
876 1331 1108 1388 τούτου]
1137 1335 1225 1425 V.
1271 1335 1413 1382 τοῦτο,
1451 1332 1566 1386 quod
1601 1337 1809 1373 mutatum
1849 1347 1873 1374 e
1909 1333 2032 1376 Bodl.

330 1393 428 1432 Vat.
461 1391 567 1434 Ven.
600 1390 640 1434 b
672 1391 802 1431 Vind.
834 1390 874 1434 4.
912 1391 1026 1432 Flor.
1061 1391 1102 1433 d.
1168 1393 1308 1435 ..Par
1346 1391 1474 1433 DST.

447 1449 767 1501 μετοίκησις
798 1449 857 1501 τῇ
887 1450 1044 1504 ψυχῇ]
1081 1449 1152 1490 Sic
1187 1450 1310 1491 Bodl.
1337 1450 1440 1492 Ven.
1472 1449 1513 1492 b.
1545 1447 1668 1491 Vind.
1699 1447 1739 1490 1.
1771 1446 1810 1490 4.
1845 1448 1883 1491 6.
1921 1447 2034 1489 Flor.

330 1568 686 1613 consuesset,
743 1577 766 1604 a
828 1563 931 1606 deo
990 1565 1144 1617 quasi
1228 1564 1396 1619 ἐγένετο
1443 1562 1492 1605 τὸ
1542 1560 1710 1604 εἰωθὸς
1756 1567 1931 1616 σημεῖον
1987 1561 2034 1603 τὸ

332 1622 458 1663 mali
500 1621 724 1662 alicuius
768 1621 1142 1674 imprudentis
1228 1622 1466 1673 δαιμόνιον.

331 1680 531 1721 datum.
1380 1679 1614 1723 ..XXXII
1647 1677 1696 1718 C.
1739 1671 2036 1735 Ἐννοήσω-

391 1738 440 1780 Β.
482 1735 708 1791 λέγοντα
745 1734 975 1790 μεταξύ]
1023 1736 1061 1778 h.
1103 1752 1140 1781 e.

332 1809 396 1837 eo
438 1796 560 1849 ipso
601 1800 869 1847 tempore,
920 1808 1022 1847 quo
1065 1795 1138 1836 di·

331 1853 541 1902 cebam,
626 1853 773 1892 inter
833 1853 1141 1902 dicendum,-

331 1911 524 1951 mitten
559 1909 618 1950 im
650 1903 858 1950 Reden.
891 1910 1054 1962 Thena.
1095 1925 1136 1964 p.

331 1967 425 2012 128
450 1969 506 2009 E:
537 1965 582 2007 λέ
561 1979 740 2037 eyovzos
773 1969 856 2008 σοῦ
882 1967 1036 2020 μεταξὺ
1069 1967 1138 2022 γὲ-

330 2029 432 2080 γονέ
458 2040 530 2077 μοι
552 2020 576 2078 ἡ
595 2022 720 2078 φωνὴ
749 2021 774 2078 ἦ
797 2027 876 2067 τοῦ
896 2025 1136 2076 δαιμονιᾝου

330 2088 395 2126 De
420 2083 583 2136 republ.
620 2083 649 2124 l.
675 2096 714 2135 p
733 2083 818 2128 336
864 2089 918 2125 Α.
952 2085 1020 2125 καὶ
1049 2083 1137 2125 δια-

329 2140 567 2196 λεγομένων
599 2136 716 2193 ἡμων
732 2140 891 2193 μεταξὺ
921 2139 1039 2195 ὥρμα
1064 2139 1138 2183 οἶν-

328 2198 665 2252 τιλαμβάνεσθαι
698 2200 776 2239 τοῦ
807 2197 956 2253 λόγου.
1002 2201 1138 2242 Plura

328 2259 490 2300 dabunt
522 2257 756 2299 Reizius
791 2259 842 2298 ad
880 2259 1055 2300 Lucian.
1084 2258 1138 2300 T.

326 2318 363 2357 Ι.
395 2331 434 2370 p.
466 2315 551 2360 730
596 2315 922 2369 Wesseling.
956 2316 1008 2357 ad
1049 2317 1138 2358 l-le-

327 2375 470 2417 rodot.
506 2373 573 2415 lV.
609 2386 649 2424 p.
682 2373 781 2416 350.
814 2375 1052 2426 Viget-ns
1085 2374 1139 2414 de

326 2431 455 2473 ldiot'.
506 2445 546 2482 p.
587 2429 673 2474 418
723 2443 787 2483 sq.
837 2432 1035 2472 Astius
1085 2432 1137 2471 ad

327 2491 463 2531 Polit.
511 2487 611 2531 349.
662 2489 714 2531 cf.
758 2489 914 2529 Rost.
962 2489 999 2541 ξ.
1040 2489 1138 2532 130.

327 2553 416 2589 not.
449 2546 491 2589 3.
523 2560 560 2588 a.

385 2606 435 2644 τί
471 2597 571 2644 οὖν
611 2625 666 2632 —-
709 2599 1136 2656 dnokapssde;]

326 2661 421 2703 Non
461 2666 528 2702 est
574 2660 688 2712 quod
731 2661 1019 2712 interrogandi
1060 2675 1135 2701 no·

326 2725 412 2760 tam
445 2731 540 2759 cum
575 2723 791 2759 commate
826 2723 1134 2770 permutemus,

325 2777 451 2817 sicuti
485 2776 623 2817 voluit
648 2774 924 2828 Steplianus3
957 2787 1042 2826 quo
1073 2775 1137 2816 fa-

325 2839 396 2875 cto
446 2836 584 2874 oratio
649 2835 841 2885 multum·
885 2834 1045 2884 vigoris
1095 2838 1138 2874 et

325 2892 557 2933 alacritatis
597 2891 770 2932 amittit.
835 2890 989 2931 Solent
1028 2891 1138 2931 enim

324 2949 438 3003 apud
463 2949 688 2989 Platonem
727 2949 773 2998 ii,
807 2949 878 3000 qui
912 2950 1138 2999 loquentes

322 3006 671 3052 introducuntur,
715 3019 761 3046 se
794 3006 914 3057 ipsos
944 3006 1131 3047 interro-

322 3077 426 3118 gare
457 3077 506 3104 ac
537 3062 693 3105 deinde
725 3063 777 3102 ad
803 3077 874 3112 ea,
908 3075 1020 3115 quae
1053 3064 1132 3104 du-

321 3124 392 3164 bia
412 3122 654 3171 videantur,
674 3121 758 3169 ipsi
776 3121 1054 3173 respondere.
1082 3144 1130 3152 --

321 3180 428 3222 Mox
459 3175 551 3220 οὐκ
586 3173 702 3219 ἔσθ’
726 3174 873 3219 ὅπως
895 3181 1130 3220 estnullo

321 3236 487 3286 modo.
535 3237 589 3281 cf.
631 3235 815 3279 Matth.
861 3235 895 3288 §.
936 3235 1036 3280 482.
1086 3237 1126 3281 2.

318 3296 390 3339 De
405 3295 613 3349 proximis
630 3308 654 3334 v
645 3293 772 3336 erbis
792 3293 847 3334 cf.
869 3293 1125 3348 Euthydem.

321 3366 364 3408 p.
407 3354 507 3398 272.
546 3353 602 3409 E:
641 3348 923 3402 ἀνισταμένου
964 3350 1011 3392 δέ
1040 3367 1125 3402 μου

1226 1753 1317 1789 μεν
1325 1696 1419 1779 ῃδὲ
1465 1738 1551 1778 καὶ
1590 1734 1710 1788 τῇδε
1740 1736 1830 1789 -]
1892 1735 2037 1778 Maxi-

1228 1811 1335 1838 mam
1372 1797 1495 1838 huius
1527 1795 1730 1836 sectionis
1762 1798 1927 1848 partem
1958 1807 2036 1836 ex-

1226 1855 1398 1906 scripsit
1478 1853 1752 1894 Eusebius
1826 1852 2034 1905 Praepar.

1220 1913 1385 1966 Evang.
1417 1925 1456 1966 p.
1480 1911 1563 1955 661
1585 1910 1653 1952 ed.
1680 1910 1819 1959 Viget.
1845 1914 1888 1950 et
1911 1910 2036 1950 Sto-

1223 1971 1390 2011 baeus
1443 1969 1646 2010 Sermon.
1696 1967 1793 2010 119.
1850 1981 1890 2020 p.
1935 1967 2032 2012 606.

1225 2028 1362 2068 Vertit
1431 2028 1532 2068 item
1597 2026 1794 2066 Cicero
1857 2025 2033 2069 Tuscul.

1220 2086 1399 2138 Disput.
1436 2085 1464 2125 l.
1494 2084 1566 2128 41.
1595 2083 1784 2129 vInitium
1821 2083 1911 2123 eius
1945 2085 2036 2124 lau·

1224 2144 1298 2184 dat
1367 2142 1704 2183 Tlieodoret.
1772 2139 2035 2193 Tlierapeut.

1224 2201 1365 2242 Serm.
1394 2200 1470 2240 Xl.
1515 2214 1554 2252 p.
1586 2198 1685 2242 651.
1730 2203 1774 2239 et
1804 2198 1880 2240 linc
1913 2199 2035 2240 deni-

1225 2271 1310 2312 que
1364 2259 1544 2311 respicit
1596 2257 1935 2298 Plutarchus
1993 2258 2034 2297 in

1227 2317 1451 2358 Consolat.
1490 2317 1542 2357 ad
1579 2314 1822 2368 Apollon.
1862 2328 1902 2367 p.
1935 2314 2033 2359 107.

1226 2374 1260 2415 F
1276 2388 1300 2414 o
1320 2379 1552 2414 rsterus.

1280 2431 1474 2471 Δυοῖν
1566 2426 1661 2483 γὰρ
1758 2425 2033 2483 θάτερον]

1225 2490 1435 2538 Prorsus,
1476 2492 1522 2528 ut
1570 2488 1632 2528 liic
1672 2486 1878 2526 Socrates
1918 2488 2035 2540 apud

1221 2544 1472 2598 Xenopli.
1515 2546 1672 2599 Cyrop.
1712 2543 1842 2583 VIII.
1875 2544 1923 2593 7,
1963 2546 2033 2589 19,

1223 2604 1409 2656 loquitur
1442 2605 1577 2653 Cyrus
1608 2601 1810 2651 moriens,
1844 2604 1916 2643 cui
1943 2602 2032 2644 Xe-

1224 2660 1393 2713 nophon
1434 2659 1604 2700 videtur
1648 2660 1913 2702 Socraticam
1959 2661 2035 2702 tri-

1224 2720 1371 2760 buisse
1395 2716 1666 2770 sapientiam.
1720 2715 1897 2759 Videtur
1923 2719 2034 2760 enim

1221 2778 1331 2817 haec
1363 2775 1570 2815 sententia
1590 2777 1715 2827 plane
1752 2787 1850 2817 esse
1867 2774 2034 2817 Socra·

1224 2835 1327 2875 tica:
1369 2845 1463 2872 nam
1504 2833 1543 2872 in
1580 2832 1815 2873 Phaedone
1859 2833 2032 2885 quidem

1223 2893 1403 2942 aliisque
1429 2890 1544 2931 libris
1565 2889 1770 2931 Socrates
1791 2901 1873 2931 non
1894 2903 2031 2943 suam,

1223 2949 1300 2991 sed
1338 2948 1531 2989 Platonis
1561 2948 1798 2989 doctrinam
1830 2949 2033 3001 explicat.

1219 3006 1407 3047 Ironiam
1451 3006 1489 3045 in
1539 3004 1600 3046 his
1651 3005 1791 3048 verbis
1834 3005 2032 3048 Socratis

1219 3065 1361 3105 inesse
1393 3062 1545 3104 statuit
1574 3063 1770 3104 Cicero
1793 3061 1973 3107 Tuscnl.
2000 3065 2030 3106 1.

1215 3121 1286 3165 42.
1343 3126 1459 3162 recte
1523 3121 1804 3162 dissentiente
1854 3122 1903 3162 C.
1958 3121 2030 3166 Fr.

1220 3180 1535 3221 Hermanno
1559 3179 1723 3220 Histor.
1743 3176 1905 3221 Pliilos.
1932 3180 2029 3220 Pla-

1216 3243 1306 3279 ton.
1346 3238 1382 3280 I.
1419 3250 1458 3289 p.
1490 3235 1578 3280 684
1610 3249 1672 3288 sq.

1274 3291 1300 3349 ἢ
1341 3291 1440 3348 γὰρ
1483 3290 1605 3335 ocov
1645 3289 1811 3344 μηδὲν
1839 3287 2029 3343 εἶναιΙ

1213 3352 1251 3397 ll.
1284 3366 1323 3395 e.
1356 3349 1556 3394 τοιοῦτόν
1596 3362 1633 3391 τε
1662 3346 1766 3392 clim
1803 3349 1934 3404 μηδὲ)
1966 3366 2031 3392 ει-
