2158 3718
1324 6 1331 13 ‹
1343 0 1350 2 ··
1358 0 1429 23 -·=·⁷-⁴':,·
1482 6 1490 11 ν»
1499 2 1512 9 „.
1522 2 1533 11 ⁴
1607 0 1715 25 *ψ
1726 0 1767 22 ν
1775 0 1869 25 ’μετεω-

287 130 356 182 62
922 100 1418 174 PROLEGOMENA

286 271 508 331 Philolai,
537 274 676 323 cuius
702 274 880 338 scripta
909 275 1066 323 fertur
1093 275 1143 322 in
1170 273 1303 324 Italia
1331 275 1564 324 inferiore
1591 275 1830 325 coemisse
1845 272 1895 339 ¹).
1942 276 2063 326 Cum

287 359 403 393 vero
439 343 578 393 Plato
618 346 973 394 accuratiorem
1017 344 1213 408 quidem
1258 350 1390 394 certe
1425 346 1679 395 doctrinae
1715 346 2065 411 Pythagoricae

288 415 620 479 cognitionem
658 431 757 464 non
793 417 930 479 prius
967 431 1114 480 quam
1153 414 1355 465 lustrata
1398 415 1530 466 ltalia
1581 417 1814 466 inferiore
1859 416 2065 481 adeptus

239 523 243 526 .
287 483 422 551 sit²)‚
462 486 575 535 inde
602 501 798 551 quoque
825 487 1115 535 necessitate
1142 486 1349 549 quadam
1378 487 1608 543 efficitur,
1638 493 1692 536 ut
1718 487 1914 537 Phaedo
1941 486 2063 537 mul-

286 557 347 605 tis
388 556 586 607 demum
623 558 762 606 annis
799 563 910 620 post
945 557 1158 606 Socratis
1196 557 1385 606 obitum
1421 559 1633 621 scriptus
1673 574 1779 608 esse
1818 558 2064 623 putandus

286 628 361 676 sit.
415 626 502 677 Cui
538 628 716 677 rationi
754 643 843 676 nec
880 626 995 677 illud
1034 628 1346 685 adversatur,
1393 628 1522 693 quod
1566 628 1720 679 Cebes
1757 635 1804 678 et
1839 629 2066 679 Simmias

286 697 539 756 Thebani,
571 697 866 748 Philolaicae
904 699 1170 763 sapientiae
1208 699 1378 748 notitia
1411 699 1610 758 imbuti,
1649 699 1835 749 Platoni
1863 701 1958 750 iam
1985 699 2064 748 illa

286 773 465 826 aetate,
505 784 599 833 qua
627 769 855 820 Socrates
890 786 1046 834 usque
1084 771 1132 817 in
1170 771 1283 819 vivis
1322 770 1436 826 fuit,
1465 769 1595 819 illius
1622 771 1948 835 cognitionem
1974 771 2062 819 im-

284 840 472 904 pertire
498 845 781 904 potuerunt.
835 840 958 889 Nam
994 841 1109 905 quid
1136 842 1209 890 rei
1236 842 1320 898 sit,
1357 841 1567 904 scriptor
1594 842 1700 905 ipse
1729 857 1823 890 non
1853 840 2064 890 obscure

285 909 587 972 significavit.
628 911 719 969 Qui
747 911 877 975 quod
906 911 1158 961 Socratem
1186 911 1302 962 fecit
1329 911 1390 961 de
1416 910 1618 960 Philolai
1645 913 1884 967 sententia
1910 913 2064 961 inter-

283 986 565 1044 rogantem,
607 981 836 1031 Cebetem
877 989 1039 1032 autem
1074 983 1455 1047 respondentem
1485 982 1773 1047 explicatam
1799 981 1931 1032 illam
1959 998 2065 1032 esse

286 1051 346 1101 ab
373 1054 479 1117 ipso
508 1059 708 1103 auctore
738 1053 1012 1110 obscurius
1042 1054 1122 1102 hic
1150 1055 1265 1117 ipsis
1294 1053 1454 1102 verbis
1481 1055 1597 1103 satis
1633 1059 1803 1119 aperte
1838 1053 2066 1104 indicavit

284 1122 406 1171 nihil
441 1124 534 1172 nisi
567 1124 785 1173 incertos
822 1140 1051 1174 rumores
1085 1131 1186 1173 tum
1215 1125 1274 1174 de
1301 1125 1390 1172 viri
1417 1125 1635 1173 doctrina
1663 1125 1876 1175 Athenas
1901 1124 2064 1190 perla-

285 1201 360 1242 tos
395 1194 567 1250 fuisse,
617 1195 747 1244 unde
785 1194 844 1244 de
877 1197 1010 1245 omni
1046 1197 1150 1246 eius
1188 1196 1377 1245 ratione
1414 1197 1594 1245 certius
1637 1197 1794 1260 repeti
1829 1196 2064 1245 iudicium

286 1280 383 1313 non
410 1266 639 1330 potuerit.
691 1266 859 1330 Itaque
897 1268 1096 1316 omnino
1133 1267 1330 1332 quidem
1368 1268 1438 1315 sic
1466 1267 1840 1316 existimandum
1878 1272 1972 1324 est,
2012 1273 2066 1316 ut

284 1334 540 1385 Platonem
578 1351 866 1386 censeamus
899 1338 1129 1387 iuvenem
1157 1337 1354 1403 quidem
1382 1337 1542 1402 aliqua
1569 1337 1923 1403 Pythagoricae
1950 1337 2065 1386 doc-

284 1407 442 1456 trinae
479 1408 648 1457 notitia
684 1407 837 1457 imbui
874 1410 1116 1472 potuisse,
1154 1409 1238 1458 sed
1274 1413 1444 1474 postea
1475 1409 1671 1458 demum
1698 1411 1858 1458 virum
1883 1409 2063 1458 factum

284 1493 374 1543 per
410 1478 596 1528 itineris
631 1479 679 1527 in
713 1477 897 1528 Italiam
939 1481 1152 1545 suscepti
1192 1480 1608 1545 opportunitatem
1646 1479 1916 1544 pleniorem
1962 1480 2065 1529 eius

286 1549 616 1613 cognitionem
645 1551 916 1614 accepisse,
945 1551 1077 1600 unde
1105 1550 1164 1600 ad
1202 1566 1339 1600 suam
1370 1552 1522 1614 ipsius
1559 1552 1805 1600 rationem*
1836 1549 2062 1601 excolen-

285 1618 398 1669 dam
435 1620 884 1685 perficiendamque
919 1623 1161 1687 proficere
1195 1623 1424 1686 potuerit.
1477 1621 1530 1670 Id
1558 1622 1686 1687 quod
1716 1621 1860 1686 plane
1888 1637 2063 1672 conve-

285 1691 356 1739 nit
393 1706 505 1740 cum
541 1692 832 1741 testimoniis
868 1694 1132 1758 antiquitus
1158 1693 1381 1757 proditiS,
1412 1708 1623 1757 quorum
1649 1693 1794 1742 fidem
1824 1699 1871 1742 et
1897 1699 2064 1743 aucto-

282 1761 474 1811 ritatem
503 1762 724 1812 nondum
752 1779 778 1811 a
806 1778 1050 1828 quoquam
1089 1779 1306 1813 eversam
1346 1779 1451 1813 esse
1479 1769 1561 1813 aut
1587 1763 1927 1814 labefactatam
1954 1765 2064 1814 iure

283 1837 452 1882 nostro
481 1834 782 1883 contendere
807 1834 1045 1884 videmur.

427 1904 524 1954 Sed
549 1907 690 1954 tertia
729 1919 925 1970 quoque
960 1921 1103 1955 causa
1143 1911 1216 1956 est
1242 1922 1329 1955 cur
1356 1905 1492 1955 Plato
1520 1905 1830 1956 Phaedonem
1860 1921 2062 1971 provec-

284 1975 408 2025 tiore
435 1975 633 2025 demum
661 1981 818 2025 aetate
845 1978 1101 2042 scripsisse
1131 1977 1483 2028 existimandus
1509 1977 1581 2026 sit.
1618 1978 1904 2028 Continetur
1931 1978 2059 2027 enim

283 2047 363 2096 hic
413 2045 632 2111 dialogus
682 2048 954 2098 arctissime
1003 2050 1278 2112 argumenti
1328 2048 1538 2113 quadam
1599 2050 1890 2111 cognatione
1951 2063 2061 2098 cum

281 2117 508 2167 Phaedro
536 2124 582 2167 et
609 2119 880 2183 Symposio.
918 2119 1041 2168 Nam
1069 2125 1122 2168 ut
1148 2119 1238 2168 alia
1266 2125 1540 2175 taceamus,
1571 2133 1694 2184 quae
1720 2119 1817 2169 huc
1843 2121 2063 2169 revocari

280 2190 493 2255 possint,
530 2188 713 2239 habent
736 2190 991 2240 Phaedrus
1025 2196 1073 2239 et
1099 2190 1411 2255 Symposium
1437 2192 1650 2255 primum
1677 2190 1795 2240 illud
1822 2191 2065 2255 imprimis¹

281 2261 613 2325 propositum,
653 2261 783 2325 quod
819 2263 888 2311 vis
928 2267 974 2311 et
1012 2268 1183 2311 natura
1220 2263 1369 2311 animi
1406 2262 1565 2310 divina
1605 2268 1751 2326 atque
1788 2267 1986 2311 aeterna
2012 2262 2061 2310 in

281 2329 548 2381 illustriore
575 2331 683 2380 luce
711 2330 983 2382 collocatur
1009 2339 1155 2398 atque
1184 2349 1239 2383 ea
1267 2348 1374 2382 esse
1402 2333 1647 2397 arguitur,
1688 2348 1814 2397 quae
1839 2332 2059 2382 idearum

284 2408 330 2451 et
363 2416 531 2452 rerum
569 2403 842 2453 divinarum
877 2405 1044 2470 utique
1083 2419 1233 2468 capax
1269 2405 1344 2453 sit.
1397 2404 1495 2452 Iam
1534 2419 1647 2453 vero
1683 2403 1797 2469 quid
1834 2403 2060 2453 Phaedo‘?

282 2472 526 2522 Nimirum
554 2480 775 2523 versatur
800 2474 879 2523 hic
906 2475 1147 2540 imprimis
1182 2476 1230 2524 in
1258 2475 1518 2524 asserenda
1549 2476 1822 2524 animorum
1852 2476 2059 2524 aeterni-

282 2549 401 2600 tate,
440 2559 535 2608 qua
570 2560 664 2593 una
704 2545 902 2594 demum
937 2546 1043 2594 fieri
1080 2551 1262 2610 potest,
1301 2552 1354 2594 ut
1389 2547 1576 2594 animus
1602 2547 1651 2593 in
1679 2561 1847 2594 rerum
1874 2545 2058 2594 divina-

280 2630 393 2663 rum
429 2616 825 2664 communionem
862 2617 1113 2680 perveniat
1148 2623 1294 2680 atque
1332 2617 1624 2678 cognitionis
1660 2615 1881 2664 idearum
1908 2618 2059 2680 parti-

280 2700 395 2750 ceps
421 2686 518 2734 fiat.
567 2686 724 2735 Porro
751 2688 801 2734 in
827 2686 1053 2735 Phaedro
1082 2688 1272 2735 animus
1299 2702 1324 2734 a
1352 2702 1520 2735 rerum
1542 2686 1812 2735 divinarum
1843 2685 2059 2736 celsitate

280 2762 328 2805 et
370 2754 627 2804 altitudine
673 2757 732 2805 ad
778 2756 978 2805 humilia
1002 2772 1070 2813 ¹ac
1108 2762 1305 2806 terrena
1343 2756 1570 2821 delapsus
1608 2755 1715 2806 talis
1750 2757 2056 2813 informatur,

280 2827 362 2891 qui
396 2831 585 2875 servato
627 2832 674 2875 et
710 2828 893 2875 nutrito
931 2842 1095 2876 rerum
1126 2827 1398 2876 divinarum
1426 2827 1584 2876 studio
1613 2842 1784 2877 rursus
1810 2828 1869 2878 ad
1899 2828 2057 2878 coele-

279 2898 369 2946 stia
395 2897 563 2946 tendat
589 2903 637 2945 et
662 2897 720 2945 ad
749 2897 1021 2946 divinarum
1049 2913 1219 2947 rerum
1240 2899 1635 2948 communionem
1664 2900 1888 2948 enitatur.
1926 2899 2058 2949 Idem

280 2982 397 3016 vero
432 2966 653 3016 similiter
688 2968 736 3015 in
763 2967 1024 3017 Phaedone
1062 2969 1169 3018 fieri
1196 2970 1528 3026 meminimuS,
1567 2971 1617 3017 in
1645 2985 1741 3033 quo
1769 2971 1962 3034 sapiens
1988 2971 2057 3019 in-

281 3038 415 3088 finito
454 3038 665 3103 quodam
707 3038 866 3088 studio
908 3039 1058 3087 animi
1086 3055 1144 3089 ex
1180 3041 1402 3105 corporis
1430 3040 1632 3089 vinculis
1657 3040 1898 3090 liberandi
1926 3047 1972 3090 et
1997 3040 2057 3090 ad

396 3238 438 3291 1)
478 3238 662 3290 Bockh,
701 3236 935 3279 Philolaos
968 3252 1073 3292 pag.
1108 3241 1160 3281 18
1192 3253 1281 3293 sq.,
1334 3239 1382 3280 C.
1418 3238 1469 3282 F.
1503 3240 1758 3291 Hermann,
1803 3237 1969 3283 Geseh.
2010 3251 2053 3284 u.

281 3293 402 3349 Syst.
436 3296 472 3336 Ι.
506 3308 612 3349 pag.
647 3296 740 3336 108.
775 3308 847 3335 an.
880 3297 933 3335 92
967 3297 1069 3336 coll.
1105 3301 1260 3339 annot.
1290 3302 1447 3338 nostra
1480 3298 1537 3338 ad
1568 3311 1673 3352 pag.
1707 3300 1757 3339 61
1784 3297 1883 3341 OD.

392 3364 436 3417 2)
470 3366 652 3418 Proleg.
687 3365 744 3406 ad
775 3365 962 3406 Politic.
993 3380 1098 3419 pag.
1133 3368 1184 3407 31
1219 3379 1300 3418 sq.,
1334 3369 1514 3421 Disput.
1546 3367 1600 3408 de
1631 3369 1751 3408 Plat.
1783 3369 1895 3416 vita,
1926 3368 2054 3421 inge—

281 3423 356 3464 nio
390 3426 435 3462 et
465 3423 650 3475 scriptis
683 3421 818 3476 (opp,
851 3422 972 3462 Plat.
1008 3423 1105 3463 Vol.
1139 3425 1172 3464 Ι.
1215 3425 1334 3464 Soet.
1370 3425 1427 3476 1.)
1469 3439 1572 3478 pag.
1606 3425 1755 3466 XXVI
1787 3438 1877 3477 sq.,
1919 3424 1968 3465 C.
2002 3426 2051 3464 1⁴¹.

282 3480 534 3533 Hermann,
567 3479 734 3523 Gesch,
768 3493 810 3519 u.
846 3479 964 3532 Syst,
1000 3481 1031 3519 I.
1064 3494 1104 3532 p,
1140 3482 1208 3520 48.
1244 3482 1346 3522 coll,
1382 3483 1461 3522 160
1491 3494 1580 3533 sq„
1612 3483 1707 3530 527,
1741 3483 1837 3531 530,
1873 3483 1954 3522 683
1986 3494 2050 3533 sq.
