2158 3718
3 1894 4 1897 Ἴ
72 1845 230 1887 tionem
258 1846 500 1898 excerptam
529 1854 625 1882 esse
646 1845 689 1882 et
707 1842 866 1883 confla-

480 207 995 264 SYMPOSIUM.
1033 228 1088 277 p.
1125 210 1346 265 186‘St.
1680 217 1752 268 69

75 353 164 413 ὅτι
206 359 263 413 δὲ
307 354 373 413 οὐ
418 354 597 428 μόνον
639 355 784 409 ἐστὶν
826 354 925 408 ἐπὶ
954 362 1076 420 ταῖς
1111 361 1319 432 ψυχαῖς
1364 358 1476 412 τῶν
1515 357 1750 431 ἀνθρώ-

74 462 194 497 πων
236 438 375 515 πρὸς
415 437 547 505 τοὺς
590 437 824 503 καλούς,
879 436 1022 493 ἀλλὰ
1064 441 1158 494 καὶ
1198 435 1339 509 πρὸς
1379 436 1520 496 ἄλλα
1564 442 1747 500 πολλὰ

73 529 169 581 καὶ
209 531 267 580 ὲν
315 532 434 589 τοῖς
471 521 679 586 ἄλλοις,
722 532 837 585 τοῖς
883 543 937 577 τε
967 519 1178 594 σώμασι
1209 526 1321 579 τῶν
1346 522 1573 582 πάντων
1601 526 1751 595 ζώων

74 612 168 664 καὶ
221 617 337 672 τοῖς
389 614 447 663 ἐν
501 610 565 684 τῇ
619 609 684 681 γῇ
729 611 1024 681 φυομένοις
1065 610 1157 662 καὶ
1199 605 1272 672 ὡς
1314 611 1443 674 ἔπος
1480 616 1648 668 εἰπεῖν
1689 619 1749 676 ὲν

74 695 212 749 πᾶσι
255 701 375 756 τοῖς
422 683 560 756 οὖσι,
607 694 1027 761 καθεωρακέναι
1067 714 1164 762 μοι
1194 694 1337 748 δοκῶ
1366 699 1422 747 ἐκ
1448 698 1546 761 τῆς
1570 702 1748 771 ἰατρι-

73 780 199 843 κῆς,
255 779 354 843 τῆς
395 774 658 846 ἡμετέρας
702 781 917 846 τέχνης,
954 773 1027 840 ὡς
1066 780 1235 846 μέγας
1279 779 1370 830 καὶ
1413 777 1751 850 θαυμαστὸς

72 862 163 916 καὶ
209 863 297 915 ἐπὶ
340 864 455 915 πᾶν
502 858 531 915 ὁ
575 857 716 922 θεὸς
759 863 914 914 τείνει
960 862 1050 914 καὶ
1094 858 1218 914 κατ’
1269 859 1610 931 ἀνθρώπινα
1652 868 1746 919 καὶ

73 942 216 1001 κατὰ,
266 948 402 998 θεῖα
450 940 769 1016 πράγματα.
814 940 1051 1013 ἄρξομαι
1099 946 1156 998 δὲ
1198 940 1313 998 ἀπὸ
1358 947 1457 1011 τῆς
1499 951 1748 1020 ἰατρικῆς

72 1031 391 1099 λέγων,γὶ’να
436 1031 528 1083 καὶ
552 1023 929 1100 πρεσβεύωμεν
970 1023 1074 1094 τὴν
1101 1031 1306 1097 τέχνην.
1383 1026 1467 1083 ‘H
1499 1027 1606 1103 γὰρ
1644 1030 1752 1107 ‘pff-

70 1131 156 1177 σις
207 1114 319 1167 τῶν
373 1110 637 1182 σωμάτων
691 1107 792 1165 τὸν
848 1113 1082 1178 διπλοῦν
1119 1107 1335 1182 ’Ἔρωτα
1380 1115 1582 1169 τοῦτον
1626 1119 1747 1187 ἔχει.

69 1192 152 1252 τὸ
177 1191 473 1268 γὰρ-ὑγιὲς
514 1197 635 1250 τοῦ.
659 1191 914 1265 σώματος
953 1197 1047 1250 καὶ
1087 1191 1151 1250 τὸ
1194 1197 1400 1250 νοσοῦν
1441 1193 1751 1269 ὁμολογου-

70 1359 221 1404 vemt.
240 1358 355 1402 Flos.
373 1373 412 1403 e.
437 1355 742 1412 Ἀριστοφάνη,

0 1435 1 1438 ’
82 1414 86 1419 ’
187 1417 237 1459 Ρ.
280 1415 382 1462 186.
442 1420 540 1458 τῶν
576 1414 786 1457 πάντων
824 1412 988 1469 ζώων]
1023 1419 1110 1457 τῶν
1145 1414 1282 1457 ἄλλων
1323 1416 1427 1458 Par.
1450 1417 1551 1461 DK.
1582 1419 1681 1463 Vat.
1700 1434 1746 1475 p.

69 1474 251 1518 vindob.
271 1474 314 1518 7.

0 1555 18 1568 2.
185 1530 248 1577 ὡς
282 1532 451 1587 μέγας
486 1529 598 1584 καὶ]
645 1528 696 1571 V.
726 1527 814 1568 καὶ
842 1526 896 1577 ὡς
923 1531 1053 1584 μέγας
1082 1529 1152 1571 καὶ
1180 1534 1322 1587 θαυμ,
1351 1531 1492 1574 invitis
1523 1533 1746 1576 codicibus

72 1589 283 1632 omnibns.
343 1588 437 1631 Nec
467 1586 595 1629 habet
623 1586 723 1628 iilud
757 1585 828 1626 καὶ
857 1586 1097 1640 Stobaeus;
1128 1588 1253 1630 deest
1287 1588 1417 1632 etiam
1448 1591 1488 1632 in
1521 1591 1617 1633 Ald.
1643 1593 1748 1638 Bas.

77 1648 110 1691 1.
133 1645 202 1699 2.-,
232 1651 278 1687 ut
308 1644 551 1699 Stephanus
581 1643 635 1684 de
664 1655 742 1684 suo
771 1643 1081 1697 interposuisse
1110 1645 1319 1687 videatur.

187 1703 238 1746 B.
286 1702 487 1759 ’Ἐρωτα
517 1704 715 1743 τοῦτον
742 1699 876 1754 ἔχει]
907 1702 979 1758 ἔχῃ
1013 1701 1139 1744 ΒοάΙ.
1171 1703 1265 1745 Vat.
1287 1699 1342 1745 A.

951 1840 1012 1880 λα
1043 1840 1211 1883 πολλὰ
1245 1841 1337 1883 καὶ
1367 1843 1422 1884 ἓν
1450 1859 1489 1884 τ.
1518 1840 1743 1895 ἄλλοις]

72 1908 173 1944 tam·
196 1915 248 1944 ex
266 1902 439 1944 maiore
469 1900 611 1951 anquo
643 1898 866 1955 Eryxima-
950 1899 1274 1941 Riickertus
1326 1899 1599 1942 desiderabat
1637 1900 1745 1943 hunc

72 1959 136 2005 chi
189 1964 264 2002 aut
311 1959 416 2001 anus
457 1955 671 1998 cuiusdam
716 1956 869 1998 medici

73 2018 206 2069 libro,
248 2016 429 2069 indeque
470 2013 626 2057 facttum
661 2026 783 2064 esse,
822 2018 870 2054 ut

4 2112 6 2125 ι
71 2075 269 2116 nonnulla
306 2075 375 2115 vix
416 2085 469 2113 ac
507 2068 561 2112 ne
596 2071 667 2112 vix
697 2070 868 2123 quidem

4 2133 6 2155 ³
72 2131 256 2173 indicata
287 2131 384 2180 sint,
417 2141 525 2182 quae
556 2128 665 2168 iusta
697 2132 869 2169 senten·

71 2189 224 2229 tiarum
249 2185 567 2228 continuatione
589 2185 763 2226 uberius
793 2198 869 2226 ex-

72 2245 222 2299 plicari
268 2243 503 2285 debuerint.
576 2241 641 2282 De
689 2254 774 2294 qua
821 2255 869 2283 re

6 2345 7 2349 ,
73 2315 152 2344 nos
184 2301 390 2343 sentimus
424 2299 565 2353 pauno
589 2298 725 2340 aliter.
761 2298 869 2340 Ete-

73 2360 158 2401 nim
207 2358 310 2400 fecit
355 2357 482 2398 Plato
541 2354 869 2408 Eryximachum

72 2417 132 2459 ita
171 2415 225 2457 de
258 2418 416 2456 Amore
457 2412 585 2454 verba
625 2412 868 2464 facientem,

73 2479 121 2515 ut
159 2472 344 2515 decebat
384 2469 593 2512 hominem
636 2469 677 2510 in
717 2470 869 2511 studiis

73 2530 274 2572 historiae
334 2527 540 2570 natm-niis
600 2533 868 2581 occupatum,

73 2587 258 2640 ideoque
288 2586 348 2628 ilii
381 2584 527 2627 tribuit
557 2583 730 2626 decreta
761 2583 866 2639 phy-

74 2646 259 2687 sicorum
298 2648 342 2685 et
382 2642 641 2684 medicorum
683 2642 755 2684 ina
794 2655 868 2683 ae-

74 2707 162 2744 tate
193 2702 397 2750 muitum,
421 2703 492 2741 ·ut
521 2698 710 2750 videtur,
754 2700 868 2740 cele-

74 2760 195 2800 brata
266 2756 542 2812 plurimisque
602 2756 867 2808 communia3

75 2829 183 2868 quae
198 2821 340 2856 tamen
363 2813 520 2868 passim
541 2814 748 2865 orationis
764 2826 867 2855 con-

77 2873 170 2914 silio
200 2872 434 2926 prudenter
463 2870 775 2912 accomodavit.

134 2954 427 3011 ἀναγκαῖον
475 2954 622 2995 εἶναι
665 2979 714 2984 -
755 2955 867 2996 δεῖν

77 3015 160 3067 ἐμὲ
189 3015 508 3066 πειρᾶσθαιι
542 3011 760 3052 Observes
785 3013 871 3051 δεῖν

77 3074 178 3125 post
211 3068 436 3124 ἀναγκαῖον
489 3066 597 3108 εἶναι
634 3081 712 3121 per
748 3069 869 3122 pieo-

77 3139 270 3170 nasmum
302 3124 509 3177 quendam
548 3125 720 3166 illatum,
781 3124 868 3165 Cu-

78 3187 144 3227 ius
163 3183 334 3238 generis
359 3183 554 3234 exempla
583 3181 636 3223 ad
660 3180 868 3222 Aicibiad.

77 3242 132 3285 ll.
162 3254 204 3296 p.
241 3238 333 3285 144.
367 3239 420 3280 D.
459 3239 731 3280 notavimus..
777 3238 869 3280 Alia

80 3297 365 3353 suppeditabit
394 3294 605 3338 Schaef
611 3310 634 3337 e
646 3307 678 3336 r.
710 3294 763 3336 ad
795 3294 869 3336 Di-

82 3369 201 3412 onys.
233 3353 287 3397 de
318 3354 470 3408 Comp.
504 3351 628 3395 Verb.
659 3350 701 3394 4.

138 3439 192 3483 Ρ.
214 3438 308 3484 186.
346 3437 477 3481 ἀλλὰ
510 3437 595 3480 καὶ
625 3434 755 3494 aptit,-
785 3435 870 3477 ἅλ-

951 1957 1179 1999 verborum
1216 1957 1425 1999 ordinem:
1461 1955 1567 1996 ἀλλὰ
1600 1958 1674 1997 καὶ
1702 1959 1746 1998 ἐν

949 2019 1042 2061 τοῖς
1087 2014 1236 2060 ἄλλοις
1284 2012 1395 2068 πρὸς
1442 2013 1553 2053 ἄλλα
1593 2013 1744 2056 πολλά,

951 2071 1048 2113 Non
1091 2071 1282 2113 meminit
1330 2071 1458 2124 igitur
1492 2072 1654 2125 figurae
1693 2072 1745 2114 ἰΙ-

952 2129 1058 2179 lius,
1105 2141 1229 2181 quam
1287 2129 1556 2181 grammatici
1606 2128 1746 2171 chias-

953 2198 1069 2227 mum
1116 2186 1330 2239 appellant
1342 2214 1354 2237 ,
1395 2198 1562 2238 quaque
1578 2186 1746 2229 ,Plato-

953 2255 1050 2284 nem
1081 2255 1251 2296 quoque
1293 2255 1376 2283 non
1406 2243 1465 2284 ita
1495 2255 1591 2284 raro
1623 2256 1750 2285 usum

955 2313 1052 2340 esse
1112 2299 1379 2340 ostendimus
1449 2298 1503 2340 ad
1541 2301 1748 2356 ytpoiog.

955 2356 1077 2397 Socr.
1112 2370 1150 2410 p.
1174 2355 1242 2399 39.
1275 2356 1325 2396 B.
1349 2356 1417 2397 ed.
1435 2355 1474 2398 3.
1529 2355 1619 2398 Nec
1645 2370 1750 2399 vero

953 2412 1025 2453 καὶ
1063 2417 1162 2454 ante
1213 2414 1257 2453 ἐν
1307 2412 1455 2459 ἄλλοις
1495 2426 1750 2467 quemquam

954 2470 1174 2512 offendere
1215 2469 1368 2520 debet,
1415 2482 1658 2522 quanquam
1708 2472 1748 2512 in

953 2540 1006 2570 eo
1051 2526 1185 2568 haesit
1219 2527 1578 2568 Hommelius.
1639 2528 1750 2571 Sene

949 2585 1084 2626 ‘tentia
1115 2584 1341 2626 verborum
1369 2583 1474 2625 haec
1496 2589 1562 2625 est
1574 2599 1597 2626 z·
1618 2587 1752 2627 Amor

952 2655 1035 2683 non
1080 2643 1220 2682 solum
1267 2641 1308 2682 in
1351 2639 1564 2682 hominum
1596 2643 1750 2683 animis

953 2711 1053 2752 erga
1097 2700 1266 2752 pulcros
1310 2699 1444 2749 inest,
1490 2697 1569 2740 sed
1617 2699 1750 2742 etiam

952 2769 1053 2808 erga
1084 2757 1213 2797 multa
1245 2755 1328 2796 alia
1359 2762 1489 2808 atque
1518 2756 1560 2796 in
1592 2757 1750 2798 ceteris

950 2813 1081 2855 rebus
1112 2813 1322 2855 omnibus.

1008 2895 1072 2943 ὥς
1103 2914 1136 2953 μ.
1153 2900 1272 2952 lynce
1290 2895 1377 2937 καὶ
1400 2894 1764 2953 θαυμασταῖς]

951 2954 1078 2996 Haec
1113 2967 1282 3008 quoque
1330 2968 1383 2996 ex
1427 2959 1751 3007 καθεωρακέναι

954 3010 1168 3064 pendent,
1212 3016 1259 3052 ut
1288 3011 1403 3054 idem
1434 3013 1608 3054 verbum
1642 3012 1748 3053 duas

953 3067 1111 3109 habeat
1150 3070 1380 3110 sententias
1435 3082 1488 3111 ex
1534 3082 1581 3110 se
1625 3074 1746 3121 aptas

951 3137 1182 3177 nexusque,
1212 3132 1391 3178 quarum
1414 3125 1626 3180 posterior
1656 3123 1746 3165 fere

953 3180 1146 3223 eiusdem
1197 3188 1265 3224 est
1318 3182 1556 3235 argumenti
1616 3186 1746 3232 atque

951 3238 1156 3292 superior.
1217 3239 1381 3293 Similis
1411 3238 1519 3280 ratio
1543 3240 1611 3278 est
1635 3235 1744 3278 infra

951 3295 1098 3349 p.211.
1116 3296 1167 3339 Ε.
1188 3295 1301 3338 conf.
1320 3295 1374 3337 ad
1398 3294 1520 3347 Apoi.
1541 3306 1585 3347 p.
1601 3291 1672 3339 20.
1690 3293 1741 3335 C.

1006 3379 1058 3421 B·
1119 3378 1526 3436 πρεσβεόωμεν]
1557 3376 1584 3419 i.
1607 3389 1645 3419 e.
1678 3391 1745 3418 τι-

948 3437 1106 3493 μῶμεν,
1134 3449 1175 3478 v.
1208 3437 1262 3482 ad
1294 3436 1452 3479 Criton.
1483 3432 1552 3479 46.
1584 3433 1638 3476 B.
