2158 3718
255 131 326 184 64
890 131 1387 178 PROLEGOMENA

259 274 596 340 magnitudine
634 276 818 325 rectius
855 280 1069 324 statuere
1110 273 1460 342 didicissent1).
1549 274 1736 325 Deinde
1772 276 1918 326 etiam
1944 291 2047 326 ma-

258 347 389 397 xime
417 353 490 397 est
515 343 776 395 verisimile
825 347 1056 410 scriptori
1106 345 1487 396 immortalitatis
1537 351 1882 411 argumentum
1908 352 2036 396 trac-

256 418 380 466 tanti
426 419 478 466 in
527 418 741 466 animum
786 417 992 466 rediisse
1031 417 1248 467 Socratis
1293 422 1391 466 tam
1439 423 1627 482 gratam
1679 419 1911 483 piamque
1961 432 2040 467 re-

257 488 620 545 cordationem,
650 493 703 537 ut
729 489 834 536 eius
860 488 1076 552 speciem
1113 493 1360 553 tamquam
1388 490 1599 538 recentis
1627 489 1878 539 cuiusdam
1906 503 2041 538 amoe

255 559 324 607 ris
351 558 527 609 affectu
554 559 845 615 intueretur,
871 559 1181 623 exprimeret,
1211 564 1623 622 repraesentaret.
1652 560 1875 624 Denique
1895 560 2042 609 etiam

257 628 598 679 observatione
643 629 981 693 dignissimum
1019 636 1091 679 est
1128 630 1383 679 Socratem
1422 631 1470 678 in
1508 630 1796 688 Phaedone,
1845 630 1957 679 licet
1995 631 2045 679 in

257 702 434 750 ceteris
469 701 529 749 ad
567 700 692 749 vit-ae
726 701 980 750 veritatem
1018 715 1283 766 expressus
1310 702 1394 757 sit,
1432 707 1597 750 tamen
1626 716 1739 750 eum
1765 701 2043 756 informari,

257 771 340 834 qui
375 772 538 820 animo
574 785 663 819 suo
703 786 802 820 non
836 772 983 820 modo
1020 773 1309 835 sapientiam
1355 771 1729 836 Pythagoricam
1774 771 2042 827 imbiberit,

256 842 342 890 sed
380 843 522 892 etiam
562 841 718 906 ipsius
743 841 963 892 Platonis
998 842 1277 892 doctrinam
1317 857 1514 892 omnem
1542 841 1688 910 plane
1716 842 2043 907 comprehen-

257 911 400 963 derit.
455 911 659 972 Qualem
702 913 897 978 quidem
944 928 1056 962 eum
1093 929 1118 962 a
1168 912 1370 963 Platone
1415 915 1511 962 iarn
1551 928 1608 962 eo
1653 919 1902 995 tempore,
1951 927 2048 978 quo

257 982 388 1032 haud
422 984 486 1033 ita
523 983 714 1049 pridem
742 990 966 1033 mortuus
996 985 1107 1041 suit,
1149 985 1418 1033 deformari
1453 985 1672 1049 potuisse
1699 986 1781 1049 qui
1811 983 1905 1034 sibi
1931 998 2044 1050 per-

257 1061 543 1112 suaserunt,
571 1055 604 1103 ii
634 1055 856 1119 profecto
884 1071 909 1104 a
940 1070 1055 1105 vero
1083 1055 1339 1105 aberrasse
1367 1055 1676 1105 existimandi
1702 1061 1831 1108 sunt.

399 1126 555 1190 Atque
582 1125 705 1175 haec
731 1127 930 1191 quidem
960 1127 999 1174 si
1027 1126 1351 1190 probabiliter
1379 1126 1623 1190 disputata
1651 1132 1791 1183 sunt,
1833 1139 2045 1191 quonam

255 1195 364 1246 loco
402 1196 600 1246 Phaedo
635 1197 685 1245 in
722 1197 894 1246 ordine
932 1198 1230 1262 scriptorum
1268 1196 1632 1246 Platonicorum
1669 1197 1926 1246 habendus
1968 1198 2043 1253 sit,

255 1282 403 1317 nemo
431 1267 640 1333 amplius
666 1281 968 1331 magnopere
995 1267 1253 1317 dubitabit.
1309 1267 1406 1316 Nos
1443 1267 1641 1332 quidem
1672 1273 1806 1317 certe
1833 1267 2046 1318 fatemur

260 1338 403 1388 etiam
448 1353 581 1388 nunc
624 1339 675 1386 in
720 1354 774 1388 ea
818 1339 1084 1403 persistere
1121 1340 1387 1395 sententia,
1428 1345 1481 1387 ut
1525 1354 1636 1388 eum
1676 1339 1898 1402 proxime
1936 1343 2047 1403 post

255 1408 534 1459 Phaedrum
584 1414 632 1458 et
679 1409 990 1475 Symposium
1036 1410 1280 1473 prodiisse
1326 1414 1373 1458 et
1406 1407 1617 1464 Philebi,
1658 1408 1859 1459 Politiae
1902 1415 2047 1474 atque

255 1479 442 1530 Timaei
463 1480 781 1544 scriptionem
802 1482 1127 1530 antecessisse
1149 1481 1482 1530 existimemus
1497 1477 1550 1543 2).
1580 1480 1700 1529 Nam
1723 1480 1884 1530 Heus
1899 1477 2043 1545 dio3)

255 1551 451 1616 quidem
489 1550 805 1601 Phaedonem
842 1566 943 1600 non
981 1553 1044 1602 ita
1081 1551 1235 1601 multo
1271 1556 1383 1616 post
1407 1551 1628 1600 Politiam
1668 1553 1909 1615 scriptum
1938 1565 2044 1601 esse

257 1624 475 1672 censenti
501 1621 575 1672 vel
602 1621 713 1671 ideo
741 1637 840 1671 non
867 1624 1177 1679 assentimur,
1207 1624 1322 1688 quia
1350 1623 1398 1671 in
1419 1621 1590 1671 Politia
1602 1625 1637 1687 ⁴¹)
1666 1621 2044 1671 immortalitatis

255 1694 559 1756 argumentis
609 1695 661 1742 in
713 1693 975 1743 Phaedone
1028 1695 1259 1756 expositis
1309 1708 1488 1742 novum
1542 1692 1788 1757 quoddam
1834 1693 2041 1751 additur,

255 1763 656 1830 quandoquidem
696 1764 970 1814 ostenditur
1007 1780 1202 1814 causam
1240 1765 1464 1814 interitus
1503 1764 1779 1813 animorum
1816 1779 2042 1815 necessa-

255 1836 330 1884 rio
366 1836 610 1885 internam
648 1835 893 1900 quandam
930 1841 977 1884 et
1013 1837 1061 1884 in
1099 1836 1251 1899 ipsius
1292 1836 1441 1885 animi
1479 1840 1655 1884 natura
1689 1835 1898 1900 positam
1935 1850 2042 1886 esse

257 1912 502 1970 oportere.
555 1906 758 1956 Accedit
785 1907 897 1963 huc,
935 1906 1065 1971 quod
1091 1907 1140 1955 in
1167 1905 1295 1956 libro
1324 1906 1512 1955 decimo
1527 1904 1562 1971 5)
1593 1906 1651 1955 ad
1680 1913 1967 1970 argumenta
1994 1908 2042 1956 in

254 1976 517 2028 Phaedone
545 1976 784 2042 explicata
810 1976 1107 2040 relegamur.

259 2101 264 2104 ,
397 2049 436 2099 Α
462 2054 706 2113 tempore,
736 2064 832 2114 quo
859 2047 984 2098 liber
1012 2063 1037 2098 a
1063 2047 1270 2098 Platone
1296 2047 1473 2098 litteris
1501 2054 1728 2098 exaratus
1757 2054 1843 2106 est,
1874 2048 2043 2097 distin-

258 2120 506 2184 guendum
539 2126 612 2169 est
636 2125 877 2186 tempus
903 2119 1107 2169 habiti
1133 2119 1225 2169 vel
1251 2121 1465 2185 potius
1493 2120 1777 2169 enarrati
1803 2134 2041 2170 sermo-

256 2191 370 2240 nis.
424 2190 629 2240 Habitus
662 2206 778 2241 vero
817 2190 1041 2255 dialogus
1083 2191 1281 2255 fingitur
1326 2205 1424 2239 non
1472 2191 1634 2240 statim
1677 2195 1788 2255 post
1827 2190 2042 2240 Socratis

258 2268 497 2319 mortem,
535 2263 680 2311 sicuti
713 2261 1006 2326 plerumque
1041 2266 1316 2312 statuerunt
1350 2262 1441 2311 viri
1477 2261 1630 2318 docti,
1672 2262 1757 2312 sed
1796 2260 2043 2326 aliquanto

255 2338 368 2397 post
392 2331 523 2383 illius
550 2332 761 2391 obitum,
798 2333 848 2382 id
889 2332 1019 2396 quod
1060 2332 1327 2382 clarissime
1364 2349 1419 2382 ex
1459 2347 1568 2397 pag.
1596 2329 1663 2382 57
1693 2332 1781 2381 DE
1806 2333 2044 2397 perspici-

256 2409 353 2463 tur,
380 2403 463 2454 ubi
490 2404 605 2453 inde
634 2420 659 2453 a
687 2403 841 2454 multo
864 2409 1086 2468 tempore
1108 2404 1268 2454 nullus
1294 2404 1478 2468 hospes
1506 2403 1682 2453 dicitur
1704 2403 1904 2452 Athenis
1930 2418 2042 2468 per·

256 2475 447 2525 venisse
473 2474 768 2532 Phliuntem,
798 2476 882 2540 qui
909 2475 970 2524 de
999 2475 1178 2524 ultimis
1206 2475 1424 2524 Socratis
1453 2475 1593 2524 dictis
1621 2481 1668 2524 et
1694 2473 1833 2523 sactis
1859 2473 2044 2538 aliquid

260 2547 380 2595 certi
414 2547 603 2596 referre
638 2548 865 2610 potuerit.
920 2546 1110 2611 Quippe
1145 2547 1469 2611 praeterierat
1505 2561 1601 2610 quo
1641 2551 1863 2609 tempore
1892 2543 2042 2594 collo-

260 2618 428 2680 quium
455 2623 708 2667 narratum
736 2618 956 2680 fingitur,
986 2617 1081 2665 iam
1109 2611 1314 2681 συχνὸς
1340 2613 1566 2682 χρόνος,
1600 2615 1857 2679 impedito,
1895 2621 1949 2664 ut
1974 2616 2041 2664 vi-

260 2687 427 2743 detur,
467 2686 654 2737 bellicis
692 2687 907 2736 motibus
943 2693 1113 2736 mutuo
1141 2687 1441 2736 Athenarum
1481 2692 1528 2735 et
1553 2685 1882 2749 Peloponnesi
1909 2701 2041 2735 com-

258 2759 460 2807 mercio,
512 2758 751 2816 Quocirca
788 2758 1105 2821 cogitavimus
1143 2757 1256 2806 olim
1298 2756 1357 2806 de
1384 2755 1498 2805 belli
1527 2756 1824 2805 Corinthiaci
1852 2762 2039 2821 tempo-

258 2826 464 2894 ribusss).
527 2828 628 2877 Nec
665 2834 827 2877 tamen
865 2843 995 2876 nunc
1030 2835 1257 2892 putamus
1296 2826 1554 2877 verisimile
1592 2842 1871 2877 sermonem
1902 2829 2039 2892 quin-

260 2900 476 2963 quennio
513 2899 710 2948 demum
746 2904 856 2964 post
890 2898 1106 2947 Socratis
1143 2898 1327 2948 obitum
1365 2899 1635 2947 institutum
1678 2899 1808 2962 fingi.
1874 2899 2041 2962 Itaque

260 2969 505 3020 malumus
529 2970 625 3019 iam
653 2970 712 3020 de
733 2968 865 3020 bello
886 2969 991 3018 Elio
1014 2970 1232 3034 cogitari,
1253 2969 1380 3033 quod
1404 2984 1532 3018 anno
1556 2984 1595 3018 a.
1613 2968 1726 3020 Chr.
1742 2968 2037 3025 CCCXCIX.,

375 3141 416 3193 1)
450 3142 565 3195 Disp
569 3146 632 3184 ut.
667 3141 721 3182 de
753 3140 872 3184 Plat.
905 3141 1018 3192 vita,
1052 3141 1235 3195 ingenio
1268 3144 1312 3181 et
1343 3140 1538 3193 scriptis
1573 3140 1625 3180 L.
1652 3153 1689 3180 c
1721 3149 1828 3215 pag
1850 3138 2038 3181 XXVII.

374 3196 418 3250 2)
450 3199 567 3241 lbid.
602 3212 707 3252 pag.
738 3197 889 3239 XLIX
922 3210 988 3250 sq.
1025 3198 1129 3239 coll.
1163 3211 1268 3251 pag.
1301 3197 1451 3238 XXIV
1483 3209 1549 3249 sq.

374 3256 418 3305 3)
450 3255 590 3295 Initia
621 3255 786 3308 philos.
817 3255 1001 3295 Platon.
1034 3255 1119 3298 III.
1152 3267 1261 3309 pag.
1295 3255 1389 3296 189.

373 3309 419 3363 4)
452 3312 505 3353 L
537 3311 593 3355 Χ
626 3324 733 3365 pag.
768 3312 850 3352 609
872 3312 908 3351 Β
941 3324 1005 3364 sq.

347 3364 416 3417 5)
448 3369 557 3421 Pag.
590 3370 669 3408 611
694 3369 746 3408 Β.

374 3422 418 3476 6)
450 3424 563 3477 Nep.
598 3424 733 3477 Ages.
767 3426 807 3466 5.
840 3424 974 3467 Diod.
1010 3423 1101 3466 Sic.
1135 3425 1254 3476 XIV,
1289 3427 1356 3465 83.
1400 3424 1633 3466 Demosth.
1668 3421 1768 3467 adv.
1803 3423 1936 3479 Lepi..
1968 3423 2038 3467 41.

261 3479 404 3525 Isocr.
439 3480 626 3535 Panegy
631 3495 665 3524 r.
700 3495 798 3535 cap.
832 3484 884 3521 33
918 3489 963 3521 et
992 3483 1058 3524 40.
