2222 3762
290 105 690 161 PLATONIS
729 104 1213 161 APOLOGIAM
1253 103 1654 162 SOCRATIS.
1786 113 1815 161 5

115 248 263 301 bitur
298 267 418 303 esse
455 246 749 316 eiusmodi,
788 255 851 301 ut
890 247 1136 302 Platonis
1173 248 1394 320 ingenio
1432 255 1593 317 atque
1632 248 1811 301 animo

113 317 491 391 dignissimum
544 319 760 373 censeri
803 318 1029 388 debeat,
1084 319 1286 390 quippe
1326 318 1420 388 qui
1457 318 1561 373 hac
1599 319 1811 372 ratione

111 409 221 444 non
283 390 446 444 modo
501 390 719 461 pietatis
777 409 908 444 suae
968 396 1373 445 monumentum
1440 391 1687 462 posuerit
1740 390 1812 442 ad

109 478 322 514 omnem
371 461 744 533 posteritatem
805 460 1152 531 duraturum,
1218 479 1407 515 verum
1467 461 1629 514 etiam
1692 479 1811 514 eam

108 532 355 603 magistri
403 533 641 602 speciem
691 539 746 585 et
781 532 1073 603 imaginem
1110 531 1464 588 delineaverit
1513 539 1677 601 atque
1715 531 1810 587 de-

108 602 407 674 scripserit,
445 602 591 657 unde
627 602 815 673 quales
851 604 997 657 illius
1036 622 1212 657 mores
1251 611 1306 656 et
1344 602 1503 674 quale
1526 602 1809 674 ingenium

105 673 339 727 fuissent
389 681 445 728 et
492 692 758 743 quaenam
807 675 924 728 viro
965 674 1368 746 sapientissimo
1407 693 1530 727 cum
1567 674 1809 743 aequali-

106 743 209 797 bus
249 744 364 805 suis
401 743 751 800 necessitudo
789 746 1209 815 intercessisset,
1249 746 1317 800 ab
1357 745 1608 799 omnibus
1647 764 1808 815 quam

105 815 400 870 clarissime
433 817 854 889 perspiceretur.

246 912 359 970 Sed
415 934 582 985 quum
632 915 774 969 hanc
821 915 1102 969 institutae
1164 915 1479 987 scriptionis
1538 915 1807 969 rationem

104 993 271 1054 atque
308 985 414 1040 hoc
449 987 595 1039 illius
632 985 918 1039 consilium
969 984 1138 1038 fuisse
1184 1006 1284 1057 pro
1336 994 1486 1041 certo
1524 994 1578 1039 et
1615 987 1805 1056 explo-

103 1065 223 1110 rato
261 1056 450 1110 haberi
489 1076 652 1127 posse
705 1056 978 1121 videatur3
1028 1066 1210 1110 tamen
1247 1056 1508 1126 quoniam
1556 1075 1644 1111 res
1692 1076 1805 1110 non

102 1145 317 1198 semper
365 1126 498 1182 satis
546 1135 834 1200 perspecta
886 1134 1051 1197 atque
1100 1137 1275 1199 nuper
1326 1128 1493 1182 etiam
1529 1146 1562 1180 a
1600 1127 1804 1182 criticis

100 1196 429 1267 quibusdam
467 1200 523 1252 in
562 1198 988 1252 controversiam
1023 1206 1223 1253 vocata
1259 1206 1369 1262 est,
1407 1198 1645 1268 iuvabit,
1684 1199 1804 1268 opi-

101 1289 221 1338 nor,
261 1268 330 1323 de
365 1268 487 1324 libri
523 1268 707 1323 indole
746 1277 800 1323 et
830 1277 1152 1342 argumento
1189 1268 1295 1324 hoc
1331 1269 1454 1324 loco
1490 1271 1802 1324 accuratius

99 1339 288 1411 paullo
325 1339 623 1411 disputare,
665 1340 710 1394 si
750 1342 889 1395 forte
926 1340 1046 1394 fieri
1082 1341 1280 1414 possit,
1317 1349 1379 1394 ut
1402 1341 1596 1401 harum
1620 1357 1804 1394 rerum

98 1411 480 1481 disquisitione
518 1411 726 1482 aliquid
762 1411 832 1465 ad
868 1411 1168 1485 pleniorem
1215 1413 1332 1466 eius
1385 1411 1803 1484 intelligentiam

96 1483 432 1554 proficiatur.
508 1483 707 1554 Itaque
743 1484 977 1556 primum
1016 1482 1236 1553 quidem
1273 1483 1398 1537 libri
1422 1491 1802 1556 argumentum

96 1555 155 1608 in
195 1553 360 1609 breve
397 1563 734 1609 contractum
773 1557 1104 1626 referemus,
1158 1574 1265 1626 quo
1305 1574 1493 1609 nexus·
1517 1563 1573 1607 et
1611 1573 1803 1609 conse-

96 1625 244 1680 cutio
294 1627 684 1680 sententiarum
727 1625 817 1680 hic
862 1634 920 1680 et
975 1626 1087 1681 illic
1134 1625 1320 1697 paullo
1368 1621 1702 1680 reconditior
1747 1633 1804 1680 et

95 1696 398 1752 abstrusior
450 1699 666 1754 facilius
722 1697 1186 1758 animadvertatur
1231 1698 1543 1768 certiusque
1594 1716 1802 1750 comno-

96 1776 296 1823 scatur.
381 1768 599 1824 Deinde
646 1769 890 1842 singulas
937 1769 1055 1824 eius
1105 1777 1291 1840 partes
1354 1769 1433 1822 ita
1501 1768 1665 1822 diluoi
1708 1786 1799 1822 are

94 1839 442 1910 conabimur,
491 1849 554 1895 ut
584 1847 851 1912 quatenus
902 1840 972 1893 ad
1013 1839 1257 1896 Socratis
1297 1839 1589 1908 imaginem
1628 1839 1798 1893 collu-

91 1910 369 1965 strandam
418 1922 515 1966 aut
563 1912 633 1966 ad
681 1911 854 1983 ipsius
906 1912 1158 1966 Platonis
1196 1911 1471 1968 scribendi
1510 1911 1799 1965 eonsilium

90 1982 530 2053 patefaciendum
567 1983 804 2051 valeant,
844 1982 1037 2038 ordine
1078 1982 1339 2054 deinceps
1378 1982 1797 2037 demonstretur.

91 2055 234 2108 Tum
269 2074 399 2109 vero
438 2055 678 2110 breviter
726 2074 1076 2125 quaeremus,
1116 2074 1352 2125 quanam
1390 2053 1625 2125 scriptor
1661 2071 1795 2107 usus

93 2125 166 2178 sit
199 2125 258 2178 in
294 2134 612 2198 argumento
651 2125 942 2180 tractando
990 2134 1105 2178 arte
1144 2133 1201 2178 et
1235 2125 1464 2179 ratione.
1540 2123 1796 2194 Denique

92 2194 225 2265 quid
263 2195 330 2249 de
366 2204 610 2268 tempore
647 2197 771 2250 libri
804 2196 974 2250 natali
1010 2195 1431 2251 existimandum
1473 2196 1563 2263 sit,
1604 2195 1795 2267 paucis

91 2285 441 2338 exponemus,
518 2266 735 2337 Quibus
785 2268 1035 2322 omnibus
1075 2266 1358 2339 explicatis
1394 2267 1638 2320 futurum
1674 2284 1794 2320 esse

91 2357 402 2409 speramus,
455 2346 518 2392 ut
566 2339 693 2393 libri
728 2339 1188 2410 praestantissimi
1225 2338 1391 2392 lectio
1438 2346 1492 2391 et
1528 2338 1795 2408 interpre-

87 2408 227 2463 tatio
275 2416 330 2463 et
380 2411 596 2464 facilior
648 2409 917 2463 habeatur
970 2420 1025 2463 et
1073 2428 1204 2462 vero
1255 2409 1419 2462 etiam
1462 2409 1796 2462 fructuosior

88 2488 252 2552 atque
291 2481 475 2535 utilior
511 2481 641 2550 fiat,
681 2500 844 2551 quam
882 2480 1124 2551 alioquin
1162 2481 1346 2534 futura
1381 2480 1563 2533 fuerit.

226 2572 422 2643 Itaque
479 2574 713 2645 primum
780 2571 1001 2643 quidem
1047 2573 1258 2627 iuvabit
1316 2579 1792 2644 argumentum

86 2643 350 2769 pggtizssonis
388 2646 582 2716 paucis
620 2644 1014 2714 delineavisse,
1068 2643 1217 2714 quod
1267 2643 1488 2714 quidem
1525 2643 1632 2697 huc
1678 2644 1791 2697 fere

228 2804 463 2861 Constat
502 2807 676 2861 omnis
725 2807 863 2862 liber
936 2826 998 2861 ro
1036 2807 1246 2860 ratione
1283 2805 1605 2859 iudiciorum
1642 2806 1790 2859 Atti-

85 2896 273 2931 corum
310 2878 486 2932 tribus
523 2878 786 2950 partibus,
877 2827 1122 2946 (guarum
1171 2877 1347 2948 prima
1404 2877 1649 2930 continet
1696 2876 1789 2930 de-

83 2949 414 3018 fensionem,
488 2968 651 3019 quam
715 2948 971 3004 Socrates
1036 2948 1291 3002 habuisse
1354 2947 1630 3017 putandus
1705 2954 1791 3001 est

82 3020 400 3090 priusquam
454 3019 663 3075 iudices
718 3021 903 3092 primis
942 3020 1230 3075 sententiis
1271 3019 1491 3072 omnino
1531 3019 1789 3073 decerne-

83 3099 237 3158 rent,
291 3100 502 3146 essetne
538 3110 662 3145 reus
701 3081 1067 3146 absolvendus
1108 3110 1175 3143 an
1216 3089 1678 3158 condemnandus,
1718 3090 1787 3143 ob

82 3162 181 3216 der
213 3163 484 3216 Beklarrte
523 3163 854 3236 schuldig
892 3163 972 3216 sei
998 3163 1130 3216 oder
1168 3161 1598 3233 unschuldig
1639 3163 1785 3232 (cap.

82 3234 367 3288 I—XXI
430 3235 504 3305 .);
547 3234 716 3287 altera
753 3235 1136 3307 complectitur
1173 3252 1254 3301 ea,
1296 3252 1435 3302 quae
1471 3233 1620 3286 facta
1658 3252 1785 3287 con-

84 3304 430 3360 demnatione
470 3325 568 3377 pro
609 3324 666 3358 se
706 3305 873 3375 dixit,
923 3325 1087 3375 quum
1125 3304 1272 3359 litem
1311 3304 1784 3358 suam·aestimare
