2222 3762
365 215 745 284 inflammavit,
786 222 848 268 ut
883 215 972 268 ille
1011 215 1224 269 abiecto
1266 215 1494 286 pristino
1535 217 1762 270 consilio
1803 234 1902 270 suo
1942 235 2063 271 sese

365 295 543 340 totum
593 286 818 339 dederet
875 285 1254 358 philosophiae
1305 286 1374 355 ²¹⁶).
1462 286 1599 340 Erat
1639 295 1841 341 autem
1902 288 2062 342 Plato

364 367 479 412 tum
517 358 729 412 iuvenis
768 357 964 429 viginti
1001 359 1113 411 fere
1152 366 1453 423 annorum,
1483 366 1563 427 ut,
1603 359 1650 413 si
1688 359 1884 412 dehinc
1910 378 2062 412 men-

364 439 474 484 tem
507 449 730 501 prorsus
771 429 840 482 ad
877 429 1171 500 sapientiae
1211 427 1449 482 studium
1488 430 1818 502 applicaret,
1859 431 2064 500 optima

365 521 614 571 quaeque
666 500 732 553 de
780 520 843 554 eo
883 501 1089 570 sperari
1130 507 1371 569 possent.
1447 499 1552 554 Cui
1602 502 1823 572 quidem
1871 519 2063 572 exspe-

365 573 589 631 ctationi
626 581 737 625 tam
774 571 1043 625 cumulate
1081 571 1377 641 satisfecit,
1430 580 1491 624 ut
1545 591 1662 626 eam
1701 574 1861 627 etiam
1899 591 2064 643 supe-

363 661 512 698 rasse
550 642 819 697 videatur.
895 641 1077 709 Quum
1117 643 1260 695 enim
1299 643 1513 697 Socrati
1552 663 1610 698 se
1649 645 1913 714 dedisset,
1953 663 2063 696 non

364 716 538 768 solum
574 722 786 767 ceteros
825 712 1137 767 Socraticos
1173 714 1394 785 ingenio
1434 723 1597 785 atque
1628 716 1875 770 doctrina
1909 715 2061 783 vicit,

363 806 551 840 verum
600 786 761 839 etiam
809 785 1108 855 sapientiae
1174 785 1517 857 disciplinam
1565 787 1633 841 ab
1688 807 1754 844 eo
1810 786 2065 840 traditam

364 857 739 924 confirmavit,
792 856 971 924 auxit,
1025 856 1335 910 illustravit.
1411 856 1742 927 Quanquam
1791 878 1902 911 non
1950 858 2063 911 exi-

361 927 699 982 stimandum.
733 934 817 981 est
852 927 1140 980 Platonem
1163 970 1177 996 ,
1218 929 1536 999 priusquam
1575 929 1642 982 ad
1680 929 2064 1000 philosophiae

363 999 604 1054 studium
640 1019 672 1052 a
709 999 935 1053 Socrate
975 1007 1400 1068 converteretur,
1438 999 1583 1054 illiu's
1620 1001 1781 1072 plane
1817 1001 2066 1072 ignarum

362 1079 457 1124 aut
506 1076 781 1142 expertem
832 1070 1020 1124 fuisse.
1110 1069 1331 1142 Quippe
1383 1073 1662 1148 ingenium
1729 1071 1799 1125 ad
1860 1071 2065 1143 optima

363 1162 612 1213 quaeque
650 1142 896 1213 proclive
935 1161 1059 1195 eum
1094 1143 1386 1213 impulerat
1410 1144 1574 1196 etiam
1612 1150 1786 1212 antea,
1825 1150 1888 1196 ut
1923 1160 2064 1211 quae

360 1213 675 1286 philosophi
724 1213 1067 1283 docuissent,
1123 1222 1558 1284 perscrutaretur
1607 1215 1860 1269 subtilius
1898 1223 2063 1284 atque

362 1285 654 1358 diligenter
689 1292 1049 1356 cognosceret
1085 1286 1185 1356 **).
1276 1285 1390 1341 Sed
1428 1305 1586 1355 quem
1622 1294 1737 1339 tum
1776 1303 2063 1358 oppresse-

361 1364 447 1410 rat
485 1364 539 1410 et
576 1356 897 1410 cohibuerat
935 1357 1234 1428 sapientiae
1273 1377 1509 1410 amorem
1546 1358 1800 1412 iuvenilis
1853 1356 2062 1428 ingenii

362 1430 562 1497 fervor,
605 1427 754 1498 quod
790 1428 1022 1481 maxime
1061 1429 1131 1482 ad
1157 1430 1362 1501 gloriae
1385 1430 1660 1484 ferebatur
1687 1428 2061 1500 cupiditatem,

360 1520 484 1554 eum
523 1499 780 1555 Socrates
818 1507 1012 1571 postea
1048 1520 1161 1554 non
1198 1502 1372 1555 solum
1411 1502 1698 1555 suscitavit
1753 1508 1808 1554 et
1857 1499 2060 1567 elicuit,

360 1591 547 1625 verum
585 1572 748 1625 etiam
784 1572 860 1624 ita
896 1571 1141 1634 incendit
1187 1580 1349 1642 atque
1386 1572 1768 1642 inflammavit,
1818 1585 1882 1625 ut
1926 1589 2064 1624 nun-

363 1663 526 1714 quam
547 1651 741 1715 postea
767 1643 1205 1715 exstingueretur
1228 1644 1473 1714 adeoque
1497 1645 1788 1716 pristinum
1827 1643 2065 1697 carmina

361 1715 723 1787 componendi
755 1714 996 1769 studium
1021 1735 1245 1786 prorsus
1276 1716 1533 1770 aboleret.
1607 1715 1847 1770 Videtur
1885 1721 2065 1767 autem

361 1787 555 1856 Plato,
595 1788 913 1858 priusquam
946 1786 1285 1842 Socraticam
1325 1788 1741 1858 amplecteretur
1776 1787 2061 1853 rationem,

361 1878 460 1929 pro
499 1878 648 1912 more
686 1858 901 1911 illorum
938 1865 1244 1930 temporum
1281 1859 1555 1930 sophistas
1608 1859 1918 1926 audivisse,
1970 1857 2064 1927 qui

361 1949 482 1985 sese
532 1938 587 1985 et
637 1930 981 1998 eloquentiae
1031 1938 1085 1984 et
1139 1930 1519 2002 philosophiae
1566 1931 1856 2002 magistros
1896 1928 2064 2001 profi-

360 2003 631 2056 tebantur.
709 2002 904 2070 Itaque
964 2009 1025 2054 ut
1078 2010 1193 2055 erat
1247 2003 1459 2056 iuvenis
1521 2003 1783 2056 acerrimo
1843 2000 2063 2072 ingenio

360 2074 643 2146 praeditus
681 2092 744 2126 ac
784 2072 1047 2145 singulari
1073 2073 1392 2127 trahebatur
1411 2075 1656 2128 veritatis
1681 2073 1887 2141 studi0,
1929 2071 2064 2125 Cra-

361 2146 477 2218 tylo
523 2145 691 2212 duce,
749 2145 843 2213 qui
892 2145 1162 2198 Heracliti
1209 2145 1428 2199 decreta
1477 2146 1776 2216 probabat,
1829 2143 2065 2197 accessit

359 2217 592 2288 primum
630 2216 700 2270 ad
735 2217 882 2269 illam
919 2216 1300 2288 philosophiae
1335 2225 1576 2288 partem,
1616 2235 1755 2286 quae
1790 2215 1849 2268 in
1885 2233 2066 2267 rerum

361 2296 556 2342 natura
593 2288 978 2358 investiganda
1017 2296 1072 2341 et
1109 2288 1444 2360 exploranda
1481 2297 1732 2342 versatur
1754 2287 1879 2356 ***).
1953 2285 2065 2341 Ve-

362 2380 482 2417 rum
519 2362 754 2414 obscura
788 2360 881 2411 illa
917 2367 973 2411 et
1007 2359 1215 2412 incerta
1261 2359 1685 2430 philosophandi
1734 2358 1901 2424 rati0,
1957 2375 2065 2425 qua

362 2450 492 2485 usus
532 2439 648 2484 erat
685 2430 1034 2497 HeraclituS,
1079 2432 1325 2499 quamvis
1363 2431 1605 2500 placeret
1640 2429 1843 2495 multis,
1881 2435 2065 2480 tamen

364 2502 581 2554 Platoni
618 2501 839 2573 probari
876 2521 986 2553 non
1023 2501 1219 2571 potuit.
1296 2500 1404 2568 Qui
1452 2521 1617 2570 quum
1666 2499 1924 2553 scientiae
1970 2498 2064 2550 fir-

364 2572 608 2626 mitatem
647 2580 702 2626 et
736 2572 1097 2625 constantiam
1137 2580 1420 2642 quaereret
1466 2592 1612 2640 eam,
1664 2590 1802 2640 quae
1852 2589 2064 2624 omnem

372 2730 701 2737 β...-

430 2842 468 2895 *)
503 2841 556 2938 Y.
592 2841 745 2894 Βίοις.
770 2841 959 2939 ἕδραι.
987 2841 1138 2938 ιΙ)Ιῒ1.ι5.
1172 2842 1269 2882 von.
1303 2843 1470 2883 Astio
1503 2842 1538 2881 Ι.
1574 2856 1609 2882 (·.
1641 2855 1680 2895 p.
1715 2841 1800 2890 21„
1833 2841 1903 2891 qui
1937 2839 2063 2879 etiam

526 2912 617 2940 naec
649 2911 796 2939 vocavi
851 2912 892 2939 in
925 2912 978 2938 (u
1016 2912 1074 2939 ia
1099 2912 1254 2940 nonem.

413 2958 474 3004 **)
507 2957 561 2999 V.
594 2957 815 2997 Phaedon.
850 2971 889 3007 p.
922 2958 991 3001 96.
1026 2959 1074 2997 Α.

394 3016 485 3067 ***)
522 3014 570 3055 V.
608 3017 907 3058 Aristotel.
951 3014 1200 3069 Metuphys.
1255 3013 1291 3052 Ι.
1331 3013 1371 3056 6.
1426 3014 1636 3066 Apulei.
1684 3012 1738 3052 de
1785 3011 1979 3053 habitnd.
2018 3013 2061 3054 2.

512 3073 662 3127 Diog.
709 3072 885 3115 Laert.
929 3073 999 3115 111.
1040 3073 1080 3116 6.
1117 3069 1501 3123 Olympiodor.
1575 3071 1666 3111 Vita
1707 3070 1877 3112 Platon.
1922 3084 1960 3120 p.
1994 3070 2061 3113 76.

511 3132 607 3172 coll.
642 3131 899 3171 Tennem.
941 3130 970 3170 l.
1005 3144 1041 3171 c.
1074 3144 1114 3183 p.
1152 3128 1209 3172 10
1240 3141 1302 3180 sq.
1338 3133 1446 3171 Ast.
1478 3143 1519 3183 p.
1543 3129 1598 3173 19
1619 3142 1683 3182 sq.
1746 3128 1943 3169 Pertinet
1981 3127 2062 3168 huc

511 3189 636 3231 locus
678 3187 909 3230 Phaedon.
946 3201 987 3240 p.
1021 3188 1090 3232 96.
1126 3190 1201 3239 A„
1246 3186 1318 3227 ubi
1366 3199 1475 3239 quae
1513 3188 1645 3228 Plato
1684 3185 1914 3228 Socratem
1957 3185 2063 3226 fecit

511 3253 780 3294 narrantem,
823 3259 871 3287 ea
912 3246 1011 3298 quin
1051 3245 1105 3287 de
1135 3246 1229 3299 ipso
1267 3244 1450 3286 Platone
1483 3243 1757 3297 intelligenda
1788 3245 1894 3295 sint,
1935 3242 2061 3284 nobis

507 3305 677 3359 quidem
712 3317 794 3345 non
828 3309 893 3345 est
926 3303 1118 3345 dubium.
