2158 3718
223 178 641 236 APOLOGIA
681 177 1088 233 SOCRATIS.
1139 179 1201 233 P.
1249 179 1333 231 38.
1385 181 1468 231 39.
1523 178 1605 233 St.
1694 182 1784 235 161

101 327 211 386 οὔτ’
267 336 325 383 ὲν
370 331 585 398 πολέμῳ
634 325 742 382 οὔτ’
797 331 887 396 ἐμὲ
935 323 1043 382 οὔτ’
1095 324 1270 381 ἄλλον
1317 325 1516 380 ούὸἐνα
1564 329 1644 380 δεῖ
1681 329 1808 382 τοῦ-

99 436 163 468 το
207 414 608 485 μηχανᾶσθαι,
663 409 814 475 ὅπως
871 409 1248 486 ἀποφεύξεται
1307 412 1423 465 πᾶν
1470 412 1644 464 ποιῶν
1690 409 1808 465 θά·

99 519 292 553 νατον.
335 501 427 551 καὶ
473 494 584 565 γάρ
630 502 687 550 ἐν
729 506 851 559 ταῖς
875 492 1080 566 μάχαις
1113 492 1380 558 πολλάκις
1423 496 1591 560 δῆλον
1635 499 1810 565 γίγνε-

99 604 220 645 ται,
276 577 366 636 ὅτι
426 578 490 635 τό
534 601 593 650 γε
637 574 963 634 ἀποθανεῖν
1006 577 1148 653 ῥᾷον
1202 576 1275 632 ἄν
1320 599 1400 642 τις
1444 575 1673 651 ἐκφύγοι
1718 582 1810 633 καὶ

99 663 247 721 ὅπλα
291 662 456 739 ἀφεὶς
499 668 590 718 καὶ
634 662 711 739 ἐφ’
765 669 999 718 ἱκετείαν
1043 662 1392 732 τραπόμενος
1429 664 1538 716 τῶν
1583 663 1809 718 διωκόν-

97 766 242 804 των·
310 751 403 802 καὶ
455 745 624 802 ἄλλαι
679 751 923 820 μηχαναὶ
983 751 1185 802 πολλαί
1243 753 1379 801 εἰσιν
1438 753 1497 801 ἐν
1557 745 1809 811 ἑκάστοις

98 843 220 897 τοῖς
262 831 554 897 κινδύνοις,
599 829 732 896 ὥςτε
779 831 1095 906 διαφεύγειν
1126 828 1409 895 θάνατον,
1453 829 1552 885 ἐάν
1578 853 1659 894 τις
1683 836 1810 887 τολ-

97 920 181 988 μᾷ
230 919 347 970 πᾶν
391 926 570 971 ποιεῖν
613 919 705 970 καὶ
750 920 937 986 λέγειν.
985 913 1129 969 ἀλλὰ
1174 914 1251 984 μὴ
1314 914 1379 970 οὐ
1423 913 1569 968 τοῦτ’
1633 908 1664 991 ᾗ
1705 938 1809 987 χα-

99 997 287 1065 λεπόν,
331 992 372 1053 ὦ
419 998 637 1071 ἄνδρες,
683 998 951 1054 θάνατον
995 1005 1277 1073 ἐκφυγεῖν,
1334 995 1479 1052 ἀλλὰ
1526 998 1669 1054 πολὺ
1705 1022 1809 1070 χα-

99 1084 413 1155 λεπώτερον
457 1088 766 1154 πονηρίαν·
815 1086 1044 1137 θᾶττον
1086 1080 1194 1152 γαρ
1243 1081 1512 1136 θανάτου
1556 1087 1671 1138 θεῖ.
1716 1086 1809 1138 καὶ

1848 410 1916 462 39

99 1171 205 1223 νῦν
250 1164 350 1235 ἐγώ
396 1169 498 1237 μὲν
541 1165 641 1222 ἅτε
683 1166 896 1239 βραδύς
939 1165 1017 1220 ὢν
1063 1170 1156 1220 καὶ
1201 1165 1508 1235 πρεσβύτης
1549 1164 1659 1222 ὑπὸ
1706 1171 1807 1223 τοῦ
1845 1181 1893 1234 Β

96 1254 443 1324 βραδυτέρου
502 1250 707 1316 ἑάλων,
767 1257 821 1306 οἱ
878 1249 920 1306 δ’
975 1249 1096 1320 ἐμοὶ
1150 1249 1454 1320 κατήγοροι
1497 1248 1597 1306 ἅτε
1642 1255 1812 1307 δεινοὶ

100 1416 206 1457 Ven.
246 1416 287 1456 Ι).
327 1412 452 1454 Vind.
496 1414 538 1457 3.
581 1414 621 1458 6.
664 1413 766 1456 Flor
806 1429 845 1457 a.
890 1416 931 1457 b.
973 1427 1010 1454 c.
1054 1428 1091 1454 ρ.
1133 1427 1174 1466 g.
1214 1412 1254 1454 h.
1294 1414 1320 1456 i.
1373 1414 1504 1457 Coisl.
1551 1416 1668 1468 Ano.
1706 1416 1809 1458 Par

100 1471 399 1514 BCDEHST.
459 1470 616 1513 Servat
651 1476 795 1514 tamen
827 1473 929 1515 iliud
948 1472 1092 1520 Bodl„
1124 1472 1193 1523 qni
1230 1473 1437 1523 scriptum
1474 1449 1691 1515 exhibet'
1668 1475 1808 1527 ρᾶιον,

102 1543 187 1571 una
221 1543 316 1571 cnm
353 1529 446 1570 vat.
477 1531 657 1582 aliisque
689 1531 810 1572 bonis
847 1530 975 1573 codd.
1035 1529 1244 1571 Nimirum
1269 1541 1355 1570 non
1383 1542 1461 1583 pro
1493 1535 1807 1585 comparativo,

102 1581 181 1629 sed
223 1601 302 1641 pro
346 1587 533 1640 positivo
566 1587 859 1641 accipiendum
904 1594 993 1637 est.
1043 1587 1098 1628 de
1136 1599 1222 1638 quo
1270 1599 1352 1628 usu
1395 1588 1709 1633 v.1,0beck.
1755 1590 1810 1631 ad

106 1645 263 1698 Phryn.
295 1659 334 1698 p.
367 1643 467 1688 403.
499 1644 663 1686 Deinde
695 1646 792 1686 loco
824 1647 935 1698 vulg.
969 1645 1142 1699 τραπεὶς
1171 1658 1194 1685 e
1230 1644 1520 1688 Rod1.cois1
1559 1647 1664 1690 Vnt.
1703 1648 1811 1702 Ven.

102 1703 145 1746 b.
195 1702 316 1744 Vind.
362 1701 404 1745 3.

102 1761 280 1814 psimns.

447 1702 489 1746 4
538 1703 578 1746 6.
610 1702 725 1746 Flor.
761 1703 803 1744 d.
836 1718 873 1745 e.
904 1703 1073 1748 h.1’ar.
1105 1701 1235 1745 DST.
1268 1703 1377 1753 aliis,
1409 1702 1676 1756 τραπόμενος
1705 1706 1810 1747 scri-

215 1818 448 1871 μηχαναι
461 1818 705 1887 πολλαί]
749 1818 822 1860 Sic
853 1818 1004 1871 optimi
1035 1832 1114 1873 pro
1146 1820 1258 1872 vulg.
1292 1819 1441 1860 πολλαὶ
1475 1822 1667 1873 μηχαναι.

216 1876 269 1916 Β.
336 1875 390 1915 οι
425 1870 472 1915 δ’
515 1874 636 1926 ἐμοι
669 1874 1009 1930 κατήγοροι]
1077 1877 1152 1917 Sic
1184 1877 1312 1921 ΒοάΙ
1349 1878 1443 1918 vat.
1471 1879 1582 1920 Ven.
1612 1879 1651 1918 b.
1681 1878 1810 1920 vind.

103 1935 142 1977 1.
173 1933 216 1977 6.
250 1933 366 1976 Flor.
400 1932 440 1976 d.
473 1947 515 1988 g.
550 1934 589 1974 Ιι.
627 1937 721 1975 Par.
754 1934 883 1976 DST.
915 1936 1059 1987 Vulgo
1094 1934 1140 1975 οι
1166 1933 1213 1974 δέ
1241 1949 1326 1985 μου
1361 1949 1398 1975 κ.
1852 1943 1855 1945 ·

102 2049 245 2090 simus
276 2049 526 2100 generalem
563 2049 698 2088 iniert
741 2055 915 2090 senten-

103 2104 234 2147 tiam.
278 2101 372 2147 Οὐκ
397 2101 528 2160 α’ρετᾷ
556 2103 664 2146 κακὰ
696 2106 822 2160 ἔργα·
853 2121 914 2146 κι-

104 2161 223 2215 χάνει
243 2176 308 2203 τοι
329 2160 501 2216 βραδὺς
520 2158 661 2207 mutin:
682 2177 790 2204 non
807 2165 860 2205 fo
875 2178 916 2204 r-

103 2226 315 2261 tunant
343 2222 434 2261 vel
464 2222 638 2262 beant
669 2223 811 2262 mala
842 2223 916 2262 fa-

104 2280 333 2334 oinora;
391 2279 707 2331 tardusque
774 2292 916 2320 asse·

105 2337 572 2388 quiturcelerem.
617 2335 918 2389 Conferripo-

104 2399 190 2435 test
232 2395 364 2434 etiam
400 2395 524 2434 loeus
553 2394 682 2434 Iliad.
716 2394 803 2434 IX.
830 2394 918 2438 498

105 2465 203 2504 sqq.
246 2452 302 2492 de
338 2448 462 2504 Ἄτης
518 2452 613 2492 sive
648 2450 809 2492 Noxae
848 2465 920 2493 ee·

103 2510 279 2549 leritate
321 2514 457 2563 atque
495 2507 640 2550 Λιτων
690 2510 918 2551 tarditate.

106 2565 239 2614 Quod
267 2579 374 2608 vero
417 2563 489 2607 ἅτε
525 2572 627 2607 ante
658 2564 830 2619 βραδύς
860 2563 922 2607 ὢν

106 2630 149 2664 et
189 2623 326 2663 δεινοὶ
364 2626 432 2666 καὶ
466 2619 581 2676 ὀξεῖς
613 2626 922 2678 interponitur,

107 2682 548 2726 sententiahaecest:
578 2682 697 2731 Quu
709 2696 751 2723 m
779 2696 818 2723 m
833 2697 858 2724 o
870 2697 922 2725 rs

106 2740 701 2793 tardior,improbitas
733 2747 828 2781 aut
847 2755 922 2783 em

107 2798 366 2839 velocior
411 2800 508 2851 sit,
552 2808 701 2839 nunc
738 2799 816 2840 ita
851 2801 924 2840 fa-

108 2858 249 2895 ctum
292 2861 405 2908 est,
452 2862 508 2896 ut
549 2868 676 2908 ego,
724 2861 922 2910 utpote

107 2913 311 2953 tardus
343 2920 400 2954 et
429 2926 626 2965 seneX,
674 2926 702 2953 a
745 2921 923 2956 morte

108 2970 209 3010 sim
239 2976 459 3022 captus;
489 2972 811 3012 adversarii
837 2985 922 3013 au-

108 3033 214 3067 tem
250 3029 390 3079 mei,
447 3029 651 3082 quippe
701 3030 791 3081 qui
837 3043 921 3072 va-

108 3085 230 3124 lidi·
275 3085 388 3126 s'int
435 3091 487 3127 et
530 3087 786 3137 veloces,
832 3088 920 3129 im-

109 3143 449 3193 prob-itatem
494 3145 647 3184 nacti
684 3144 803 3184 sint
842 3147 937 3198 ip··

111 3211 171 3239 so
187 3212 209 3240 s
249 3207 687 3255 persequentem.
751 3200 922 3256 Quippe

111 3261 323 3310 utraque,
345 3263 390 3298 et
424 3271 544 3303 mors
574 3265 619 3300 et
650 3259 937 3313 improbitas,·'

114 3314 276 3355 dicitur
328 3327 428 3357 eum
474 3322 735 3370 essequam,
791 3329 919 3369 quem

114 3384 197 3422 pro
229 3371 590 3416 virium⁴³ratione
620 3374 794 3415 facilius
818 3388 922 3427 pos-

115 3434 182 3469 set
212 3432 421 3484 consequi
450 3438 782 3485 atquecapere.
838 3432 926 3475 Re·

171 3499 285 3541 Plat.
318 3500 354 3541 Ι.
386 3503 489 3543 Vol.
521 3503 559 3542 Ι.
599 3503 646 3544 Ρ.
679 3503 708 3542 1.

999 2051 1202 2090 feruntur
1254 2062 1360 2090 vero
1422 2051 1476 2090 ad
1522 2063 1569 2091 se
1618 2050 1808 2091 invicem

1000 2105 1171 2160 βραδὺς
1209 2107 1278 2146 καὶ
1326 2104 1573 2160 πρεσβύτης
1602 2114 1645 2148 et
1675 2105 1808 2147 δεινοὶ

1002 2165 1070 2204 καὶ
1113 2160 1254 2215 ὀξεῖς,
1294 2165 1356 2205 ita
1402 2166 1601 2216 quidem,
1640 2168 1688 2205 ut
1727 2178 1810 2217 per

1000 2223 1242 2262 chiasmum
1297 2223 1514 2263 vocabulo
1564 2220 1812 2276 πρεσβύτης

1002 2285 1251 2332 opponatur
1296 2277 1451 2331 δεινοί,
1494 2282 1657 2333 quippe
1693 2282 1812 2333 quod

1003 2338 1206 2389 designet
1261 2338 1497 2378 iuvenilem
1547 2339 1636 2378 vim
1679 2344 1812 2391 atque

1001 2395 1346 2444 vehementiam3
1377 2396 1431 2435 ad
1467 2392 1637 2447 βραδύς
1666 2401 1811 2436 autem

999 2454 1219 2505 pertineat
1250 2446 1377 2503 ὀξεῖς.
1416 2452 1506 2493 Pro
1540 2451 1814 2506 Betvoc'quod

1002 2523 1090 2550 non
1128 2511 1241 2550 dixit
1270 2508 1386 2557 νέοι,
1431 2512 1561 2551 sicuti
1599 2512 1809 2563 scriptum

1005 2569 1146 2608 voluit
1175 2568 1243 2608 vir
1273 2568 1427 2609 doctus
1459 2570 1505 2608 in
1527 2570 1690 2609 Annal.
1714 2569 1810 2609 Lit-

1004 2631 1085 2666 ter.
1124 2625 1304 2667 Jenens.
1349 2639 1388 2669 a.
1433 2625 1560 2670 1817.
1610 2640 1654 2679 p.
1695 2626 1810 2677 153„

1006 2689 1284 2724 accusatores
1317 2689 1360 2723 et
1390 2684 1582 2736 iudices,
1620 2685 1696 2736 qui
1728 2683 1811 2725 So·

1007 2746 1171 2782 cra-tem
1210 2742 1640 2793 condemnaverant,
1696 2747 1812 2783 certe

1007 2812 1100 2839 non
1128 2811 1279 2839 omnes
1314 2800 1569 2851 simpliciter
1597 2798 1689 2840 νέοι
1729 2813 1810 2853 po-

1006 2862 1185 2897 tuerunt
1205 2858 1437 2909 appellari.
1469 2858 1564 2899 Nee
1586 2870 1691 2898 vero
1713 2859 1809 2898 sine

1007 2927 1163 2959 caussa
1194 2914 1402 2955 Socrates
1443 2926 1525 2957 eon
1560 2921 1690 2956 vocat
1726 2929 1808 2967 po·

1005 2974 1091 3013 tius
1130 2969 1328 3020 δεινούς,
1371 2973 1543 3014 etiamsi
1584 2974 1639 3013 de
1678 2974 1811 3013 robu-

1005 3031 1140 3070 stiore
1175 3031 1373 3083 ipsorum
1410 3036 1553 3072 aetate
1601 3032 1710 3071 velit
1743 3043 1814 3071 co-

1006 3088 1154 3140 gitari.
1183 3103 1191 3108 ·
1217 3087 1416 3128 Chiasmi
1455 3090 1582 3130 istius
1612 3089 1815 3141 ‘exempla

1006 3145 1253 3193 notavimus
1270 3145 1327 3186 ad
1351 3145 1538 3187 Phaedr.
1559 3160 1599 3199 p.
1621 3146 1720 3189 230.
1739 3147 1806 3189 A.

1007 3202 1192 3248 Theaet.
1219 3215 1263 3255 p.
1295 3202 1393 3246 140.
1432 3205 1485 3244 Ε.
1530 3203 1735 3245 Parmen.
1765 3217 1810 3255 ρ.

1006 3260 1106 3303 131.
1135 3259 1195 3300 A.
1222 3260 1294 3300 De
1323 3259 1436 3312 nep.
1467 3261 1529 3302 ΙΙ.
1558 3276 1600 3315 p.
1636 3262 1736 3305 370.
1757 3262 1810 3300 Ε.

1006 3318 1086 3360 VI.
1135 3330 1177 3369 p.
1211 3317 1318 3362 494.
1365 3319 1420 3361 E.
1473 3319 1569 3362 Pol.
1614 3319 1712 3363 261.
1751 3319 1809 3357 D.

1007 3375 1206 3428 Sympos.
1236 3388 1278 3427 p.
1309 3375 1409 3419 186.
1439 3378 1488 3419 Α.
1515 3378 1577 3418 ‚aL
1609 3378 1810 3417 Ceterum

1008 3434 1118 3473 ludit
1135 3433 1180 3473 in
1199 3433 1484 3484 ambiguitate
1501 3435 1621 3474 verbi
1641 3431 1808 3477 ἁλῶναι,

1391 3505 1449 3553 11
