2158 3718
473 22 476 30 .
527 24 550 41 ,η
671 0 1187 42 Wfflffisswrz‘fflff
1214 0 1360 30 >ww
1388 0 1531 20 ε
1614 0 1854 17 ιι

533 34 535 42 .
646 37 654 51 2
692 31 717 54 μοι
754 33 808 58 ,.
833 27 1012 61 ,Ι,,”·ιῑξ“,·-;ᾒ
1050 30 1053 34 ’
1155 39 1157 42 <
1194 35 1195 38 ¹
1270 38 1297 51 .<
1336 30 1338 33 '
1456 27 1458 30 '

829 126 1088 171 ruffino
1118 141 1166 184 p.
1187 129 1258 171 ss.
1818 126 1920 180 201

157 269 230 325 σὺ
268 271 445 340 λέγεις
482 267 872 338 ξυγχωρήσειε,
913 265 1048 330 δούς
1071 263 1236 336 ,αὐτῷ
1272 261 1560 335 μὴμόνον
1587 264 1651 318 ἐν
1687 269 1762 336 τῷ
1789 267 1924 335 πρὶν

157 356 251 409 καὶ
296 353 561 424 γενέσθαι
605 349 748 422 ἡμᾶς
793 351 976 422 χρόνῳ
1022 346 1164 405 εἶναι
1209 348 1369 420 ἡμῶν
1405 346 1502 412 τοὶς
1538 348 1744 418 ψυχάς,
1784 347 1925 402 ἀλλὰ

156 438 332 509 μηδὲν
369 436 610 491 κωλύειν
647 436 740 489 καὶ
780 433 1007 489 ἐπειδὰν
1045 434 1419 503 ἀποθάνωμεν
1459 433 1627 486 ἐνίων
1664 435 1744 487 ἔτι
1782 429 1926 487 εἶναι

157 524 255 576 καῖ
288 525 517 577 ἔσεσθαι
564 520 657 574 καὶ
703 520 971 583 πολλάκις
1006 520 1345 591 γενήσεσθαι
1381 518 1475 571 καὶ
1512 515 1927 571 ἀποθανεῖσθαι

158 599 326 670 αὖθις
339 625 349 635 ·

157 691 314 754 λάκις
360 689 699 759 γιγνομένην
744 688 847 758 τὴν
895 687 1080 758 ψυχὴν
1127 686 1400 757 ἀντέχειν·

410 604 556 659 οὕτω
594 603 701 675 γὰρ
741 602 877 657 αὐτὸ
916 603 1086 674 φύσει
1124 601 1356 673 ἰσχυρὸν
1395 598 1564 669 εἶναι,
1616 599 1750 665 ὤςτε
1786 605 1926 655 πολ-

1460 683 1595 749 δούς
1636 685 1704 758 δὲ
1749 689 1925 740 ταῦτα

158 776 340 829 ἐκεῖνο
386 773 578 844 μηκέτι
625 776 972 844 συγχωροίη,
1021 771 1093 843 μὴ
1143 769 1211 826 οὐ
1257 780 1453 824 πονεῖν
1490 767 1668 839 αὐτὴν
1708 770 1771 824 ἐν
1808 778 1928 833 ταῖς

268 933 315 976 Ρ.
338 921 406 975 88.
460 925 617 986 ἡμῶν
657 924 757 979 τὰς
799 924 1003 985 ψυχάς]
1044 930 1182 982 Vulgo
1214 923 1302 982 τὴν
1329 922 1506 982 ψυχήν.
1549 927 1631 968 Sed
1662 923 1746 976 τὰς
1766 922 1927 983 ’ψυχάς

155 989 279 1030 Bodl.
301 990 408 1030 Tub.
420 990 528 1029 Ven.
543 988 593 1029 H
612 1001 665 1027 ex
687 1000 794 1030 corr
818 988 950 1028 Vind.
966 988 1006 1028 T
1023 987 1118 1029 Zitt.
1109 1017 1139 1039 .,
1163 987 1276 1038 quod
1300 986 1521 1025 ediderunt
1543 985 1927 1025 etiamTuricenses

159 1052 199 1086 et
219 1046 360 1086 Herm.
386 1044 498 1085 conf.
520 1051 659 1084 tamen
682 1045 736 1083 87
758 1044 791 1083 E
813 1051 918 1086 extr.
942 1056 985 1096 p.
1010 1043 1064 1084 86
1087 1041 1173 1083 CE.
1196 1055 1238 1096 p.
1260 1042 1314 1082 95
1335 1041 1384 1081 Β.

270 1110 374 1169 τὴν
411 1106 625 1168 ψυχήν]
669 1113 903 1153 Articulum
933 1113 986 1153 ab
1016 1112 1109 1152 aliis
1141 1112 1336 1152 omnibus
1367 1111 1570 1151 omissum
1592 1109 1735 1150 addidi
1757 1122 1809 1150 ex
1829 1111 1927 1151 Vat.

155 1171 249 1211 Par.
271 1171 352 1212 Ac
381 1171 523 1211 Ambr.
554 1169 661 1210 Flor.
686 1181 710 1208 a
733 1181 755 1207 c
777 1169 805 1208 d
824 1182 880 1212 m.
922 1169 1028 1209 Dein
1059 1174 1157 1211 vett
1192 1169 1305 1208 editt.
1330 1161 1496 1220 μηκέτι
1519 1160 1688 1219 ἐκεῖνο,
1712 1179 1836 1231 quem
1859 1179 1928 1207 or-

157 1227 298 1268 dinem
322 1240 344 1266 e
363 1227 484 1269 Bodl.
511 1227 607 1268 Vat.
639 1225 747 1266 Ven.
771 1224 874 1272 ΞΠ
898 1226 1008 1266 Flor.
1031 1225 1058 1265 d
1086 1225 1184 1265 Zitt.
1215 1223 1455 1266 Vind.¹1‘d⁵
1484 1223 1631 1264 Amhr.
1654 1223 1926 1265 mutavimus.

155 1284 238 1324 Pro
262 1286 499 1338 συγχωροῑ
513 1283 693 1326 Bekker.
716 1295 769 1322 ex
793 1281 936 1330 Coisl„
956 1293 1034 1322 nos
1057 1294 1079 1320 e
1098 1281 1247 1324 Flor.b
1270 1278 1532 1335 σνγχωροιή
1556 1279 1821 1333 scripsimUS.
1847 1279 1927 1320 Ce-

156 1348 272 1381 terae
294 1342 409 1382 editt.
431 1342 677 1393 συγχωροῖ.

156 1475 301 1522 πλέον
323 1475 391 1522 ἔτι
411 1480 470 1519 ita
489 1480 723 1533 praemissa
745 1485 864 1528 sunt,
896 1477 1000 1518 nihil

157 1549 261 1578 sane
282 1536 544 1588 frequentius
568 1544 631 1576 est
650 1535 730 1575 hoc
750 1535 999 1589 hyperbato,

155 1594 199 1634 in
240 1605 321 1644 quo
362 1593 506 1633 nescio
547 1605 619 1632 cur
647 1591 998 1633 Schleierma—

156 1648 292 1690 cher.
324 1650 428 1690 adeo
461 1649 702 1697 offenderit,
731 1656 778 1689 ut
804 1647 1002 1688 maluerit

156 1707 295 1747 locum
317 1706 556 1746 coniectura
577 1713 750 1746 tentare.
794 1704 870 1746 Cui
894 1716 1001 1754 quo-

158 1763 272 1803 niam
294 1762 417 1803 video
449 1761 642 1814 exempla
663 1763 715 1802 ab
735 1762 862 1801 Hein
877 1761 1002 1801 dor-

157 1819 194 1860 f
183 1831 230 1860 10
260 1818 387 1859 allata
415 1830 499 1858 non
528 1817 803 1870 satisfecisse,
826 1817 905 1857 alia
927 1816 1002 1856 ad-

157 1875 258 1916 dere
279 1887 364 1915 non
386 1875 462 1915 erit
485 1886 863 1938 supervacaneum.
893 1873 999 1915 Plat.

155 1932 287 1998 Legg.
317 1933 350 1985 Ι,
381 1944 423 1998 p.
447 1934 529 1973 636
551 1931 582 1970 Β
611 1927 695 1972 καὶ
724 1923 784 1984 δὴ
807 1927 891 1971 καὶ
911 1942 1003 1970 πα-

159 1984 296 2030 λαιὸν
344 2000 546 2042 νομιμον
595 1986 732 2028 δοκεῖ
768 1985 907 2028 τοῦτο
948 1981 999 2026 τὸ

158 2037 454 2110 ἐπιτήδευμα
474 2036 597 2085 κατὰ
619 2036 766 2108 φύσιν
787 2036 872 2090 τὰς
893 2038 1002 2106 περὶ

157 2095 218 2142 τὰ
256 2093 519 2167 ἀφροδίσια
549 2093 732 2166 ηὸονὰς
762 2091 819 2139 οὐ
854 2092 1001 2151 μόνον

158 2149 442 2222 ἀνθρώπων,
462 2151 581 2197 αλλα
598 2154 681 2196 καὶ
697 2154 883 2208 θηρίων
906 2153 1003 2194 διε-

159 2208 454 2276 φθαρκέναι,
484 2212 557 2252 ubi
586 2224 626 2254 v.
651 2219 794 2250 annot
837 2210 1000 2251 Politic.

158 2283 201 2323 p.
226 2268 350 2310 2730
371 2262 454 2309 τὸν
476 2260 711 2322 ἐγγύτατα
733 2259 903 2320 χρόνον
925 2258 1002 2306 αεὶ

159 2324 245 2380 τῆς
287 2317 517 2377 αφέσεως.
560 2324 613 2366 ef.
648 2322 899 2363 Matthiae
931 2322 1000 2363 G1.

160 2381 200 2433 §.
220 2383 315 2423 278.
333 2383 374 2424 2.
397 2381 541 2432 Neque
560 2386 699 2420 tamen
722 2379 1001 2419 nuncHein-

161 2437 326 2479 dorfii
346 2439 507 2477 ratione
534 2437 855 2487 acquiescimus.
897 2435 1002 2475 Nam

160 2495 238 2535 etsi
264 2493 367 2534 haec
395 2494 450 2533 ad
478 2493 695 2534 Simmiam
731 2493 817 2532 dici
857 2492 1002 2541 utique

159 2551 284 2591 nobis
325 2550 687 2604 persuaserimus‚
737 2555 876 2588 tamen
918 2543 1002 2589 καὶ

157 2603 303 2649 πλέον
344 2601 412 2648 ἔτι
452 2619 546 2646 cum
576 2599 890 2672 ξυγχωρησειε
930 2616 1000 2644 co-

157 2663 331 2703 haerere
351 2675 599 2712 censemus3
629 2662 692 2718 τῷ
717 2657 901 2715 λέγοντι
923 2673 998 2700 au-

159 2728 244 2761 tem
264 2721 588 2773 interpretamur
609 2706 922 2769 disserenti,
954 2716 1001 2756 ei

161 2777 246 2827 qui
293 2776 744 2816 immortalitatem
801 2774 1000 2813 animo-

159 2845 270 2872 rum
300 2832 562 2882 defendit,
595 2839 721 2883 atque
741 2845 770 2883 η
793 2820 824 2870 ἆ
847 2841 903 2870 συ
928 2826 1001 2870 λέ-

160 2901 257 2951 γεις
285 2896 483 2941 putamus
512 2889 624 2928 idem
655 2899 748 2928 esse
778 2887 891 2951 quod
917 2876 948 2939 ἢ
971 2899 1000 2926 οι

162 2937 218 2984 σὺ
259 2946 526 2997 συγχωρεῖς.
574 2944 776 2991 Quocirca
814 2943 1003 2983 universi

160 3000 244 3040 loci
264 3000 513 3038 seutentiam
538 2999 646 3039 hanc
667 3011 760 3039 esse
781 3007 1000 3051 putamus:

162 3056 282 3096 Nam
313 3055 522 3095 etiamsi
553 3055 671 3106 quis
693 3055 760 3104 ei,
785 3054 870 3105 qui
891 3055 1001 3094 dis-

163 3112 295 3152 serit
324 3111 381 3152 de
412 3111 696 3150 animorum
732 3110 999 3150 immorta-

161 3169 317 3208 litate
338 3179 555 3218 eamque
585 3166 846 3215 defendit,
868 3167 998 3207 adeo

162 3225 338 3278 plura,
369 3236 519 3275 quam
549 3231 622 3271 tu,
664 3222 890 3273 Simmia,
922 3222 1001 3262 di·

163 3281 239 3321 cis
269 3279 607 3320 concedenda
636 3291 778 3328 esse,
798 3277 999 3344 larg-ia-

161 3345 246 3376 tur
268 3337 634 3386 concedatque
664 3335 813 3374 etiam
843 3335 999 3374 animi

163 3394 261 3432 vim
311 3405 418 3432 eam
469 3405 607 3442 esse,
660 3403 789 3442 quae
840 3390 999 3430 multa

165 3449 417 3501 deinceps
439 3460 658 3502 corpora
685 3460 775 3501 per
796 3447 997 3499 longis-

1087 1478 1265 1518 simum
1323 1484 1522 1529 tempus
1574 1488 1833 1530 occupare
1883 1483 1929 1517 et

1087 1532 1390 1575 inhabitare
1431 1540 1586 1584 queat
1625 1533 1758 1585 (quod
1788 1534 1930 1586 ipsum

1087 1589 1284 1631 Simmias
1325 1588 1535 1643 negavit);
1586 1598 1758 1629 tamen
1807 1591 1930 1631 inde

1088 1647 1309 1687 nondum
1351 1646 1717 1698 consequitur,
1763 1654 1811 1686 ut
1853 1648 1928 1687 ei-

1089 1704 1197 1744 dem
1229 1704 1386 1743 etiam
1416 1702 1793 1742 immortalitas
1815 1703 1929 1742 ani-

1088 1772 1285 1800 morum
1328 1759 1666 1800 concedenda
1706 1759 1793 1802 sit.
1834 1758 1926 1800 Se-

1090 1817 1267 1868 quitur
1288 1815 1420 1855 enim
1451 1827 1509 1854 ex
1531 1815 1640 1855 illis
1662 1814 1755 1856 hoc
1776 1828 1929 1856 uuum

1088 1881 1309 1923 tantum,
1353 1871 1510 1910 animi
1546 1871 1647 1910 vim
1678 1884 1795 1912 esse
1823 1884 1927 1912 ma-

1088 1930 1224 1968 xime
1288 1929 1600 1975 diuturnam,
1667 1936 1930 1968 aeternam

1090 1997 1196 2025 eam
1235 1997 1354 2024 esse
1390 1991 1545 2034 atque
1587 1984 1930 2024 immortalem

1090 2053 1186 2080 non
1235 2041 1494 2090 sequitur.
1562 2038 1747 2080 Potest
1796 2041 1931 2080 enim

1089 2098 1291 2137 animus
1320 2098 1370 2136 in
1400 2096 1578 2136 multis
1615 2096 1731 2137 illis
1768 2109 1930 2149 gene-

1090 2153 1390 2193 rationibus
1419 2152 1698 2206 paullatim
1727 2153 1928 2194 viribus

1090 2209 1322 2250 deficere
1365 2216 1411 2248 et
1450 2208 1737 2258 aliquando
1778 2221 1930 2262 pror-

1090 2279 1178 2306 sus
1200 2266 1436 2307 interire.
1483 2264 1546 2308 Cf.
1566 2264 1675 2304 infra
1696 2278 1737 2318 p.
1763 2266 1816 2307 95
1839 2265 1928 2307 CD.

1146 2335 1291 2363 ουτω
1313 2314 1465 2388 γὰρ
1438 2313 1578 2361 αυτὸ
1603 2314 1776 2373 φύσει
1799 2318 1925 2390 ἰσχ]

1088 2379 1325 2419 Pronomen
1348 2371 1465 2419 αυτό
1482 2377 1658 2417 refertur
1678 2378 1731 2418 ad
1751 2384 1929 2439 ψυχην.

1089 2435 1202 2476 Infra
1230 2448 1272 2488 p.
1299 2436 1377 2475 109
1399 2436 1435 2474 A
1475 2426 1699 2487 πάμμεγοῖ
1726 2447 1771 2474 τι
1805 2438 1931 2477 εἰναι

1088 2484 1222 2542 αὐτό,
1250 2492 1325 2532 int.
1355 2484 1443 2543 τὴν
1464 2488 1568 2545 γῆν.
1611 2490 1737 2530 Plura
1757 2491 1811 2531 ad
1831 2491 1931 2532 Phi-

1086 2548 1168 2588 leb.
1201 2560 1240 2600 p.
1273 2548 1326 2587 28
1357 2548 1388 2586 A
1436 2547 1528 2588 coll.
1567 2546 1816 2587 Matthiae
1857 2548 1927 2592 Gr.

1088 2606 1129 2655 S.
1152 2605 1248 2645 439.
1272 2604 1440 2643 Poterat
1460 2603 1588 2668 igitur
1610 2603 1809 2670 deinceps
1831 2616 1928 2657 per-

1086 2673 1186 2724 gere
1204 2659 1284 2700 hoc
1305 2660 1454 2700 modo:
1478 2652 1591 2707 ω’ςτε
1611 2660 1839 2708 πολλακις
1860 2674 1931 2725 γι-

1087 2709 1319 2771 γνόμενον
1360 2708 1590 2769 αντέχειν.
1643 2715 1727 2756 Sed
1766 2717 1932 2781 perspi-

1086 2774 1255 2813 enitatis
1273 2785 1403 2812 causa
1420 2773 1522 2812 dicit
1542 2768 1827 2839 γιγνομένην
1843 2766 1930 2826 τὴν

1086 2821 1492 2883 ψυχὴναντέχειν.
1507 2821 1930 2883 Οθῑειιιιιιᾶντέχειν

1085 2899 1262 2940 prorsus
1302 2886 1531 2938 respondet
1570 2892 1711 2925 nostro
1748 2886 1930 2925 wider-

1087 2943 1292 2993 halten,
1333 2943 1362 2985 i.
1395 2954 1430 2982 e.
1473 2942 1680 3005 durare,
1724 2954 1931 2995 perma-

1088 3011 1236 3051 nere,
1262 2994 1524 3052 διαμένειν,
1548 2990 1797 3047 σωζεσθαι,
1823 3010 1930 3048 quo—

1086 3055 1210 3095 modo
1233 3068 1258 3095 a
1278 3054 1540 3095 Dinarcho
1561 3061 1809 3106 usurpatum
1834 3065 1929 3094 esse

1086 3111 1166 3151 hoc
1193 3112 1368 3151 verbum
1400 3110 1592 3151 Suidas
1615 3111 1736 3149 docet
1757 3122 1796 3151 v.
1819 3122 1930 3150 αντ-

1087 3163 1198 3220 ἑχει
1240 3168 1430 3207 Eundem
1463 3166 1575 3206 verbi
1613 3178 1735 3204 usum
1765 3165 1926 3206 notavi·

1085 3236 1179 3264 mus
1209 3224 1268 3264 De
1296 3225 1402 3277 Rep.
1436 3224 1507 3264 VI.
1540 3235 1580 3274 p.
1605 3223 1687 3261 492
1712 3221 1764 3270 C,
1796 3222 1866 3262 ubi
1888 3235 1927 3262 v.

1085 3292 1184 3322 ann.

1143 3329 1278 3384 δοὺς
1309 3332 1368 3376 δὲ
1399 3333 1584 3375 ταῦτα
1607 3326 1801 3374 ἐκεῖνο
1822 3346 1927 3386 μη·-

1085 3387 1208 3432 κέτι
1239 3390 1410 3445 συγχ.]
1449 3391 1662 3430 Pe1tinent
1690 3390 1791 3429 haec
1822 3400 1924 3439 quo-

1086 3460 1167 3498 que
1201 3449 1253 3488 ad
1289 3447 1478 3501 protasin
1525 3446 1621 3486 inde
1659 3459 1683 3485 a
1711 3445 1852 3485 verbis
1885 3440 1929 3485 εἰ
